1890 3236
279 176 379 222 326
746 173 983 218 GEORGlI
1018 173 1261 218 CEDRENI

277 288 507 346 ἀριστίνδην
537 283 686 337 ταύτας
718 283 937 330 ἰθύνεσθαι
967 286 1034 328 καὶ
1065 283 1158 328 κατ’
1195 285 1382 342 ἔπιλογὴν
1415 284 1580 340 ἐθέλων,
1629 285 1727 346 ὅπερ

278 356 393 414 ἔργον
411 356 494 398 ἐστὶ
513 357 840 411 μεγαλοπρεποῦς
860 354 1064 405 ἐξουσίας,
1109 352 1213 396 ἀλλὰ
1236 357 1295 412 τῷ
1313 352 1583 410 παρατυχόντι
1595 354 1729 414 ἀρχὴν

277 420 536 478 ἐμπιστεύων,
570 423 811 478 στρατηγίαν
833 421 953 476 τυχὸν
972 421 1000 475 ἢ
1019 422 1294 479 πολιταρχίαν,
1335 419 1642 476 ἀδοκιμάστως,
1659 421 1729 475 ’ὡς

277 493 321 534 ἐκ
338 488 482 533 τούτου
502 494 706 544 συμβῆναι
724 487 855 533 πάντα
871 489 959 532 τινὰ
972 491 1144 544 χυδαῖον
1163 491 1230 532 καὶ
1252 489 1566 544 διαβεβλημένον
1585 491 1730 543 devote

275 559 465 614 μεγίστας
479 562 559 600 τῶν
579 562 791 600 πολιτικῶν
811 558 946 614 ἀρχῶν
965 559 1286 614 προχειρίζεσθαι
1298 589 1311 610 ,
1339 558 1470 600 πολλὰ
1493 557 1597 616 πρὸς
1609 562 1763 606 τοῧεοό

279 624 547 682 συνεργούσης
564 628 630 668 καὶ
643 623 805 682 Ἑλένης
823 631 895 681 τῆς
912 627 1039 669 αὐτοῦ
1055 630 1230 683 γαμετῆς
1247 627 1315 668 καὶ
1338 627 1547 670 Βασιλείου
1564 631 1638 671 τοῦ
1651 643 1732 670 παι-
1773 670 1776 673 ⁴

281 694 583 752 ρακοιμωμένου
593 725 607 746 ,
642 694 783 745 ὠνίους
804 695 877 744 τὰς
895 694 1025 751 ἀρχὰς
1042 702 1165 737 ποιεῖν
1183 691 1580 750 παρασκευαζόντων.

228 770 260 805 C
420 762 482 805 Οὔ
505 760 734 806 παντάπασι
761 764 805 806 δὲ
832 762 1000 820 ἄμοιρος
1021 758 1069 818 ἦν
1089 765 1155 805 καὶ
1180 761 1361 818 πράξεων
1381 762 1551 818 ἀγαθῶν
1567 759 1590 805 ὅ
1609 763 1733 806 Κων-

279 835 497 881 σταντΐνος.
563 829 589 886 ἦ
619 831 696 888 γὰρ
723 831 899 888 ῥηθῆναι
925 831 1129 885 μέλλουσα
1150 830 1392 887 ἀξιάγαστος
1409 825 1512 874 οὖσα
1531 832 1600 874 καὶ
1620 833 1735 874 θαυ-

277 898 416 954 μαστὴ
445 898 674 942 ε’πισκιάσαι
706 900 842 954 ἴσχυσε
864 901 931 942 καὶ
952 900 1192 957 ἀμαυρῶσαι
1214 899 1342 942 πολλὰ
1365 902 1445 941 τῶν
1468 899 1595 943 αὖτοῦ
1612 899 1732 942 ἔλατ·
1743 905 1789 942 10

277 964 488 1021 τωμάτων.
555 967 631 1017 τὰς
650 967 728 1025 γὰρ
749 966 970 1023 ἐπιστήμας
978 1000 992 1019 ,
1027 967 1296 1025 ἀριθμητικὴν
1318 966 1518 1022 μουσικὴν
1537 967 1734 1025 ἀστρονο-

281 1036 378 1089 μίαν
399 1036 641 1092 γεωμετρίαν
659 1039 962 1092 στερεομετρίαν
983 1038 1049 1078 καὶ
1072 1035 1145 1091 τὴν
1166 1037 1207 1078 ἓν
1227 1033 1377 1086 πάσαις
1397 1034 1542 1089 ἔποχον
1565 1039 1735 1094 φιλοσο-

282 1105 396 1161 φίαν,
444 1104 487 1145 ἐκ
515 1109 675 1160 μακροῦ
699 1103 849 1161 χρόνου
881 1105 1046 1164 ἀμελείᾳ
1076 1106 1143 1147 καὶ
1176 1104 1339 1163 ἀμαθία
1369 1107 1449 1146 τῶν
1480 1102 1735 1161 κρατούντων

281 1171 535 1222 ἀπολωλυίας
553 1174 678 1232 οἰκεία
695 1175 853 1230 σπουδῇ
875 1171 1141 1228 ἀνεκτήσατο,
1178 1172 1272 1223 τοὺς
1299 1171 1368 1229 ἔφ’
1403 1169 1553 1229 ἑκάστῃ
1581 1169 1735 1215 τούτων

281 1241 471 1295 ἀρίστους
490 1257 532 1284 τε
553 1242 620 1283 καὶ
646 1243 836 1296 δοκίμους
858 1240 1110 1296 ἀναζητήσας
1133 1242 1200 1283 καὶ
1225 1238 1352 1296 εὑρὼν
1373 1240 1440 1282 καὶ
1465 1238 1734 1290 διδασκάλους
1745 1243 1789 1287 15

281 1307 499 1362 ἐπιστήσας
511 1340 525 1360 ,
559 1311 625 1351 καὶ
648 1310 742 1360 τούς
767 1312 1011 1360 σπουδαίους
1028 1308 1323 1363 ἀποδεχόμενός
1344 1324 1386 1351 τε
1404 1309 1470 1350 καὶ
1492 1311 1735 1366 συγκροτῶν.

283 1376 346 1418 διὸ
369 1379 435 1418 καὶ
458 1377 532 1429 τὴν
551 1377 716 1434 ἀλογίαν
741 1376 946 1428 ἀπελάσας
965 1378 1038 1421 οὗκ
1057 1378 1098 1420 ἓν
1116 1381 1262 1435 μακρῷ
1280 1380 1338 1434 τῷ
1355 1374 1490 1434 χρόνῳ
1514 1376 1577 1419 ἐπὶ
1598 1375 1644 1420 τὸ
1664 1379 1737 1418 λο-

230 1453 263 1488 D
287 1443 500 1501 γικιῦτερον
525 1445 821 1503 μετερρύθμισε
847 1446 892 1489 τὸ
922 1448 1153 1501 πολίτευμα.
1221 1443 1447 1500 ἐπεμελήθη
1479 1445 1524 1487 δὲ
1557 1446 1624 1488 καὶ
1656 1447 1738 1488 τῶν

282 1512 500 1565 βαναύσων
522 1515 588 1556 καὶ
605 1516 886 1572 χειρωνήκτων
905 1519 1066 1569 τεχνῶν,
1110 1515 1176 1556 καὶ
1202 1517 1257 1563 εἷς
1276 1514 1452 1555 ἐπίδοσιν
1470 1511 1648 1568 μεγάλην
1667 1513 1737 1555 καὶ

283 1579 436 1631 ταύτας
455 1580 674 1638 ἀνήνεγκεν.
742 1577 792 1637 ἦν
821 1583 864 1625 δὲ
890 1585 957 1624 καὶ
987 1583 1037 1626 τὰ
1064 1583 1165 1640 πρὸς
1186 1581 1284 1624 θεὸν
1306 1579 1471 1635 εὐσεβὴς
1489 1583 1554 1623 καὶ
1576 1579 1792 1639 ‹peston-20

285 1666 377 1703 μος,
402 1650 600 1705 μηδέποτε
619 1651 660 1693 ἐν
679 1658 767 1701 ταῖς
784 1651 884 1708 πρὸς
900 1651 999 1695 θεὸν
1019 1656 1203 1699 τυπικαῖς
1223 1654 1303 1692 τῶν
1321 1650 1446 1691 θείων
1466 1653 1572 1692 ναῶν
1589 1665 1739 1707 προσε-

286 1716 443 1760 λεύσεσι
474 1718 585 1769 κενὸς
604 1720 670 1761 καὶ
690 1718 871 1774 ἄκαρπος
889 1719 1035 1777 ὀφθεὶς
1054 1723 1113 1777 τῷ
1133 1722 1240 1775 θεῷ,
1276 1717 1369 1760 ἀλλ’
1393 1715 1633 1772 ἀναθήμασι
1657 1719 1740 1760 δω-

287 1783 479 1842 ρούμενος
496 1789 810 1846 μεγαλοπρεπέσι
826 1789 893 1830 καὶ
916 1789 1159 1845 φιλοχρίστῳ
1180 1789 1345 1840 βασιλεῖ
1357 1786 1587 1842 πρέπουσιν.
1624 1784 1740 1840 ἠμεί-

378 1903 423 1939 12
442 1902 554 1939 πᾶσιν
575 1904 606 1939 Ρ
746 1906 789 1942 13
809 1902 955 1953 ἀμαθίᾳ
976 1904 1040 1941 καὶ
1062 1901 1211 1952 ἀμελείᾳ
1239 1905 1269 1940 C
1408 1905 1454 1940 14
1472 1899 1683 1938 ἀνεσώσατο
1707 1901 1739 1937 G

280 2002 424 2048 ligebat,
460 2007 551 2050 quod
573 2006 712 2052 dignum
736 2008 862 2043 fuisset
885 2008 1065 2053 magnifica
1089 2010 1277 2053 potestate:
1304 2006 1365 2041 sed
1389 2005 1585 2051 promiscue
1606 2010 1641 2039 et
1663 2004 1740 2040 sine

283 2050 353 2084 ullo
383 2052 540 2086 examine
573 2053 746 2088 exercitus
780 2055 926 2089 ducendi
959 2061 1019 2088 aut
1049 2054 1144 2088 urbis
1168 2054 1415 2097 gubernandae
1439 2063 1559 2086 munus
1583 2051 1741 2097 proximo

286 2096 412 2140 cuique
434 2100 690 2142 committebat3
729 2111 797 2145 quo
823 2102 948 2134 factum
973 2106 1028 2134 est
1051 2105 1089 2134 ut
1112 2100 1208 2133 multi
1231 2099 1360 2145 plebeii
1382 2104 1443 2132 aut
1461 2097 1619 2143 culpatae
1644 2097 1741 2131 vitae

284 2141 440 2176 homines
463 2155 612 2178 summos
638 2145 674 2179 in
697 2157 737 2180 re
760 2146 897 2190 publica
917 2151 1079 2190 gererent
1101 2145 1264 2179 honores.
1312 2145 1357 2178 ad
1381 2155 1482 2188 quam
1505 2155 1578 2178 rem
1600 2141 1740 2178 multum

287 2189 514 2224 conferebant
539 2190 670 2225 Helena
694 2191 848 2236 Augusta
882 2198 918 2226 et
949 2191 1094 2226 Basilius
1118 2190 1403 2226 cubiculariorum
1427 2189 1586 2234 intimus,
1621 2188 1682 2234 qui
1704 2188 1742 2222 id

285 2235 436 2277 agebant
461 2241 498 2268 ut
519 2236 661 2271 venales
681 2244 798 2271 essent
822 2237 1054 2281 magistratus.

381 2281 505 2325 Neque
526 2287 640 2317 tamen
661 2295 802 2328 prorsus
825 2284 934 2317 omnis
956 2282 1124 2327 praeclari
1148 2279 1314 2316 facinoris
1338 2292 1464 2325 expers
1486 2280 1553 2315 fuit
1568 2279 1745 2314 Constan-

288 2325 400 2359 tinus:
426 2338 527 2361 unum
553 2329 641 2363 enim
665 2330 975 2374 referamdignum
1002 2329 1158 2373 profecto
1183 2327 1431 2370 admiratione,
1466 2332 1503 2360 et
1523 2326 1617 2370 quod
1641 2325 1746 2360 multa

291 2371 364 2404 eius
388 2380 534 2416 peccata
557 2376 744 2409 obscurare
769 2376 892 2420 possit.
950 2375 1114 2409 scientias
1144 2374 1256 2417 enim,
1298 2372 1549 2406 arithmeticam
1582 2370 1745 2406 musicam

290 2419 530 2452 astronomiam
555 2421 776 2464 geometriam
799 2427 836 2454 et
857 2420 1004 2454 omnium
1030 2419 1220 2466 principem
1244 2418 1517 2463 philosophiam,
1551 2428 1641 2462 quae
1676 2416 1745 2450 iam

290 2460 392 2505 longo
416 2469 571 2509 tempore
596 2468 639 2500 ob
665 2466 828 2500 incuriam
854 2474 890 2500 et
911 2467 1083 2500 inscitiam
1106 2466 1350 2510 imperatorum
1376 2465 1576 2509 perierunt,
1604 2473 1667 2496 sua
1687 2461 1744 2495 in-

290 2507 424 2542 dustria
442 2509 661 2556 instauravit,
688 2512 891 2556 conquisitis
909 2513 968 2556 qui
993 2512 1028 2546 in
1051 2511 1176 2556 quovis
1199 2522 1329 2554 genere
1350 2510 1572 2551 excellerent,
1596 2519 1639 2542 ac
1659 2519 1744 2542 con-

291 2553 421 2586 stitutis
445 2557 664 2600 doctoribus,
696 2559 932 2603 studiosisque
956 2558 1106 2603 receptis
1130 2562 1165 2590 et
1189 2555 1380 2590 conductis.
1429 2566 1498 2599 quo
1529 2555 1657 2588 factum
1690 2557 1747 2587 est

291 2604 330 2631 ut
363 2599 479 2643 exigui
512 2604 678 2648 temporis
710 2606 858 2639 decursu
894 2604 1056 2638 barbarie
1088 2602 1275 2648 profligata
1312 2603 1395 2635 urbs
1426 2599 1539 2634 literis
1573 2599 1746 2634 floruerit.

291 2644 506 2695 sedentarias
538 2649 640 2683 etiam
673 2656 779 2695 atque
812 2650 974 2695 opificum
1008 2656 1103 2683 artes
1136 2659 1240 2682 curae
1276 2646 1414 2690 habuit,
1450 2656 1680 2690 magnumque
1702 2644 1748 2679 iis

290 2697 536 2741 incrementum
560 2695 687 2729 attulit.
735 2695 815 2740 pius
837 2708 922 2740 erga
943 2696 1044 2729 deum
1068 2693 1136 2728 suit
1158 2705 1199 2727 ac
1223 2692 1396 2734 liberalis,
1429 2697 1469 2726 ut
1493 2691 1554 2735 qui
1574 2701 1747 2734 nunquam

290 2744 325 2767 ιιι
352 2737 572 2778 processibus
597 2742 641 2774 ad
664 2742 746 2775 fana
765 2741 902 2785 legibus
924 2739 1170 2774 ecclesiasticis
1192 2738 1298 2773 factis
1320 2737 1398 2771 sine
1419 2738 1535 2771 fructu
1554 2742 1591 2771 et
1609 2746 1749 2771 munere

290 2778 326 2813 in
350 2789 571 2826 conspectum
595 2786 652 2819 dei
675 2787 823 2831 venerit,
847 2787 910 2821 sed
933 2786 1076 2820 donaria
1100 2784 1225 2829 quovis
1247 2789 1403 2828 tempore
1427 2782 1592 2817 obtulerit
1613 2781 1746 2826 magni-

290 2826 356 2860 fica
379 2834 415 2863 et
438 2829 569 2864 Christi
594 2837 763 2870 amantem
785 2832 1029 2879 imperatorem
1061 2829 1236 2866 decentia.
1283 2828 1429 2874 gratiam
1452 2839 1593 2874 quoque
1614 2826 1749 2863 rettulit
