1890 3236
464 177 864 225 HISTORJARUM
897 174 1289 222 COMPENDIUM.
1522 173 1621 220 259

147 293 400 357 πὶίφεσᾶαι.
468 293 634 345 ἐδέξατο
659 292 730 336 τὸν
757 290 878 349 λόγον
904 289 1035 346 ἦὸέως
1067 289 1089 334 ὃ
1116 285 1332 345 βασιλεύς,
1374 289 1442 332 καὶ
1474 288 1620 345 πέμπει

147 362 442 424 Χριστος-»ὅρον
457 362 528 406 τὸν
546 360 916 420 πρωτοβεστιάριον
934 362 1002 403 καὶ
1022 359 1267 416 Χαλοκυρὸν
1285 360 1354 402 ἵνα
1370 363 1452 402 τῶν
1471 357 1619 403 ἑαυτοῦ

148 436 396 494 προκοίτων,
430 433 544 490 οἵπερ
566 433 609 475 ἓν
629 435 681 489 τῇ
701 435 918 488 καταγωγῇ
937 427 1141 486 γενόμενοι
1162 432 1237 472 τοῦ
1259 431 1443 484 Σαμωνᾶ
1461 428 1619 472 κάκεῖσε

147 504 361 562 κρυβέντες
377 501 625 560 προσέμενον
643 500 691 543 τὸ
711 500 872 555 μέλλον.
940 498 1223 554 ἀπατηθέντος
1245 499 1289 540 δὲ
1305 502 1380 542 τοῦ
1399 500 1616 542 Βασιλείου
1638 503 1672 540 D

113 574 218 618 ὁκαὶ
242 570 571 629 παραγενομένου
601 568 704 626 πρὸς
727 569 798 611 τὸν
825 571 1052 622 Σαμωνᾶν,
1088 571 1162 622 τῆς
1185 565 1398 618 διαλέξεώς
1417 585 1460 610 τε
1478 565 1621 626 χώραν

146 639 460 697 λαμβανούσης,
500 637 821 696 ἐκφανιζομίνων
851 637 896 680 δὲ
925 637 993 678 καὶ
1023 640 1104 679 τῶν
1135 634 1377 692 ἀπορρήτων
1407 637 1540 695 αὐτῷ,
1579 637 1619 680 οἳ

146 710 262 767 παρὰ
290 714 366 754 τοῦ
391 708 595 764 βασιλέως
624 707 880 764 πεμφθέντες
902 704 956 748 τὰ
981 703 1509 763 λεγόμεναάπεγράφοντο,
1548 707 1618 749 καὶ

145 782 374 823 τελευταῖον
401 778 576 831 ἐκείνους
601 776 852 834 ἀριστῶντας
875 773 1162 825 καταλιπόντες
1185 776 1367 831 κρυφίως
1386 791 1428 817 τε
1450 773 1617 826 ὑπεξελ-

144 846 301 899 θόντες
324 846 515 902 ἀπῆλθον
546 844 651 899 πρὸς
681 845 855 899 βασιλέα
888 842 941 886 τὰ
971 843 1177 901 γραφέντα
1207 844 1447 898 κομίζοντες.
1517 844 1618 887 ἀνα-

8 934 15 980 ‚J
43 959 45 962 Α
88 916 269 975 ἱθγνοῦς
305 916 350 959 δὲ
387 919 518 959 ταῦτα
552 914 624 957 τὸν
655 914 731 968 μὲν
757 914 974 956 Βασίλειον
1005 913 1237 971 παραυτίκα
1267 915 1324 962 εἷς
1352 915 1618 956 Μακεδονίαν
1646 941 1656 952 ,

0 967 13 1052 l*
142 986 374 1029 ἀπέστειλεν
382 1016 396 1037 ,
427 985 492 1028 ἐπὶ
523 985 700 1041 διανομῇ
729 980 836 1038 τάχα
864 986 1053 1038 ψυχικῶν
1083 986 1158 1037 τῆς
1187 982 1305 1031 θείας
1331 981 1458 1024 αὐτοῦ
1480 986 1616 1037 Ζωῆς,

0 1054 6 1062 ³
143 1055 311 1110 κατέσχε
339 1054 386 1097 δὲ
411 1054 479 1096 καὶ
506 1052 577 1096 τὸν
605 1056 678 1107 τῆς
703 1053 847 1108 βίγλας
868 1048 1135 1108 ὁρουγγάριον
1158 1051 1227 1093 διὰ
1249 1055 1322 1093 τοῦ
1344 1050 1616 1104 Στυπειώτου,

141 1121 365 1181 ὕπεξήγαγε
396 1123 442 1166 δὲ
469 1123 538 1165 καὶ
566 1125 641 1177 τῆς
669 1119 826 1172 πόλεως
851 1119 1058 1163 Νικόλαον
1079 1119 1148 1162 τὸν
1171 1118 1461 1177 ἑταιρειάρχην.
1532 1119 1616 1164 εἶτα

142 1192 306 1251 ἀγαγὼν
326 1191 694 1241 ἀπὸΜακεδονίας
713 1190 784 1233 τὸν
799 1191 1016 1233 Βασίλειον
1033 1190 1100 1230 καὶ
1120 1188 1358 1245 ἀνακρίνας,
1389 1190 1431 1232 ἒν
1447 1189 1553 1247 μέσῃ
1572 1207 1614 1232 τε

88 1272 133 1309 15
142 1259 431 1320 θριαμβεύσας
449 1265 502 1319 τῇ
519 1257 653 1312 πόλει,
682 1261 724 1302 ἐν
739 1259 934 1315 Ἀθήναις
951 1257 1129 1312 ἐξώρισε.
1198 1256 1546 1313 συγκαλεσάμενος
1568 1259 1614 1302 δὲ
1636 1264 1665 1308 Ρ
1687 1271 1757 1310 599

141 1336 280 1375 πᾶσαν
308 1329 384 1386 τὴν
415 1329 638 1387 σύγκλητον
666 1328 732 1370 ἐπ’
767 1328 925 1380 αὐτῶν,
967 1327 1116 1383 ἀνέγνω
1146 1326 1198 1369 τὰ
1224 1326 1303 1370 ὑπὸ
1332 1331 1407 1369 τοῦ
1433 1330 1616 1381 Σαμωνᾶ

140 1400 390 1457 μηνυθέντα.
458 1400 498 1442 οἱ
519 1399 565 1441 δὲ
583 1402 726 1442 τοῦτον
743 1398 1020 1446 ἐπαινέσαντες
1036 1397 1227 1452 μεγίστης
1245 1394 1344 1438 εἶναι
1361 1392 1484 1451 τιμῆς
1501 1396 1615 1447 ἄξιον

140 1466 444 1528 προσειρήκασι.
511 1468 580 1510 καὶ
609 1465 631 1510 ὃ
661 1466 855 1521 βασιλεὺς
882 1466 1112 1524 παραυτίκα
1136 1469 1187 1522 τῇ
1210 1469 1282 1508 τοῦ
1305 1469 1614 1522 πρωτοσπαθα-

141 1540 232 1598 ρίου
252 1541 398 1582 τοῦτον
417 1536 529 1588 ἀξιοῖ
541 1540 662 1594 τιμῇ,
691 1538 758 1578 καὶ
780 1538 924 1578 οῗκεΐον
947 1536 1074 1577 αὐτοῦ
1092 1532 1381 1589 κατεστήσατο.

83 1616 132 1653 20
277 1603 605 1662 Τελευτήσαντος
632 1606 677 1648 δὲ
706 1606 773 1648 καὶ
800 1609 876 1648 τοῦ
899 1601 1151 1661 πατριάρχου
1172 1603 1385 1646 Ἀντωνίου
1406 1602 1614 1660 προχειρί-

140 1677 249 1730 ζεται
276 1674 299 1720 ὃ
328 1674 525 1731 μυστικὸς
549 1673 774 1726 Νικόλαος,
814 1675 877 1717 ἐπὶ
910 1674 1065 1717 συνέσει
1095 1674 1164 1715 καὶ
1194 1673 1321 1731 σοφία
1346 1674 1478 1714 ὃοκιῦν
1498 1689 1613 1727 πρω-

137 1744 279 1790 τεύειν.
332 1745 461 1789 ,Λέων
479 1746 523 1788 δὲ
545 1741 566 1787 ὅ
583 1743 777 1799 βασιλεὺς
793 1743 852 1800 μὴ
871 1740 1094 1797 δυνάμενος
1110 1742 1161 1784 τὰ
1179 1741 1282 1784 κατὰ
1301 1739 1426 1784 τύπον
1445 1741 1612 1783 ε’κτελεΐν

137 1813 332 1874 κλητόρια
349 1812 596 1872 Αὖγούστης
609 1813 669 1870 μὴ
688 1812 825 1869 οὔσης,
858 1813 995 1870 στίφει
1010 1810 1154 1855 Ἄνναν
1169 1811 1245 1868 τὴν
1261 1810 1472 1869 θυγατέρα
1490 1813 1614 1866 Ζωῆς

227 1935 254 1972 6
274 1931 379 1986 αῆτῷ
401 1946 457 1971 om
480 1934 512 1971 C
649 1935 698 1971 22
719 1930 875 1969 ἐκτελεῖν
899 1943 954 1968 om
977 1931 1008 1967 C

132 2038 166 2075 ci
193 2043 295 2075 erent
315 2042 423 2086 atque
444 2042 665 2076 annotarent.
712 2039 842 2085 probat
861 2037 953 2072 hunc
974 2047 1168 2072 sermonem
1191 2034 1403 2081 imperator,
1433 2033 1611 2080 mittitque

134 2052 278 2122 cgristo
303 2086 426 2122 borum
461 2086 769 2133 protovestiarium
806 2091 843 2120 et
874 2095 978 2118 unum
1014 2084 1059 2118 de
1088 2082 1350 2117 excubitoribus
1383 2081 1608 2126 Calocyrum.

134 2133 174 2168 hi
206 2133 244 2168 in
307 2145 450 2168 amonae
482 2133 692 2169 domicilium
722 2143 798 2166 cum
832 2131 1033 2173 venissent,
1081 2128 1193 2164 abditi
1224 2129 1354 2162 exitum
1386 2127 1605 2173 operiuntur.

132 2179 287 2214 Basilius
310 2179 349 2214 in
370 2180 527 2215 fraudem
550 2185 650 2214 actus
673 2178 717 2214 ad
741 2178 924 2212 Samonam
948 2177 1066 2219 venit,
1103 2181 1140 2209 et
1169 2174 1334 2219 colloquii
1365 2174 1448 2208 data
1476 2185 1520 2219 op
1549 2184 1609 2207 or-

133 2225 286 2266 tunitate
307 2227 424 2262 omnia
443 2237 508 2261 sua
529 2236 658 2260 arcana
681 2224 812 2259 effutit.
859 2235 950 2269 quae
979 2222 1006 2256 ii
1036 2232 1125 2266 quos
1147 2220 1339 2266 imperator
1361 2220 1504 2253 miserat
1541 2219 1607 2253 ite-

133 2269 185 2307 ris
206 2271 425 2315 mandantes,
449 2272 582 2307 demum
605 2271 650 2305 iis
672 2271 710 2305 in
733 2270 880 2316 prandio
903 2268 1128 2303 haerentibus
1147 2267 1282 2301 occulte
1300 2277 1379 2300 sese
1397 2266 1606 2309 subducunt,

135 2323 174 2353 et
203 2317 336 2364 scripta
369 2318 536 2353 offerunt.
583 2317 638 2352 his
663 2316 765 2351 lectis
786 2316 980 2362 imperator
998 2314 1092 2348 illico
1115 2313 1282 2347 Basilium
1305 2312 1343 2346 in
1366 2311 1608 2346 Macedoniam

135 2364 318 2408 amandat,
340 2363 451 2398 veluti
474 2364 572 2399 Zoae
592 2363 719 2398 amitae
741 2374 825 2397 suae
851 2375 870 2396 e
890 2361 983 2395 vivis
1003 2371 1167 2405 egressae
1182 2359 1231 2393 ibi
1247 2359 1342 2392 iusta
1358 2357 1607 2402 exhibiturum,

134 2415 174 2446 et
195 2421 306 2456 opera
326 2409 538 2456 Stypeiotae
562 2409 787 2454 drungarium
810 2408 953 2453 vigiliae
980 2407 1132 2442 detinet:
1156 2404 1354 2440 sodalitatis
1376 2403 1481 2438 etiam
1499 2414 1606 2449 prae-

132 2457 263 2492 fectum
289 2456 473 2491 Nicolaum
499 2457 610 2501 urbe,
644 2454 815 2490 occultato
847 2453 1016 2498 consilio,
1049 2451 1189 2486 emittit.
1246 2455 1351 2495 atque
1374 2449 1429 2484 his
1452 2449 1607 2496 peractis

132 2501 300 2539 Basiliam
326 2514 346 2537 e
366 2502 576 2538 Macedonia
598 2507 799 2536 revocatum
822 2499 1042 2546 inquisitioni
1061 2497 1198 2542 subdit,
1223 2496 1421 2532 convictum
1444 2507 1510 2541 per
1531 2507 1607 2530 me-

132 2549 225 2584 diam
249 2549 371 2584 urbem
394 2549 431 2583 in
453 2549 630 2596 triumpho
654 2547 774 2590 ducit,
807 2546 1035 2591 Athenasque
1058 2544 1207 2588 relegat.
1255 2542 1338 2577 inde
1359 2542 1524 2577 universo
1547 2553 1606 2576 se·-

133 2601 219 2630 natu
240 2601 453 2641 convocato,
478 2607 569 2641 quae
592 2600 693 2630 erant
714 2605 734 2628 a
755 2594 908 2628 Samona
927 2592 997 2638 ipsi
1019 2591 1136 2626 delata
1154 2589 1283 2624 indicia
1301 2588 1457 2634 exponit.
1507 2599 1603 2622 eum-

134 2646 406 2687 quesenatores
428 2641 591 2687 laudant,
617 2647 655 2676 et
674 2651 804 2675 summo
826 2639 967 2684 dignum
985 2638 1118 2672 honore
1138 2636 1378 2682 pronuntiant.
1425 2640 1461 2669 et
1478 2634 1603 2668 Samo-

130 2699 210 2722 nam
232 2687 308 2723 Leo
330 2688 448 2724 statim
470 2687 748 2736 protospatharii
767 2697 910 2722 munere
934 2685 1099 2729 decorat,
1133 2683 1273 2729 sibique
1302 2680 1506 2717 familiarem
1538 2681 1604 2715 ad-

129 2733 264 2770 sciscit.

222 2780 365 2815 Mortuo
386 2779 588 2826 patriarcha
610 2779 763 2815 Antonio
783 2777 951 2813 Nicolaus
976 2775 1153 2811 sufficitur
1170 2774 1358 2820 mysticus,
1384 2772 1446 2818 qui
1463 2771 1609 2817 sapien·-

130 2826 183 2862 tia
206 2826 294 2862 alios
317 2831 353 2861 et
374 2828 561 2872 prudentia
583 2827 718 2862 anteire
743 2826 964 2859 credebatur.
1013 2834 1119 2869 porro
1151 2822 1341 2867 imperator
1364 2831 1441 2854 cum
1466 2818 1608 2853 statutis

129 2877 338 2920 praeceptas
369 2873 598 2910 invitationes
629 2883 802 2920 peragere
832 2883 903 2907 nou
932 2872 1054 2918 posset
1084 2868 1241 2915 Augusta
1274 2871 1430 2912 mortua,
1471 2865 1607 2900 Annam
