1916 3210
687 184 1138 232 ANNOTATIONES.
1543 184 1644 233 889

177 299 268 341 dum
285 294 479 350 intelligit,
507 297 690 339 celebrem
708 295 980 337 Normanorum
1000 297 1154 346 ducem,
1190 296 1254 348 qui
1274 295 1515 350 Campaniam
1535 296 1647 337 Cala-

176 355 294 396 briam
318 353 488 407 Apuliam
515 359 554 395 et
579 355 742 394 Siciliam
766 367 789 392 a
806 355 1074 394 Saracenorum
1093 355 1316 393 Graecorum
1335 359 1372 393 et
1391 354 1566 393 Italorum
1586 358 1647 406 ty-

175 411 335 460 rannide
362 413 402 450 in
426 411 632 452 libertatem
651 412 828 460 asseruit,
865 412 914 450 de
945 424 1020 462 quo
1046 412 1129 450 fuse
1148 411 1388 462 Pandulphus
1407 411 1647 459 Collenutius,

177 467 257 508 Leo
277 468 476 518 Ostiensis,
505 468 676 508 Fazellus
697 471 736 507 et
754 467 1027 507 Nomanomm
1046 466 1222 507 Annales.
1280 468 1418 506 GOAR.

290 522 348 562 ib.
378 537 414 564 v,
444 527 484 567 7.
539 523 570 577 ἦ
591 522 894 578 Λογγιβαρδία]
933 524 972 563 id
1003 529 1060 564 est
1083 523 1217 578 Apulia
1249 528 1290 563 et
1320 525 1534 564 adiacentes
1563 536 1651 576 pro-

174 581 331 630 vinciae,
351 581 485 642 quibus
501 580 631 622 ultimo
651 582 785 621 Graeci
802 581 1084 634 imperaverunt.
1139 580 1337 620 recolenda
1354 586 1446 620 nota
1461 582 1498 619 in
1516 594 1556 634 p.
1546 580 1652 623 ‚577

175 637 222 680 C.
279 637 423 678 GOAn.

288 697 316 732 t.
339 693 375 733 11
401 707 439 747 p.
455 693 541 737 725
563 707 599 733 v,
617 692 656 737 4.
722 689 1004 746 γεννημάτων]
1054 692 1240 744 legumina
1274 693 1431 732 maxime
1464 697 1503 733 et
1531 705 1650 745 qnae-

176 761 323 800 cuuque
362 754 556 802 seruntur,
610 747 841 804 γεννήματα
888 754 1020 790 vocant
1061 749 1329 801 Euchologium
1372 755 1410 790 et
1452 752 1514 788 lus
1564 750 1651 790 GR.

176 806 316 846 Gon.

218 910 221 912 Π
288 861 345 901 ib.
375 875 411 903 v.
437 865 508 905 23.
564 858 662 911 τούς
680 861 820 914 βίους]
863 862 957 916 βίον
986 875 1062 902 non
1091 863 1220 901 vitam
1250 863 1363 902 modo
1393 863 1461 903 sed
1489 865 1531 902 et
1557 874 1650 914 opes

174 918 555 972 anemfizeultates,
583 921 716 972 quibus
734 921 878 968 vivitur,
906 921 1128 960 recentiores
1143 921 1451 972 interpretantur,
1479 921 1651 960 easdem-

174 989 250 1027 que
279 977 358 1027 hic,
409 977 584 1016 damnata
617 976 846 1030 imperatoris
879 977 1056 1027 avaritia,
1110 977 1264 1028 intelligi
1304 978 1538 1018 manifestum
1576 980 1649 1017 est.

173 1033 314 1072 Gon„
1399 1043 1401 1046 ·

287 1093 320 1129 t.
339 1088 375 1127 11
400 1101 443 1141 p.
463 1090 548 1132 727
567 1101 605 1130 v,
628 1091 695 1132 17.
754 1084 1005 1141 ἀθανάτους]
1031 1092 1075 1128 ut
1093 1102 1138 1130 ex
1152 1089 1311 1141 antiquis
1331 1088 1537 1141 legionibus
1555 1088 1648 1128 haec

174 1146 312 1186 Victrix
330 1146 394 1184 illa
412 1145 492 1194 Pia,
522 1145 592 1184 alia
610 1145 855 1186 Fulminatrix
871 1146 944 1186 alia
963 1147 1052 1186 item
1066 1146 1184 1196 Felix,
1211 1146 1270 1186 vel
1286 1149 1368 1187 τῶν
1387 1142 1647 1200 μεγαθύμων,

174 1216 223 1243 ex
241 1202 363 1254 aliquo
386 1202 459 1240 iam
474 1203 675 1254 praeterito
698 1207 851 1253 eventu,
897 1204 947 1242 de
974 1215 1048 1255 quo
1075 1203 1224 1256 Imperii
1241 1203 1409 1253 Nomia,
1441 1204 1647 1252 dicebatur,

173 1259 268 1300 haec
289 1263 507 1299 senescente
534 1263 574 1298 et
605 1260 656 1298 ad
675 1259 788 1300 letum
808 1261 886 1300 sere
906 1263 1082 1310 vergente
1100 1261 1254 1314 imperio
1275 1261 1589 1300 immortalitatem
1609 1260 1649 1299 in

173 1315 322 1370 praeliis
340 1328 436 1366 vane
450 1316 599 1355 sibimet
615 1317 813 1356 ominatur.
873 1317 1014 1358 GOAn.

255 1383 259 1390 ’
287 1377 317 1412 t.
334 1373 370 1424 ῌ
397 1385 435 1424 p.
455 1374 539 1414 733
561 1385 598 1415 v,
619 1374 660 1417 5.
718 1376 792 1414 τοῦ
822 1372 1014 1425 Χαλιφᾶ]
1056 1373 1249 1413 cedrenus
1278 1374 1316 1411 in
1342 1371 1589 1412 Monomacho
1610 1385 1652 1424 p.

173 1429 259 1473 775
279 1428 476 1482 Seriphum
494 1434 602 1468 vocat
622 1431 824 1470 secundum
841 1443 865 1469 a
884 1429 1062 1482 Calipha,
1098 1443 1164 1469 ceu
1192 1431 1384 1480 dignitatis
1406 1431 1483 1469 eius
1505 1442 1651 1468 succes-

174 1498 318 1528 sorem:
346 1486 468 1538 ipsum
494 1498 586 1526 vero
615 1487 807 1540 Calipham
828 1488 905 1527 sive
927 1486 1054 1526 Halife
1076 1486 1320 1526 Leunclavius
1351 1488 1390 1524 in
1411 1486 1652 1526 Onomastico

173 1543 375 1582 vicarium
391 1543 681 1595 interpretatur,
717 1544 850 1582 locum
872 1550 1083 1591 tenentem,
1119 1543 1301 1581 heredem
1318 1550 1356 1580 et
1373 1556 1648 1581 successorem.

173 1599 326 1652 Halffe
341 1598 522 1638 Lullahe
530 1627 548 1646 ,
583 1600 726 1652 inquit,
763 1602 941 1639 vicarius
960 1601 1025 1638 dei
1031 1627 1051 1646 ‚
1090 1601 1196 1639 vices
1212 1600 1278 1638 dei
1292 1613 1435 1652 gerens
1451 1601 1496 1637 in
1519 1600 1647 1637 terris.

173 1657 324 1710 Halcfi
339 1655 655 1705 Muhamedum,
695 1657 835 1695 haeres
853 1656 1122 1704 Muhametis,
1161 1671 1362 1695 successor
1382 1656 1647 1694 Muhametis.

174 1716 236 1752 ita
258 1714 391 1766 pn‘sei
405 1713 693 1766 Agarenorum
715 1728 828 1767 reges
856 1728 898 1752 se
926 1713 1139 1753 vocabant.
1199 1716 1260 1751 ita
1295 1713 1477 1752 Scachus
1507 1712 1655 1751 Ismail

172 1769 401 1823 affectabat
425 1771 520 1808 dici.
593 1771 727 1810 eodem
760 1772 929 1824 denique
959 1771 1078 1809 titulo
1111 1785 1152 1810 se
1192 1772 1414 1810 Ture-orum
1442 1767 1651 1823 principes

173 1834 334 1866 ornant.
395 1827 527 1868 Gom.

287 1883 340 1924 ib.
375 1896 412 1923 v·
443 1881 511 1925 14.
565 1879 664 1924 ὅσον
683 1882 728 1925 ἐν
746 1880 923 1934 ἀστικοῖς
938 1883 1007 1926 καὶ
1029 1884 1275 1937 δημοτικοῖς]
1306 1897 1472 1936 expono:
1502 1885 1650 1936 quique

175 1954 223 1979 ex
235 1941 471 1992 promiscua
482 1939 602 1991 plebe
619 1940 686 1978 vel
702 1955 748 1979 ex
765 1944 974 1994 regionum
986 1942 1243 1993 collegiorum
1248 1942 1511 1993 partiumque
1523 1954 1650 1991 prae—

175 1999 305 2050 cszms
323 1998 618 2048 confluxerunt,
648 2010 713 2037 eos
739 1998 921 2050 siquidem
937 1994 1179 2051 δημοτικούς
1198 1998 1407 2049 significare
1429 1999 1569 2036 dictum
1591 2001 1649 2037 est

174 2056 214 2095 in
237 2055 458 2095 Cedrenum.
518 2055 656 2093 Gon..

287 2110 344 2149 ib·
376 2124 411 2150 v·
441 2111 509 2154 17.
564 2109 856 2170 ἐπιβατηρίων]
884 2113 1020 2161 prima
1040 2117 1195 2161 coepta,
1218 2111 1347 2176 operis
1367 2110 1648 2161 inauguratio,

175 2169 344 2207 actionis
365 2169 572 2215 encaenia,
602 2170 736 2214 initia,
765 2181 837 2205 nec
857 2182 937 2205 non
943 2168 1092 2220 filum
1111 2168 1296 2217 auspicia
1318 2167 1487 2206 dicuntur
1505 2166 1649 2218 ἐπιβα-

175 2221 308 2278 τήρια.
336 2225 531 2264 Cedrenus
547 2223 810 2277 ἔπιβατήριον
827 2221 953 2277 ευχήν
973 2226 1188 2262 oratconem
1209 2225 1500 2276 inauguratum
1514 2224 1649 2274 primo

175 2284 454 2334 imperatorem
465 2281 664 2334 felicibus
685 2282 787 2319 votis
807 2289 1109 2334 prosequentem
1134 2281 1289 2333 scripsit.
1347 2279 1523 2331 SyneSius
1555 2294 1651 2331 quo-

176 2352 252 2390 que
278 2339 401 2407 Epist.
423 2338 501 2380 57:
545 2335 651 2379 οὕτω
672 2343 838 2403 πικροῖς
854 2337 961 2391 ἡμᾶς
982 2337 1012 2391 ἦ
1031 2336 1146 2386 πόλις
1166 2337 1439 2390 ἔπιβατηρίοις
1464 2335 1651 2385 ἐξένισεν.

176 2396 236 2435 hic
256 2397 332 2436 τοῦ
355 2390 643 2449 ευαγγελισμοῦ
668 2390 908 2449 ἐπιβατήρια
940 2399 1026 2435 suut
1058 2409 1176 2434 sacta
1181 2395 1304 2447 fisti
1331 2395 1651 2432 annuntiationis

176 2453 296 2490 initia
313 2459 350 2489 et
364 2453 563 2503 auspicia.
624 2453 766 2490 GOAR.

289 2513 319 2548 t.
336 2509 371 2548 11
398 2522 439 2560 p.
465 2508 550 2552 734
570 2521 607 2548 v.
625 2512 668 2551 7.
725 2511 779 2564 τῷ
798 2505 1011 2563 σαββάτῳ]
1044 2508 1236 2547 sabbatum
1258 2507 1349 2547 illud
1366 2508 1468 2560 apud
1489 2507 1651 2547 Graecos

175 2566 264 2606 festi
279 2566 483 2618 palmarum
502 2565 728 2619 pervigilium
748 2569 814 2606 est.
872 2566 1010 2606 GOAn.

291 2621 346 2659 ib.
379 2635 414 2661 v.
443 2622 482 2664 8.
541 2620 790 2676 ἓορτοὶζεται]
831 2623 930 2661 inter
958 2618 1197 2670 ὀεσποτικας
1225 2617 1366 2674 ἕορτοὶς
1398 2619 1548 2658 Christi
1578 2619 1650 2657 do-

178 2680 282 2716 mini
296 2679 412 2731 jesia
432 2684 605 2718 numerat
632 2678 785 2719 ecclesia
810 2679 996 2718 orientalis
1021 2677 1156 2717 Lazari
1181 2691 1204 2718 a
1222 2677 1374 2718 mortuis
1398 2677 1650 2716 exsuscitatio-

176 2749 276 2785 nem,
304 2735 415 2786 vulgo
435 2731 630 2789 Λαζαρου
647 2733 724 2789 τήν
742 2733 908 2803 ἡμέραν.
968 2737 1102 2774 GOAR

290 2796 318 2832 t.
338 2792 372 2830 ΙΙ
402 2805 440 2856 p
461 2794 543 2835 735
562 2793 656 2834 v-1.
711 2790 788 2845 τήν
806 2789 981 2847 μεγαλην
1001 2790 1152 2846 τρίτην]
1184 2792 1298 2828 tertia
1318 2796 1481 2828 sanctae
1498 2787 1648 2827 hebdo-

177 2848 316 2887 mados
329 2848 418 2901 set
402 2862 468 2887 ια
503 2849 598 2889 illius
628 2850 725 2890 enim
753 2850 867 2890 seriae
896 2854 1050 2891 cunctae
1081 2849 1233 2889 Graecis
1263 2843 1429 2902 μεγαλαι
1462 2847 1645 2887 dicuntur.
