1916 3210
305 189 337 235 7
342 190 403 236 70
733 183 1024 228 XYLANDRI
1057 183 1129 226 ET
1166 181 1339 227 GOARI

308 298 423 351 lapis,
463 295 566 346 equis
595 294 756 333 curribus
784 306 890 331 cursu
918 293 1148 333 decertantes
1177 295 1396 359 erumpunt?
1436 290 1683 348 σφενδόνην
1687 294 1763 335 fre-

309 354 542 406 quentissime
556 354 665 389 vocat
684 352 822 388 auctor.
878 348 1016 387 Gonu.

420 422 457 460 p.
469 407 551 449 258
573 419 606 446 v,
622 407 686 447 19.
734 401 859 458 οἷέρος
877 417 970 445 voce
984 404 1149 455 intelligo
1167 404 1318 450 velam,
1346 417 1420 456 quo
1437 405 1487 444 ad
1506 406 1714 453 arcendus
1701 419 1760 446 m-

309 462 575 516 temperatioris
594 462 687 501 aeris
707 461 880 510 iniurias,
909 465 948 500 et
966 466 1015 499 ut.
1028 461 1186 513 populus
1212 461 1388 500 salubrius
1413 461 1762 511 consisteret‚›Gir-

310 534 373 561 cus
396 519 603 569 tegebatur.
659 519 748 568 quid
774 517 871 556 enim
898 517 1106 556 huiusmodi
1136 517 1219 557 velo
1249 517 1388 557 caelum
1409 517 1448 556 in
1468 517 1578 558 Circo
1603 519 1763 560 conmu-

313 579 394 616 dius
407 573 609 614 referret‘l
645 573 920 613 fundamentum
946 573 1033 612 mihi
1056 577 1135 623 est,
1171 574 1273 624 quod
1295 574 1403 612 etiam
1423 575 1535 612 sacris
1553 574 1765 626 superposi-

312 639 389 672 tum
405 631 520 670 maius
539 630 745 682 etamplius
767 629 916 675 velum,
945 625 1046 682 οἷήρ,
1073 642 1148 668 non
1173 631 1421 681 infrequenter
1449 631 1489 680 in
1510 630 1765 681 Chrysostomi
1798 675 1801 678 ,

310 688 459 738 liturgia
478 687 547 724 et
538 700 576 725 m
601 687 782 725 Simeonis
804 686 1150 735 Thessalonicensis,
1180 685 1382 736 Cabasilae,
1413 677 1590 725 Germani
1611 689 1653 725 et'
1673 686 1787 725 ulio-s>

312 757 392 783 rum
409 743 696 795 expositionibus
715 746 879 790 vocatur,
907 746 946 781 et
963 755 1008 782 eo
1025 755 1189 794 expanso
1208 743 1381 781 sacerdos
1398 739 1613 782 exclamat“
1611 741 1775 792 operuit,

313 800 443 838 caelos
458 798 592 849 gloria
610 800 693 836 eius
712 806 749 836 et
769 772 890 836 laud’e
908 799 991 836 eius
1001 799 1128 849 plena
1146 806 1202 836 est
1222 794 1363 835 terra.”
1408 811 1431 837 a
1448 797 1559 838 saeris
1577 799 1702 849 itaque
1715 798 1768 838 ad

313 857 459 895 Circum
475 868 564 895 voce
580 856 771 904 traducta,
808 855 928 894 velum
955 855 1048 894 illius
1073 855 1211 894 caelum
1234 855 1396 894 referens
1423 857 1550 893 auctor
1572 851 1782 907 appellavit

313 910 425 966 ἀέρα.
455 912 504 951 de
518 911 608 951 velis
625 912 847 951 theatrorum
863 911 1129 964 Dempsterus
1119 925 1190 951 iam
1209 911 1340 950 citatus
1358 911 1518 950 abunde.
1543 910 1681 952 GoAn.

425 966 480 1005 il).
515 980 551 1008 v.
579 970 647 1009 22.
705 966 946 1021 Πρεσέντου]
977 968 1175 1007 audiebant
1192 968 1326 1006 Graeci
1343 968 1557 1017 magistrum
1577 967 1623 1005 in
1637 967 1767 1006 Prae-

315 1026 415 1062 senti
435 1024 519 1072 dici,
548 1025 613 1075 qui
630 1024 822 1064 satellitum
842 1025 1052 1076 imperatori
1068 1025 1202 1074 iugiter
1212 1024 1481 1075 praesentium
1494 1023 1578 1074 (qui
1595 1027 1769 1074 ebprae-

316 1080 519 1129 sentiales)
538 1085 635 1120 esset
652 1082 747 1128 dux3
776 1081 875 1119 unde
893 1085 931 1119 et
958 1080 1134 1119 Viridem
1151 1080 1309 1119 colorem
1325 1081 1466 1119 diutins
1481 1083 1768 1146 permanentem,

315 1138 413 1177 velut
432 1137 542 1176 oculis
557 1144 802 1187 ptaesentem
824 1142 864 1175 et
883 1137 1000 1176 facile
1007 1138 1166 1186 obvium,
1195 1132 1276 1177 οἳπο
1301 1151 1372 1177 του
1396 1134 1632 1189 πρεσέντον,
1668 1131 1770 1190 προῖ-

316 1206 446 1243 σινον,
477 1197 620 1232 extorto
636 1194 782 1233 nimium
806 1198 941 1244 etymo,
971 1194 1107 1232 dictum
1125 1193 1330 1232 voluerunt.
1358 1193 1496 1231 GoAR.

429 1248 483 1286 ib.
514 1263 549 1291 v.
577 1249 645 1291 24.
699 1247 743 1291 τὰ
764 1248 931 1290 Βὲνετον
951 1245 1030 1291 απὸ
1050 1252 1123 1301 τῆς
1140 1249 1343 1299 Βενετίας]
1374 1249 1530 1288 feliciter
1549 1247 1649 1288 vocis
1672 1248 1773 1287 radi-

314 1319 397 1346 cem
416 1307 638 1356 invenisset,
667 1306 699 1344 si
718 1319 794 1345 non
809 1306 973 1345 Venetus
992 1306 1095 1345 color
1124 1309 1163 1346 et
1193 1305 1405 1345 vocabulum
1433 1305 1596 1358 pluribus
1619 1304 1771 1345 saeculis

325 1363 509 1402 Venetiae
529 1367 755 1413 superarent.
812 1362 952 1401 GoAR.
1371 1386 1381 1394 κ

431 1434 471 1471 p·
500 1421 582 1459 260
610 1432 646 1457 v.
675 1421 714 1459 2.
770 1418 886 1456 litera
910 1433 937 1456 a
956 1416 1158 1469 signatos]
1189 1413 1269 1458 οἷπό
1296 1413 1502 1470 ἄσημείου.
1531 1417 1667 1456 conieci
1686 1417 1773 1455 scri-

318 1479 422 1528 ptum
440 1476 553 1514 fuisse
569 1469 652 1515 ἄπο
674 1478 713 1514 Α
732 1475 911 1526 σημείου,
939 1475 1047 1514 facile
1071 1479 1295 1522 mutaturus,
1323 1475 1355 1513 si
1375 1475 1465 1525 quis
1480 1474 1583 1514 aliter
1599 1473 1775 1526 expediat

319 1533 450 1570 locum.
506 1531 581 1569 scio
610 1531 708 1570 enim
729 1531 884 1569 Varroni
915 1543 1036 1570 assem
1065 1531 1112 1569 ab
1137 1544 1221 1570 aere
1248 1530 1468 1572 dici.XY1..
1523 1530 1572 1569 ad
1594 1529 1775 1580 Xylandri

320 1592 445 1626 votum
462 1587 563 1625 locus
579 1587 638 1626 hic
658 1588 892 1638 expedietur,
931 1588 963 1625 si
987 1599 1165 1637 nusquam
1193 1590 1444 1638 corrumpatur
1462 1589 1502 1625 et
1519 1586 1661 1625 facilem
1677 1584 1774 1624 acci-

320 1645 402 1696 piut
420 1644 767 1694 interpretationem.
823 1656 930 1680 asses
952 1650 1156 1693 argenteos
1178 1650 1215 1679 et
1234 1656 1365 1680 aereos
1382 1642 1580 1679 Romanis
1603 1641 1774 1692 largitus

316 1707 380 1753 *est
396 1701 566 1750 primus.
626 1696 784 1751 ἄσημον
803 1700 899 1738 enim
919 1706 1129 1750 argentam
1153 1703 1228 1749 est,
1261 1712 1306 1738 ac
1329 1698 1426 1746 aeri,
1463 1703 1576 1750 prout
1598 1699 1640 1736 in
1666 1709 1775 1749 prae·

321 1757 437 1804 senti,
460 1756 671 1794 adiunctum
690 1761 860 1795 monetae
877 1757 1063 1794 materiam
1084 1756 1232 1794 indicat.
1289 1754 1484 1805 ἐπίσημον
1512 1755 1644 1793 iterum
1666 1756 1775 1792 vocat

321 1816 453 1851 auctor
469 1811 619 1850 inferius
639 1826 677 1864 p.
698 1813 791 1854 178.
845 1816 884 1850 at
900 1812 970 1850 hoc
990 1825 1129 1848 casum
1147 1814 1204 1850 est
1227 1814 1267 1850 et
1288 1817 1486 1876 rwtatum3
1514 1810 1605 1850 illud
1625 1810 1776 1862 proprie

323 1867 542 1919 infectum
525 1896 539 1915 ,
578 1869 742 1919 quamvis
770 1869 810 1907 in
834 1869 1039 1920 promiscuo
1057 1880 1166 1907 sensu
1188 1868 1377 1919 utriusque
1397 1867 1497 1907 vocis
1515 1878 1775 1946 nonnunquam

322 1928 488 1964 occurrat
504 1937 603 1963 usus.
654 1925 794 1963 Gom.

437 1995 478 2033 p.
506 1981 588 2022 263
614 1993 652 2022 v.
683 1983 747 2022 13.
798 1992 970 2031 regnum
1003 1979 1056 2017 ab
1093 1981 1178 2031 ipso
1213 1977 1422 2048 affectari]
1467 1977 1523 2027 m‘g
1551 1973 1775 2030 ,ἆνταρσίαν

326 2038 566 2090 μελετῶντος
578 2065 590 2085 ,
616 2041 659 2075 ut
674 2038 738 2088 qui
755 2037 991 2075 rebellionem
1009 2038 1202 2087 cogitaret.
1241 2050 1313 2086 ego
1333 2031 1546 2089 αὕταρχίαν
1564 2034 1776 2088 suspicabar

328 2095 502 2145 scriptum
524 2106 621 2134 esse.
678 2094 746 2132 sed
764 2093 842 2131 aliis
859 2105 1008 2144 quoque
1025 2092 1113 2131 locis
1131 2093 1332 2144 tyrannidis
1352 2092 1620 2131 affectationem
1637 2092 1691 2130 sic
1708 2102 1775 2130 ex-

328 2151 472 2201 pressit.
527 2149 627 2187 locus
647 2154 703 2188 est
720 2149 888 2196 vitiatus,
928 2153 968 2187 et
993 2150 1152 2188 narratio
1179 2149 1303 2188 nescio
1328 2150 1427 2187 unde
1446 2149 1615 2200 repetita.
1666 2147 1777 2196 longe

329 2207 485 2255 quidem·
494 2206 602 2245 abest
613 2218 637 2245 a
653 2210 805 2273 recepta
823 2206 974 2244 istorum
994 2210 1200 2257 temporum
1220 2206 1381 2244 historia.
1436 2219 1507 2245 του
1532 2201 1676 2256 μέρους
1691 2205 1777 2243 ταῖν

330 2257 494 2301 Γάλλων
533 2257 820 2315 καταγόμενος,
868 2261 994 2301 nescio
1027 2263 1117 2313 quid
1144 2264 1192 2301 sit
1221 2262 1320 2300 istud
1358 2256 1637 2313 καταγόμενος.
1673 2259 1777 2298 Χιτι..

328 2323 459 2357 noscet
478 2319 510 2356 si
531 2319 801 2370 interpretetur.
857 2324 942 2355 erat
965 2319 1131 2369 quidam
1158 2332 1205 2356 ex
1230 2316 1460 2356 Galliarum
1490 2314 1676 2367 partibus
1697 2316 1776 2353 ori-

329 2375 467 2424 ginem
484 2373 632 2413 ducens
653 2374 711 2415 vel
735 2374 787 2412 ab
811 2375 982 2413 adversa
1008 2374 1220 2414 Gallorum
1237 2381 1357 2425 parte
1379 2372 1594 2420 abductus,
1622 2379 1660 2410 et
1675 2371 1778 2424 affe-

333 2437 400 2467 ctu
421 2431 464 2467 in
485 2443 572 2467 eam
588 2444 823 2481 propensus.
883 2432 1019 2471 GOAR.

444 2500 482 2538 p-
511 2486 594 2528 264
622 2500 653 2526 v.
681 2491 720 2529 7.
776 2489 815 2526 in
848 2488 1012 2537 margine
1041 2487 1260 2539 adscriptum
1294 2490 1370 2527 est:
1411 2485 1482 2527 καὶ
1509 2483 1559 2526 τοὶ
1589 2483 1681 2538 περὶ
1704 2499 1775 2524 του

333 2539 457 2592 μηνὸς
475 2539 619 2583 τούτου
638 2540 765 2592 ἄλλως
785 2558 904 2593 ευρον
922 2541 1002 2610 ἐγω
1023 2542 1067 2584 ἐν
1087 2542 1232 2613 ἑτέροις
1256 2543 1489 2595 ἱστορικοῖς,
1517 2538 1619 2609 ὅπερ
1642 2537 1709 2582 &oi
1732 2537 1777 2581 τὸ

331 2593 558 2666 ἀπέραντον
587 2597 759 2669 γράφειν
793 2597 845 2640 ov'
865 2597 1066 2669 δύναμαι.
1122 2596 1279 2653 ἀρκέσει
1315 2598 1359 2640 δὲ
1391 2601 1508 2641 τοῦτο
1535 2594 1674 2651 μόνον,
1719 2610 1780 2638 οτι

331 2651 514 2705 Ῥωμαῖοι
532 2654 689 2721 φέμπρε
706 2653 750 2697 τὸ
771 2652 875 2696 πολυ
895 2658 1027 2708 ψῦχος
1046 2655 1213 2720 λέγουσι.
1270 2653 1343 2697 τᾶν
1371 2658 1472 2708 γοῦν
1500 2657 1610 2707 μῆνα
1637 2655 1780 2695 τοῦτον

335 2723 391 2755 ως
411 2707 662 2763 ψυχρότατον
685 2708 960 2765 Φεβρουάριον
983 2709 1215 2754 ἐκαλεσαν.
1239 2713 1330 2752 haec
1353 2712 1425 2752 ille.
1460 2715 1606 2751 cetera
1622 2710 1778 2749 aliunde

334 2764 404 2803 hue
423 2767 554 2806 afferre
570 2781 644 2806 non
665 2773 721 2807 est
735 2782 881 2820 operae
909 2769 1011 2806 XYL
1067 2771 1244 2810 rationem
1264 2770 1311 2809 ab
1331 2769 1400 2808 hac
1427 2744 1606 2809 diversam
1634 2771 1778 2820 promet

333 2825 458 2859 auctor
474 2823 622 2862 inferius
642 2838 678 2875 p.
698 2827 778 2867 168
797 2826 841 2864 Ο.
898 2825 1036 2864 GoAR.
