1916 3210
435 138 833 186 HISTORIARUM
867 136 1256 184 COMPENDIUM.
1483 137 1583 184 553

124 257 334 316 σκευαστῷ
349 253 590 316 καταφλέγει
605 254 726 313 πυρί,
753 253 846 313 τρία
864 253 910 297 δὲ
930 251 1140 313 αὕτανδρα
1157 252 1446 305 καταποντίζει.
1496 269 1586 309 χει-

125 329 271 381 ροῧται
299 324 346 369 δὲ
375 327 444 369 καὶ
473 322 517 369 ’ἐν
544 324 668 376 αῧτὸς
692 321 937 380 εἰσπηδήσας
957 326 1014 375 εἷς
1032 320 1132 367 αὐτό
1140 354 1156 376 ,
1191 322 1257 366 καὶ
1278 324 1360 366 τῶν
1380 320 1494 366 ἴνδον
1514 321 1587 374 οὕς

126 395 202 451 μὲν
218 392 465 453 ἀποσφάξας
485 392 557 446 οὓς
576 393 622 437 δὲ
641 395 709 437 καὶ
727 390 1061 449 τροπωσάμενος,
1094 391 1171 448 τὴν
1194 389 1350 447 τόλμην
1376 395 1587 436 καταπλα-

125 463 268 522 γέντας
294 463 437 508 αὔτοίὶ.
501 463 541 507 οἳ
563 463 607 506 δὲ
626 460 791 507 Σκύθαι
811 463 879 506 καὶ
901 461 972 505 τὸν
989 460 1164 517 βασιλέα
1180 459 1261 517 ἤδη
1283 458 1454 519 ὁρῶντες
1473 458 1591 520 ἐρχό-

92 542 247 588 δμενον
267 531 343 576 σὺν
361 532 482 576 παντὶ
505 535 565 592 τῷ
590 530 746 590 στόλῳ,
778 532 848 574 καὶ
874 528 1152 588 λογισάμενοι,
1186 528 1285 586 ὅπερ
1310 523 1362 585 ἦν
1389 527 1515 585 εἲκός,
1551 531 1586 575 εἲ
1606 538 1639 574 D

125 606 296 646 τοιαῦτα
325 599 555 646 πεπόνθασι
578 602 685 659 τρισὶ
713 597 914 658 τριήρεσιν
942 597 1198 650 ἀντιστάντες
1225 597 1516 655 πολεμοῦσαις,
1549 600 1592 645 τί

126 669 180 714 ἂν
197 668 372 714 πάθοιεν
385 668 618 727 βιαζόμενοι
634 671 752 712 παντὶ
770 673 828 727 τῷ
845 665 978 728 στόλῳ
996 667 1327 726 συμπλέκεσθαι,
1352 667 1589 726 ἀπέβλεψαν

126 739 232 797 πρὸς
259 736 415 798 φυγήν,
449 740 517 783 καὶ
547 741 604 790 εἷς
631 736 756 782 τόπον
786 737 1076 797 ἀπορριφέντες
1101 737 1322 790 σκοπέλους
1352 735 1494 793 ἔχοντα
1520 739 1590 782 καὶ

125 808 276 866 πέτρας
291 807 477 867 ὑφάλους
491 806 544 851 τὰ
564 809 686 851 πλείω
704 810 786 851 τῶν
804 812 973 865 σκαφῶν
997 805 1247 862 ἆπεβάλοντο
1255 839 1270 861 ,
1305 807 1590 863 ἐπιτιθεμένων

68 885 118 922 (10
127 875 287 928 τούτοις
306 876 388 921 άπὸ
403 880 477 933 τῆς
495 876 623 934 ξηρᾶς
642 877 710 920 καὶ
729 881 811 919 τῶν
831 877 1222 934 παραπορευομένων
1242 880 1500 935 στρατιωτῶν
1521 877 1590 920 καὶ

124 943 387 990 ἀπολλύντων
412 943 585 998 αὐτούς,
619 943 676 997 ὥς
701 942 917 1003 εὑρεθῆναι
937 945 1041 1001 μετὰ
1060 949 1190 990 ταῦτα
1211 945 1376 1003 νεκροὺς
1396 945 1590 1004 ἐρριμμέ-

124 1031 222 1067 νους
239 1014 283 1059 ἓν
300 1016 604 1072 τοῖς·αῖγιαλοῖς
621 1014 729 1072 ἀμφὶ
746 1014 821 1066 τὰς
840 1011 884 1058 ιε’
898 1011 1103 1071 χιλιάδας.
1172 1012 1192 1057 ὅ
1215 1015 1288 1069 μὲν
1309 1009 1380 1058 οὖν
1399 1014 1592 1071 βασιλεὺς

123 1084 230 1141 μετὰ
251 1083 326 1141 τὴν
347 1088 428 1129 τῶν
452 1086 629 1128 Σκυθῶν
653 1078 780 1140 ἧτταν
808 1083 878 1142 ἐφ’
913 1082 1011 1135 ὅλας
1040 1082 1115 1127 δύο
1147 1083 1393 1141 προσμείνας
1420 1081 1590 1142 ἡμέρας,

126 1153 232 1199 κατὰ
248 1153 325 1210 τὴν
340 1154 477 1212 τρίτην
491 1151 743 1210 ὖπέστρεψεν
762 1155 818 1204 εἲς
833 1152 907 1210 τὴν
922 1153 1137 1208 βασιλίδα,
1168 1151 1243 1197 δύο
1258 1150 1447 1210 τάγματα
1463 1171 1593 1197 κατα-

73 1223 258 1266 mamam
284 1224 353 1267 καὶ
380 1223 456 1274 τὰς
481 1222 696 1279 λεγομένας
719 1220 939 1281 ἑταιρείας,
972 1219 1051 1281 ὕφ’
1078 1219 1243 1279 ἡγεμόνι
1263 1219 1490 1277 ταττόμενα
1510 1226 1594 1267 Νι·-

125 1289 263 1351 κολάῳ
288 1297 346 1351 τῷ
371 1292 721 1350 παρακοιμωμένῳ
747 1293 814 1335 καὶ
839 1292 1041 1351 Βασιλείῳ
1065 1292 1276 1351 μαγίστρῳ
1295 1294 1354 1350 τῷ
1374 1291 1591 1350 Θεοδωρο-
1613 1299 1642 1335 Ρ
1667 1299 1737 1336 760

126 1359 264 1420 κάνῳ,
311 1360 384 1418 ἐφ’
421 1355 457 1421 ᾧ
492 1361 589 1412 τοὺς
627 1360 834 1417 αῗγιαλοῦς
873 1362 1100 1405 ἐπισκοπεῖν
1129 1362 1198 1404 καὶ
1227 1360 1494 1418 παρατρέχειν
1526 1362 1596 1404 καὶ

124 1428 434 1489 φυλάττεσθαι,
466 1427 526 1486 μή
557 1447 619 1481 τις
647 1428 850 1484 ἀπόβασις
873 1430 1036 1487 γε’νηται
1063 1434 1145 1474 τῶν
1171 1427 1419 1488 βαρβάρων,
1452 1429 1524 1474 τὸν
1550 1430 1596 1473 δὲ

126 1496 261 1543 πάντα
285 1497 430 1543 στόλον
453 1498 560 1543 κατὰ
581 1498 652 1542 τὸν
680 1497 823 1556 Φάρον
843 1499 1080 1557 προσμένειν
1099 1496 1303 1549 κελεύσας.
1373 1499 1442 1542 καὶ
1470 1497 1491 1542 ὁ
1520 1499 1596 1555 μὲν

73 1566 321 1624 ἓοβασιλεῦς
351 1573 482 1612 ταῦτα
512 1566 837 1624 διαπραξάμενος
868 1570 1056 1623 εῗσῆλθεν
1092 1569 1148 1619 εἷς
1180 1567 1227 1611 τὸ
1260 1565 1509 1621 Βυζάντιον,
1555 1568 1597 1612 οἱ

129 1639 220 1694 περὶ
247 1637 318 1681 τὸν
343 1634 708 1695 παρακοιμῶμενον
739 1637 782 1680 δὲ
812 1639 879 1680 καὶ
904 1636 975 1681 τὸν
1005 1634 1321 1694 Θεοδωροκάνον
1341 1637 1437 1688 τοὺς
1460 1639 1594 1694 αἷγια-

128 1706 227 1758 λοῦς
250 1704 490 1765 περιιόντες,
522 1705 625 1750 ἔνθα
653 1706 757 1762 μετὰ
785 1706 860 1762 τὴν
889 1706 1043 1764 τροπὴν
1073 1703 1304 1764 ἐξεβράσθη
1336 1705 1387 1749 τὰ
1420 1705 1594 1763 σώματα

129 1779 212 1820 τῶν
238 1774 487 1835 βαρβάρων,
515 1779 668 1832 πολλῆς
697 1776 806 1827 λείας
834 1777 902 1819 καὶ
929 1774 1087 1821 σκύλων
1111 1775 1288 1833 ἐγένοντο
1311 1772 1457 1833 κύριοι.
1524 1777 1594 1820 καὶ

127 1842 305 1904 τριήρεις
333 1845 380 1888 δὲ
405 1845 596 1904 τέσσαρες
622 1846 686 1889 ἐπὶ
715 1845 840 1889 εἶ’κοσι
867 1850 941 1890 τοῦ
972 1848 1118 1890 λοιποῦ
1147 1846 1418 1906 διαιρεθεῖσαι
1446 1842 1596 1890 στόλου

220 1975 245 2013 4
266 1973 466 2022 ἐρχόμενον
485 1973 684 2024 βλέποντες
704 1977 735 2014 P
871 1977 896 2014 8
917 1976 1061 2020 τόπους
1081 1976 1114 2013 C
1252 1974 1404 2022 ἔχοντας
1426 1978 1458 2014 C

129 2091 209 2128 dios
230 2091 351 2128 hostes
371 2091 532 2128 invectus
556 2096 691 2139 septem
713 2103 823 2128 naves
845 2091 1036 2129 artificioso
1054 2092 1137 2139 igne
1155 2096 1305 2137 cremat,
1330 2095 1403 2128 tres
1418 2103 1494 2128 cum
1509 2092 1599 2139 ipsis

131 2137 332 2174 vectoribus
354 2139 535 2185 demergit,
558 2151 697 2185 unaque
721 2139 864 2186 potitur,
889 2139 926 2174 in
949 2151 1025 2175 eam
1048 2139 1208 2175 insiliens
1232 2144 1269 2174 et
1291 2138 1489 2174 classiarios
1513 2151 1599 2185 par-

131 2185 195 2220 tim
217 2184 367 2220 caedens
389 2187 515 2232 partim
538 2186 683 2221 audacia
703 2185 814 2232 ipsius
835 2186 1041 2232 perterritos
1062 2187 1202 2232 fugans.
1250 2186 1404 2229 Scythae
1422 2197 1497 2220 cum
1517 2186 1598 2220 uni-
1636 2190 1648 2216 ².-

132 2242 237 2267 versa
258 2230 371 2266 classe
393 2233 561 2267 accedere
584 2232 829 2278 imperatorem
852 2231 1027 2277 videntes,
1052 2237 1158 2277 atque
1179 2231 1216 2265 id
1238 2232 1330 2276 quod
1355 2243 1413 2266 res
1439 2237 1514 2267 erat
1536 2244 1601 2267 co-

131 2279 306 2323 gitantes,
340 2289 416 2312 cum
447 2290 493 2313 ne
523 2278 627 2313 trium
650 2278 788 2324 quidem
811 2277 1002 2313 triremium
1024 2278 1272 2313 sustinuissent
1293 2278 1477 2324 impetum,
1513 2279 1599 2324 quid

133 2328 337 2359 eventurum
365 2330 460 2360 esset
491 2323 522 2359 si
554 2336 630 2359 cum
652 2329 727 2359 tota
752 2324 863 2359 classe
886 2325 1141 2370 confligendum
1161 2325 1277 2367 foret,
1310 2324 1428 2370 fugam
1451 2326 1598 2370 faciunt,

135 2376 174 2406 et
197 2382 236 2405 se
258 2370 297 2404 in
318 2369 430 2405 locum
452 2370 677 2406 immittentes
698 2382 784 2406 saxa
807 2382 848 2405 ac
871 2371 1031 2417 scopulos
1056 2371 1121 2405 sub
1143 2370 1230 2406 mari
1253 2370 1497 2407 delitescentes
1532 2371 1598 2406 ha-

135 2419 273 2454 bentem
304 2417 491 2463 plerasque
517 2429 626 2452 naves
650 2418 810 2464 perdunt.
857 2417 920 2452 sed
944 2422 980 2452 et
1002 2417 1129 2452 milites
1153 2429 1172 2452 e
1195 2416 1387 2452 continenti
1410 2430 1470 2453 eos
1494 2417 1597 2452 inva-

135 2464 242 2506 dunt,
275 2474 502 2509 magumque
532 2469 681 2510 stragem
712 2464 832 2502 edunt.
878 2475 965 2499 sane
990 2464 1196 2499 cadaverum
1219 2463 1394 2499 hostilium
1419 2464 1456 2498 in
1476 2464 1599 2500 littore

135 2511 279 2545 inventa
309 2515 392 2545 suut
422 2511 604 2556 postmodo
634 2509 830 2556 quindecim
863 2510 1005 2545 circiter
1035 2510 1143 2545 milia.
1190 2510 1363 2555 superatis
1396 2510 1463 2545 hoc
1492 2515 1596 2557 pacto

136 2555 302 2601 Scythis,
332 2556 524 2603 imperator
553 2562 663 2592 totum
695 2557 836 2592 biduum
865 2556 915 2591 ibi
947 2556 1100 2592 locorum
1137 2562 1363 2592 commoratus
1398 2556 1503 2592 tertio
1537 2556 1597 2592 die

135 2602 344 2649 Byzantium
367 2603 492 2649 rediit,
524 2603 658 2638 duabus
685 2602 882 2649 legionibus
905 2607 942 2638 et
964 2614 1049 2650 quas
1074 2608 1204 2638 vocant
1225 2603 1426 2638 sodalitates
1448 2602 1595 2647 relictis,

135 2649 284 2685 ducibus
317 2649 466 2686 Nicolao
497 2648 709 2685 cubiculario
736 2654 773 2684 et
794 2650 958 2696 magistro
980 2649 1112 2685 Basilio
1135 2649 1412 2685 Theodorocano
1435 2650 1597 2684 mandato

136 2702 177 2732 nt
198 2707 295 2731 oram
316 2695 517 2732 maritimam
541 2695 769 2741 custodirent,
790 2708 904 2742 neque
925 2696 1185 2731 exscensionem
1207 2697 1326 2731 facere
1347 2697 1515 2732 barbaros
1533 2707 1599 2743 pa-

135 2747 314 2788 terentur,
349 2747 457 2789 utque
486 2748 561 2778 tota
591 2742 712 2778 classis
741 2743 833 2790 apud
857 2742 1008 2778 Pharum
1030 2743 1067 2777 in
1090 2743 1243 2778 statione
1266 2748 1372 2778 esset.
1419 2742 1456 2777 hi
1478 2742 1598 2778 littora
1668 2745 1674 2751 '

136 2794 178 2825 ut
206 2789 293 2825 iussi
324 2794 426 2824 erant
452 2789 726 2833 circumeuntes,
758 2801 828 2834 qua
850 2789 1023 2825 cadavera
1043 2791 1268 2825 barbarorum
1293 2789 1598 2833 aestus‘eiecerat‚

136 2835 270 2884 ingenti
304 2836 436 2884 praeda
468 2847 510 2872 ac
540 2836 663 2883 spoliis
692 2836 799 2884 potiti
828 2841 921 2872 sunt.
968 2847 1089 2872 verum
1130 2837 1177 2874 24
1215 2836 1376 2873 triremes
1405 2836 1599 2881 Romanae,
