1890 3236
299 225 364 271 56
771 221 1006 268 GEORGII
1030 214 1271 270 CEDRENI

299 335 624 394 προσλαβόμενος
641 333 795 391 ἔρχεται
816 333 917 389 πρὸς
936 333 1006 376 τὸν
1021 332 1213 390 μοναχόν,
1246 336 1313 378 καὶ
1335 340 1407 391 τῆς
1433 337 1642 390 διαλέξεως
1657 338 1737 396 ἤδη

299 404 583 459 λαμβανούσης
597 401 723 458 ἀρχὴν
741 400 902 457 ε’γχιστα
920 401 990 444 τὸν
1007 403 1178 456 βασιλέα
1195 403 1553 460 παραστησάμενος
1575 405 1596 450 ὃ
1610 422 1739 461 μονα-

297 474 371 527 χὸς
391 472 445 522 ὡς
465 470 567 525 τάχα
587 469 846 526 προεγνωκὼς
866 470 909 512 ἐκ
928 471 1043 521 θείας
1060 466 1265 522 ἐπιπνοίας
1285 471 1330 514 τὸ
1351 473 1558 525 βασιλικὸν
1581 474 1738 530 ἀξίωμα

161 549 189 584 Ρ
212 549 279 586 489
296 539 399 582 “0232
421 537 596 594 εὖλογα”
635 537 711 594 ἔφη
737 535 910 589 “ποιεῒς,
952 532 986 580 ὦ
1013 542 1183 592 βασιλεῦ
1191 569 1204 591 ,
1246 540 1605 597 παραλογιζόμενος
1629 541 1739 598 ἡμᾶς

297 611 347 663 τῇ
367 608 543 662 ἰδιωτικῇ
566 603 791 662 ἀμπεχόνῃ,
826 607 893 648 καὶ
920 605 991 649 τὸν
1018 605 1132 649 ἔνδον
1162 607 1286 661 αὐτῆς
1310 606 1578 665 κρυπτόμενον
1595 611 1767 654 {nexa-5

298 673 456 718 λύπτων
474 674 656 727 βασιλέα.
724 672 818 715 ἀλλ’
853 675 887 716 εἲ
915 675 981 716 καὶ
1011 673 1060 717 σὺ
1083 675 1156 728 μὲν
1177 673 1325 726 οὕτως,
1371 675 1463 718 ἀλλ’
1485 675 1603 733 ἢτοῦ
1621 680 1736 723 θείου
1777 690 1780 694 ’

297 739 521 794 πνεύματος
533 740 654 798 χάρις
674 738 782 795 ἡμᾶς
805 740 877 783 οὔκ
897 740 1026 785 εἷἀσεν
1046 744 1109 784 ἐπὶ
1130 743 1247 786 πλέον
1268 742 1374 786 οὕτω
1395 747 1738 803 κατασοφίζεσθαι

295 806 373 851 ὖπό
396 810 518 852 ‹mv-'²
588 814 705 852 τοῦτο
727 807 781 859 ὡς
800 808 967 863 ἤκουσεν
989 808 1010 851 ὅ
1027 810 1238 866 βασιλεύς,
1272 813 1338 854 καὶ
1358 809 1414 862 ὥς
1435 813 1507 855 οὐκ
1525 812 1674 857 ἔλαθεν
1695 817 1737 858 ἓν

296 876 447 919 εὖτελεΐ
460 876 713 933 προσχήματι
729 877 774 918 τὸ
794 877 1003 930 βασιλικὸν
1023 876 1209 935 κρύπτων
1230 879 1406 933 ἀξίωμα,
1434 880 1659 937 κατεπλάγη
1679 899 1736 934 τε,

294 940 350 994 ὣς
367 939 416 998 ἦν
435 945 538 995 εἷκὸς
557 946 626 987 τὸν
646 945 692 987 τὺ
715 943 952 1001 σκαιώρημα
971 945 1209 1001 ἀγνοοῦντα,
1256 949 1323 990 καὶ
1338 946 1407 990 τόν
1424 965 1466 990 τε
1483 950 1661 1004 μοναχὸν
1679 948 1735 1002 ὥς
1746 956 1791 992 10

292 1016 407 1055 θεῖον
432 1012 564 1070 ἄνδρα
593 1011 799 1069 ἐγνώρισε,
834 1015 900 1054 καὶ
919 1013 971 1056 τὰ
993 1013 1319 1071 προσταττόμενα
1337 1015 1438 1072 παρ’
1460 1017 1587 1060 αὐτοῦ
1605 1018 1735 1061 εὐπει-

291 1084 384 1130 θῶς
420 1083 486 1122 καὶ
528 1080 629 1135 μετὰ
667 1079 888 1134 ταχύτητος
919 1079 1097 1136 ποιήσειν
1129 1081 1340 1139 ἐπήγγελτο
1350 1114 1363 1134 ,
1407 1085 1472 1126 καὶ
1502 1089 1584 1127 τῶν
1611 1090 1735 1140 σεβα-

295 1149 422 1202 σμίων
443 1146 602 1191 εἰκόνων
623 1149 852 1206 ἐπιψηφίζει
875 1151 1124 1207 καθαίρεσιν.
1190 1153 1257 1193 καὶ
1286 1148 1478 1209 πρότερον
1505 1153 1580 1207 μὲν
1607 1154 1650 1196 ἐν
1677 1159 1735 1212 τῷ

243 1224 273 1259 Β
298 1215 485 1269 λεληθότι
509 1218 750 1259 διεσκοπεῖτο
770 1221 855 1267 πῶς
873 1215 923 1258 ἂν
941 1218 1072 1260 αὐτῶν
1091 1219 1306 1276 ἐκτελεσθῇ
1322 1219 1367 1262 τὸ
1387 1218 1644 1276 σπαύδασμα,
1667 1224 1735 1265 καὶ

291 1280 350 1337 μή
369 1300 429 1333 τις
448 1282 588 1334 στάσις
608 1284 805 1341 ἀνεγερθῇ
827 1287 916 1341 περὶ
937 1285 1009 1340 τὴν
1029 1287 1258 1340 ἐκκλησίαν·
1293 1287 1426 1329 ἔπειτα
1445 1290 1512 1330 καὶ
1533 1291 1589 1340 εἰς
1605 1290 1731 1345 τοῧμ-
1745 1298 1788 1333 15

294 1351 417 1407 φανὲς
436 1351 481 1393 τὸ
504 1350 635 1407 δόγμα
658 1350 856 1407 ἐξήνεγκε,
891 1354 956 1394 καὶ
979 1358 1058 1395 τῶν
1074 1354 1116 1395 ἓν
1134 1355 1237 1397 τέλει
1257 1356 1322 1397 καὶ
1339 1359 1420 1398 τῶν
1441 1361 1514 1412 τῆς
1529 1358 1735 1413 ἐκκλησίας

293 1418 332 1460 οἱ
350 1419 430 1472 μὲν
442 1418 594 1469 ἑκόντες
617 1420 654 1462 οἶ
677 1421 719 1462 δὲ
736 1419 896 1470 ἄκοντες
916 1418 1139 1464 ὗπέκυπτον
1158 1426 1217 1480 τῷ
1235 1420 1526 1479 προστάγματι.
1557 1425 1734 1482 ἠναγκά-

292 1488 378 1538 ζετο
398 1487 442 1528 δὲ
461 1489 528 1528 καὶ
552 1485 573 1530 ὃ
592 1488 716 1543 με’γας
734 1489 775 1530 ἓν
795 1487 1059 1545 πατριάρχαις
1080 1488 1262 1543 ἀοίδιμος
1273 1490 1509 1548 Νικηφόρος
1525 1492 1567 1534 ἐν
1586 1498 1644 1551 τῷ
1663 1499 1735 1549 τῆς

292 1555 566 1611 καθαιρέσεως
585 1560 665 1598 τῶν
681 1554 803 1611 ἁγίων
822 1555 981 1599 εἴκόνων
998 1555 1343 1611 ὕποσημήνασθαι
1366 1556 1476 1618 τόμῳ
1488 1573 1499 1584 ·
1533 1559 1579 1602 ὃν
1597 1564 1734 1616 μηδα-

291 1626 379 1676 μῶς
397 1622 727 1680 πειθαρχήσαντα
747 1622 958 1680 ὑπερόριον
979 1624 1057 1666 ἀνὰ
1075 1624 1147 1679 τὴν
1166 1624 1443 1682 Προικόνησον
1462 1629 1622 1683 τίθησι,
1651 1629 1787 1673 ποί-ΞΟ

292 1694 359 1732 λαι
376 1690 699 1747 προαισθόμενον
715 1692 787 1746 τὴν
803 1696 877 1734 τοῦ
887 1692 1069 1742 Λέοντος
1089 1695 1383 1748 σκαιοτροπίαν,
1411 1696 1477 1737 καὶ
1495 1694 1550 1746 ὡς
1570 1697 1732 1753 κυκήσει

294 1751 411 1807 οὗτος
430 1761 496 1800 καὶ
513 1758 749 1815 συνταράξει
771 1759 821 1802 τὰ
844 1764 915 1814 τῆς
935 1761 1154 1815 ἐκκλησίας.
1223 1760 1332 1812 ἔδοξε
1355 1762 1432 1818 γὰρ
1453 1767 1512 1821 τῷ
1530 1767 1730 1823 μακαρίτῃ

292 1823 531 1885 Νικηφόρῳ,
549 1825 715 1882 ὁπηνίκα
727 1827 771 1870 τὸ
787 1826 967 1883 διάδημα
983 1830 1195 1885 περιετίθει
1211 1833 1262 1885 τῇ
1277 1833 1347 1872 τοῦ
1363 1831 1545 1880 Λέοντος
1561 1837 1731 1891 κεφαλῇ,

292 1891 491 1944 ἀκάνθαις
511 1896 578 1936 καὶ
596 1894 797 1953 τριβόλοις
814 1896 887 1950 τὴν
900 1903 1018 1954 χεῖρα
1039 1902 1327 1954 περιπαρῆναι·
1353 1899 1419 1941 καὶ
1437 1903 1554 1943 τοῦτο
1574 1900 1736 1957 σύμβο-

379 2000 402 2036 5
421 1997 561 2037 εὐτελεῖ
580 1974 610 2037 c

288 2090 355 2125 iam
377 2091 464 2126 inito
488 2093 670 2138 colloquio,
693 2094 878 2129 monachus
901 2095 1056 2140 proxime
1080 2094 1123 2130 ad
1146 2094 1386 2142 imperatorem
1410 2096 1598 2141 adsistens,
1623 2097 1732 2134 veluti

288 2137 349 2181 qui
377 2138 495 2172 divino
520 2139 684 2174 instinctu
706 2140 962 2186 imperatoriam
986 2140 1199 2175 maiestatem
1221 2142 1344 2176 adesse
1363 2142 1527 2186 sentiret,
1559 2138 1650 2177 “non
1672 2155 1730 2178 re-

288 2180 366 2217 cte'’
386 2183 499 2231 inquit
519 2180 605 2218 “abs
629 2191 665 2219 te
686 2185 814 2220 factum
838 2191 912 2230 est,
945 2186 1149 2232 imperator,
1179 2188 1271 2231 quod
1293 2199 1355 2221 nos
1378 2187 1506 2232 privati
1529 2188 1647 2223 habitu
1666 2190 1730 2224 de·

288 2227 425 2273 cepisti,
449 2229 540 2264 intus
565 2230 737 2265 occultans
760 2236 852 2266 tuam
877 2243 1071 2277 personam.
1119 2232 1180 2266 sed
1198 2243 1390 2277 quanquam
1412 2238 1449 2267 tu
1472 2233 1538 2267 hoc
1555 2234 1643 2279 agis,
1666 2246 1731 2270 nos

288 2276 402 2308 tamen
434 2275 546 2319 gratia
573 2276 685 2310 divini
715 2277 858 2322 spiritus
887 2288 955 2311 non
986 2277 1115 2312 diutius
1142 2282 1196 2312 est
1219 2289 1321 2323 passa
1345 2290 1367 2312 a
1389 2283 1425 2312 te
1450 2276 1559 2313 falli.'’
1604 2280 1670 2315 hoc
1692 2286 1731 2316 ut

288 2319 400 2353 audiit
422 2320 629 2365 imperator,
653 2333 759 2367 seque
782 2323 912 2357 frustra
934 2329 1090 2357 conatum
1113 2323 1176 2357 vili
1198 2323 1318 2358 habitu
1338 2324 1593 2369 imperatoriam
1615 2325 1730 2371 digni-

289 2368 396 2398 tatem
420 2365 531 2400 celare
554 2368 702 2412 putavit,
726 2368 873 2402 animum
899 2368 1076 2413 perculsus
1099 2374 1165 2412 est,
1191 2374 1230 2402 ut
1248 2380 1313 2414 par
1335 2375 1411 2403 erat
1432 2369 1532 2405 istius
1554 2371 1731 2407 machina-

290 2408 397 2443 tionis
427 2411 601 2455 ignarum3
637 2414 904 2459 monachumque
925 2413 1077 2448 divinum
1102 2413 1373 2449 hominem-esse
1395 2415 1525 2459 fassus,
1561 2417 1731 2462 imperata

291 2455 334 2487 ab
359 2465 400 2488 eo
424 2457 624 2492 obedienter
648 2466 682 2493 et
702 2459 778 2493 sine
800 2471 894 2494 mora
916 2471 955 2494 se
978 2460 1145 2494 facturum
1168 2459 1358 2505 promittit,
1381 2467 1485 2505 atque
1507 2462 1558 2496 ita
1580 2473 1727 2497 venera-

290 2498 410 2533 bilium
447 2500 628 2545 imaginum
662 2505 705 2538 ab
739 2517 779 2539 eo
810 2505 1002 2539 mandatam
1037 2505 1263 2540 deiectionem
1297 2517 1359 2540 suo
1389 2506 1556 2550 suffragio
1587 2509 1726 2552 probat.

289 2544 461 2590 principio
485 2547 609 2582 deinde
632 2549 798 2594 cogitavit
821 2562 889 2596 quo
912 2556 1012 2595 pacto
1034 2550 1202 2595 promissa
1222 2551 1357 2593 occulte
1375 2551 1544 2596 impleret,
1562 2563 1607 2586 ne
1625 2564 1726 2597 quam

268 2600 269 2603 ¹
290 2601 333 2623 ea
354 2602 411 2624 res
433 2591 469 2624 in
493 2593 637 2628 ecclesia
659 2595 828 2630 excitaret
850 2596 1065 2630 seditionem.
1111 2597 1174 2630 sed
1194 2602 1273 2641 post
1290 2596 1425 2642 publice
1440 2604 1583 2641 'quoque
1603 2598 1725 2633 decre-

290 2638 361 2668 tum
383 2647 425 2670 ea
447 2637 491 2670 de
512 2649 551 2671 re
573 2641 766 2685 proposuit,
793 2641 996 2686 proceribus
1018 2647 1054 2675 et
1076 2641 1319 2676 ecciesiasticis
1341 2641 1465 2686 partim
1488 2642 1577 2676 ultro
1600 2644 1725 2689 partim

287 2685 407 2715 contra
436 2682 621 2717 animorum
652 2697 788 2720 suorum
811 2686 1014 2721 sententiam
1037 2687 1363 2732 obtemperantibus·
1408 2698 1564 2731 magnum
1587 2700 1726 2734 quoque

287 2731 324 2758 et
346 2725 437 2760 inter
460 2729 674 2773 patriarchas
693 2730 861 2765 celebrem
878 2732 1111 2777 Nicephorum
1132 2743 1258 2776 cogere
1275 2731 1385 2766 voluit
1403 2738 1443 2766 ut
1460 2732 1574 2768 edicto
1595 2734 1628 2768 ei
1646 2736 1734 2770 sub-v

285 2771 475 2815 scriberet3
507 2773 666 2819 nulloque
697 2777 796 2810 modo
820 2783 995 2821 parentem
1019 2778 1271 2811 Proconnesum
1292 2777 1474 2821 relegavit.
1520 2779 1623 2814 multo
1646 2786 1727 2815 ante

286 2814 316 2849 is
338 2815 467 2852 Leonis
489 2821 751 2863 perversitatem
775 2828 1038 2866 praesenserat,
1071 2824 1114 2856 ab
1147 2833 1257 2866 eoque
1285 2834 1342 2856 res
1372 2822 1539 2858 ecclesiae
1561 2825 1726 2870 agitatum

285 2863 526 2909 turbatumque
548 2864 604 2901 iri.
653 2877 730 2901 nam
751 2878 819 2912 quo
843 2872 999 2913 tempore
1020 2867 1178 2904 diadema
1202 2867 1310 2914 capiti
1332 2868 1406 2903 eius
1427 2868 1603 2917 imposuit,
1630 2871 1728 2907 visus
