<?xml version="1.0" encoding="UTF-8"?>
<!DOCTYPE html PUBLIC "-//W3C//DTD XHTML 1.0 Transitional//EN"
    "http://www.w3.org/TR/xhtml1/DTD/xhtml1-transitional.dtd">
<html xmlns="http://www.w3.org/1999/xhtml" xml:lang="en" lang="en">
 <head>
  <title>
</title>
<meta http-equiv="Content-Type" content="text/html;charset=utf-8" />
  <meta name='ocr-system' content='tesseract 3.04.00' />
  <meta name='ocr-capabilities' content='ocr_page ocr_carea ocr_par ocr_line ocrx_word'/>
</head>
<body>
  <div class='ocr_page' id='page_1' title='image "./corpusscriptorum14niebuoft/corpusscriptorum14niebuoft_0288.png"; bbox 0 0 1890 3236; ppageno 0'>
   <div class='ocr_carea' id='block_1_1' title="bbox 258 184 1241 239">
    <p class='ocr_par' dir='ltr' id='par_1_1' title="bbox 258 184 1241 239">
     <span class='ocr_line' id='line_1_1' title="bbox 258 184 1241 239; baseline -0.008 0"><span class='ocrx_word' id='word_1_1' title='bbox 258 192 356 239; x_wconf 81' lang='lat'><strong><em>278</em></strong></span> <span class='ocrx_word' id='word_1_2' title='bbox 728 187 966 234; x_wconf 90' lang='lat' dir='ltr'><strong>GEORGII</strong></span> <span class='ocrx_word' id='word_1_3' title='bbox 999 184 1241 232; x_wconf 87' lang='lat' dir='ltr'><strong>CEDRENI</strong></span> 
     </span>
    </p>
   </div>
   <div class='ocr_carea' id='block_1_2' title="bbox 117 299 1780 1930">
    <p class='ocr_par' dir='ltr' id='par_1_2' title="bbox 258 299 1709 428">
     <span class='ocr_line' id='line_1_2' title="bbox 258 299 1709 361; baseline -0.002 -13"><span class='ocrx_word' id='word_1_4' title='bbox 258 305 367 348; x_wconf 84' lang='grc' dir='ltr'><strong><em>λείαν</em></strong></span> <span class='ocrx_word' id='word_1_5' title='bbox 394 301 602 360; x_wconf 76' lang='grc' dir='ltr'><strong><em>παραδοὺς</em></strong></span> <span class='ocrx_word' id='word_1_6' title='bbox 626 299 919 358; x_wconf 79' lang='grc' dir='ltr'><strong><em>Κωνσταντίνῳ</em></strong></span> <span class='ocrx_word' id='word_1_7' title='bbox 940 302 999 359; x_wconf 77' lang='grc' dir='ltr'><strong><em>τῷ</em></strong></span> <span class='ocrx_word' id='word_1_8' title='bbox 1021 299 1152 359; x_wconf 77' lang='grc' dir='ltr'><strong><em>οῗκείῳ</em></strong></span> <span class='ocrx_word' id='word_1_9' title='bbox 1174 299 1345 361; x_wconf 69' lang='grc' dir='ltr'><strong><em>ἀνεψιῷ.</em></strong></span> <span class='ocrx_word' id='word_1_10' title='bbox 1411 299 1635 345; x_wconf 70' lang='grc' dir='ltr'><strong><em>ἀποθανὼν</em></strong></span> <span class='ocrx_word' id='word_1_11' title='bbox 1663 301 1709 345; x_wconf 75' lang='grc' dir='ltr'><strong><em>δὲ</em></strong></span> 
     </span>
     <span class='ocr_line' id='line_1_3' title="bbox 259 369 1594 428; baseline -0.006 -11"><span class='ocrx_word' id='word_1_12' title='bbox 259 374 379 428; x_wconf 71' lang='grc' dir='ltr'><strong><em>ἐτέθη</em></strong></span> <span class='ocrx_word' id='word_1_13' title='bbox 397 371 499 427; x_wconf 80' lang='grc' dir='ltr'><strong><em>μετὰ</em></strong></span> <span class='ocrx_word' id='word_1_14' title='bbox 517 373 591 412; x_wconf 77' lang='grc' dir='ltr'><strong><em>τοῦ</em></strong></span> <span class='ocrx_word' id='word_1_15' title='bbox 609 369 762 426; x_wconf 81' lang='grc' dir='ltr'><strong><em>πατρὸς</em></strong></span> <span class='ocrx_word' id='word_1_16' title='bbox 782 369 909 412; x_wconf 75' lang='grc' dir='ltr'><strong><em>αὐτοῦ</em></strong></span> <span class='ocrx_word' id='word_1_17' title='bbox 924 369 1156 414; x_wconf 77' lang='grc' dir='ltr'><strong><em>Βασιλειόυ.</em></strong></span> <span class='ocrx_word' id='word_1_18' title='bbox 1592 406 1594 409; x_wconf 78' lang='grc'>,</span> 
     </span>
    </p>

    <p class='ocr_par' dir='ltr' id='par_1_3' title="bbox 117 433 1778 1110">
     <span class='ocr_line' id='line_1_4' title="bbox 117 433 1709 496; baseline -0.001 -15"><span class='ocrx_word' id='word_1_19' title='bbox 117 447 145 481; x_wconf 90' lang='grc' dir='ltr'>Ρ</span> <span class='ocrx_word' id='word_1_20' title='bbox 167 449 235 485; x_wconf 85' lang='grc'><strong><em>609</em></strong></span> <span class='ocrx_word' id='word_1_21' title='bbox 393 442 550 482; x_wconf 82' lang='grc' dir='ltr'><strong><em>Τοῦτον</em></strong></span> <span class='ocrx_word' id='word_1_22' title='bbox 579 437 653 492; x_wconf 79' lang='grc' dir='ltr'><strong><em>μὲν</em></strong></span> <span class='ocrx_word' id='word_1_23' title='bbox 684 437 755 481; x_wconf 84' lang='grc' dir='ltr'><strong><em>τὸν</em></strong></span> <span class='ocrx_word' id='word_1_24' title='bbox 787 435 963 495; x_wconf 81' lang='grc' dir='ltr'><strong><em>τρόπον,</em></strong></span> <span class='ocrx_word' id='word_1_25' title='bbox 995 435 1042 480; x_wconf 79' lang='grc' dir='ltr'><strong><em>ὃν</em></strong></span> <span class='ocrx_word' id='word_1_26' title='bbox 1071 436 1259 491; x_wconf 73' lang='grc' dir='ltr'><strong><em>εἴπομεν,</em></strong></span> <span class='ocrx_word' id='word_1_27' title='bbox 1293 433 1709 496; x_wconf 30' lang='grc' dir='ltr'><strong><em>ἃποθανόντοςὲᾊλε-</em></strong></span> 
     </span>
     <span class='ocr_line' id='line_1_5' title="bbox 259 502 1711 565; baseline -0.002 -15"><span class='ocrx_word' id='word_1_28' title='bbox 259 505 430 565; x_wconf 79' lang='grc' dir='ltr'><strong><em>ξάνδρου</em></strong></span> <span class='ocrx_word' id='word_1_29' title='bbox 461 508 517 556; x_wconf 84' lang='grc' dir='ltr'><strong><em>εἷς</em></strong></span> <span class='ocrx_word' id='word_1_30' title='bbox 542 506 848 549; x_wconf 84' lang='grc' dir='ltr'><strong><em>Κωνσταντΐνον</em></strong></span> <span class='ocrx_word' id='word_1_31' title='bbox 873 505 944 548; x_wconf 84' lang='grc' dir='ltr'><strong><em>τὸν</em></strong></span> <span class='ocrx_word' id='word_1_32' title='bbox 971 504 1060 548; x_wconf 77' lang='grc' dir='ltr'><strong><em>υἱὸν</em></strong></span> <span class='ocrx_word' id='word_1_33' title='bbox 1084 505 1290 556; x_wconf 80' lang='grc' dir='ltr'><strong><em>Λέοντος,</em></strong></span> <span class='ocrx_word' id='word_1_34' title='bbox 1325 504 1499 559; x_wconf 73' lang='grc' dir='ltr'><strong><em>ἕβδομον</em></strong></span> <span class='ocrx_word' id='word_1_35' title='bbox 1522 508 1597 560; x_wconf 77' lang='grc' dir='ltr'><strong><em>τῆς</em></strong></span> <span class='ocrx_word' id='word_1_36' title='bbox 1619 502 1711 560; x_wconf 75' lang='grc' dir='ltr'><strong><em>ἧλι-</em></strong></span> 
     </span>
     <span class='ocr_line' id='line_1_6' title="bbox 257 570 1745 631; baseline 0 -13"><span class='ocrx_word' id='word_1_37' title='bbox 257 577 345 626; x_wconf 88' lang='grc' dir='ltr'><strong><em>κιάς</em></strong></span> <span class='ocrx_word' id='word_1_38' title='bbox 376 574 524 630; x_wconf 75' lang='grc' dir='ltr'><strong><em>ἄγοντα</em></strong></span> <span class='ocrx_word' id='word_1_39' title='bbox 556 573 667 628; x_wconf 66' lang='grc' dir='ltr'><strong><em>ἔτος,</em></strong></span> <span class='ocrx_word' id='word_1_40' title='bbox 698 574 744 616; x_wconf 83' lang='grc' dir='ltr'><strong><em>τὸ</em></strong></span> <span class='ocrx_word' id='word_1_41' title='bbox 778 574 982 628; x_wconf 84' lang='grc' dir='ltr'><strong><em>βασίλειον</em></strong></span> <span class='ocrx_word' id='word_1_42' title='bbox 1013 571 1278 630; x_wconf 75' lang='grc' dir='ltr'><strong><em>περιελήλυθε</em></strong></span> <span class='ocrx_word' id='word_1_43' title='bbox 1310 571 1480 631; x_wconf 86' lang='grc' dir='ltr'><strong><em>κράτος,</em></strong></span> <span class='ocrx_word' id='word_1_44' title='bbox 1513 570 1593 616; x_wconf 64' lang='grc' dir='ltr'><strong><em>ὑπὸ</em></strong></span> <span class='ocrx_word' id='word_1_45' title='bbox 1615 574 1745 618; x_wconf 61' lang='grc' dir='ltr'><strong><em>ἐπι-6</em></strong></span> 
     </span>
     <span class='ocr_line' id='line_1_7' title="bbox 257 635 1778 700; baseline -0.001 -15"><span class='ocrx_word' id='word_1_46' title='bbox 257 642 431 700; x_wconf 86' lang='grc' dir='ltr'><strong><em>τρόπους</em></strong></span> <span class='ocrx_word' id='word_1_47' title='bbox 459 645 650 685; x_wconf 77' lang='grc' dir='ltr'><strong><em>τελοῦντα</em></strong></span> <span class='ocrx_word' id='word_1_48' title='bbox 679 642 776 692; x_wconf 75' lang='grc' dir='ltr'><strong><em>τοὺς</em></strong></span> <span class='ocrx_word' id='word_1_49' title='bbox 809 641 969 685; x_wconf 73' lang='grc' dir='ltr'><strong><em>ἄνωθεν</em></strong></span> <span class='ocrx_word' id='word_1_50' title='bbox 996 641 1314 698; x_wconf 73' lang='grc' dir='ltr'><strong><em>ἦριθμημένους.</em></strong></span> <span class='ocrx_word' id='word_1_51' title='bbox 1381 639 1604 696; x_wconf 86' lang='grc' dir='ltr'><strong><em>λαβόμενος</em></strong></span> <span class='ocrx_word' id='word_1_52' title='bbox 1642 635 1716 684; x_wconf 66' lang='grc' dir='ltr'><strong><em>οὖν</em></strong></span> <span class='ocrx_word' id='word_1_53' title='bbox 1775 669 1778 673; x_wconf 23' lang='grc' dir='ltr'><strong>Δ</strong></span> 
     </span>
     <span class='ocr_line' id='line_1_8' title="bbox 257 707 1716 768; baseline -0.001 -14"><span class='ocrx_word' id='word_1_54' title='bbox 257 717 329 766; x_wconf 85' lang='grc' dir='ltr'><strong><em>τῆς</em></strong></span> <span class='ocrx_word' id='word_1_55' title='bbox 355 712 535 761; x_wconf 71' lang='grc' dir='ltr'><strong><em>ἐξουσίας</em></strong></span> <span class='ocrx_word' id='word_1_56' title='bbox 558 709 761 760; x_wconf 87' lang='grc' dir='ltr'><strong><em>Νικόλαος</em></strong></span> <span class='ocrx_word' id='word_1_57' title='bbox 781 708 802 753; x_wconf 84' lang='grc' dir='ltr'><strong><em>ὃ</em></strong></span> <span class='ocrx_word' id='word_1_58' title='bbox 826 709 1077 768; x_wconf 81' lang='grc' dir='ltr'><strong><em>πατριάρχης</em></strong></span> <span class='ocrx_word' id='word_1_59' title='bbox 1099 709 1154 761; x_wconf 81' lang='grc' dir='ltr'><strong><em>ὥς</em></strong></span> <span class='ocrx_word' id='word_1_60' title='bbox 1177 711 1245 752; x_wconf 86' lang='grc' dir='ltr'><strong><em>καὶ</em></strong></span> <span class='ocrx_word' id='word_1_61' title='bbox 1268 708 1390 761; x_wconf 73' lang='grc' dir='ltr'><strong><em>αὐτὸς</em></strong></span> <span class='ocrx_word' id='word_1_62' title='bbox 1412 710 1623 767; x_wconf 72' lang='grc' dir='ltr'><strong><em>ἐπίτροπος</em></strong></span> <span class='ocrx_word' id='word_1_63' title='bbox 1643 707 1716 762; x_wconf 75' lang='grc' dir='ltr'><strong><em>ὤν,</em></strong></span> 
     </span>
     <span class='ocr_line' id='line_1_9' title="bbox 260 775 1717 835; baseline -0.002 -12"><span class='ocrx_word' id='word_1_64' title='bbox 260 777 422 834; x_wconf 81' lang='grc' dir='ltr'><strong><em>συνάμα</em></strong></span> <span class='ocrx_word' id='word_1_65' title='bbox 440 785 525 830; x_wconf 81' lang='grc' dir='ltr'><strong><em>τοῖς</em></strong></span> <span class='ocrx_word' id='word_1_66' title='bbox 546 778 696 830; x_wconf 79' lang='grc' dir='ltr'><strong><em>ἄλλοις,</em></strong></span> <span class='ocrx_word' id='word_1_67' title='bbox 715 776 994 834; x_wconf 77' lang='grc' dir='ltr'><strong><em>ε’πηδαλιούχει</em></strong></span> <span class='ocrx_word' id='word_1_68' title='bbox 1010 779 1063 822; x_wconf 79' lang='grc' dir='ltr'><strong><em>τὰ</em></strong></span> <span class='ocrx_word' id='word_1_69' title='bbox 1082 783 1156 822; x_wconf 80' lang='grc' dir='ltr'><strong><em>τοῦ</em></strong></span> <span class='ocrx_word' id='word_1_70' title='bbox 1172 782 1322 821; x_wconf 74' lang='grc' dir='ltr'><strong><em>κοινοῦ.</em></strong></span> <span class='ocrx_word' id='word_1_71' title='bbox 1367 782 1448 821; x_wconf 83' lang='grc' dir='ltr'><strong><em>τῶν</em></strong></span> <span class='ocrx_word' id='word_1_72' title='bbox 1467 779 1511 822; x_wconf 78' lang='grc' dir='ltr'><strong><em>δὲ</em></strong></span> <span class='ocrx_word' id='word_1_73' title='bbox 1526 775 1717 835; x_wconf 84' lang='grc' dir='ltr'><strong><em>πραγμά-</em></strong></span> 
     </span>
     <span class='ocr_line' id='line_1_10' title="bbox 260 844 1717 903; baseline 0 -13"><span class='ocrx_word' id='word_1_74' title='bbox 260 865 340 891; x_wconf 85' lang='grc' dir='ltr'><strong><em>των</em></strong></span> <span class='ocrx_word' id='word_1_75' title='bbox 372 846 501 898; x_wconf 73' lang='grc' dir='ltr'><strong><em>οὕτως</em></strong></span> <span class='ocrx_word' id='word_1_76' title='bbox 530 845 722 902; x_wconf 85' lang='grc' dir='ltr'><strong><em>ε’χόντων,</em></strong></span> <span class='ocrx_word' id='word_1_77' title='bbox 756 849 822 890; x_wconf 86' lang='grc' dir='ltr'><strong><em>καὶ</em></strong></span> <span class='ocrx_word' id='word_1_78' title='bbox 852 851 925 902; x_wconf 83' lang='grc' dir='ltr'><strong><em>τῆς</em></strong></span> <span class='ocrx_word' id='word_1_79' title='bbox 950 848 1179 902; x_wconf 78' lang='grc' dir='ltr'><strong><em>βασιλείας,</em></strong></span> <span class='ocrx_word' id='word_1_80' title='bbox 1214 844 1270 897; x_wconf 79' lang='grc' dir='ltr'><strong><em>ὥς</em></strong></span> <span class='ocrx_word' id='word_1_81' title='bbox 1293 845 1473 902; x_wconf 73' lang='grc' dir='ltr'><strong><em>εἴπομεν,</em></strong></span> <span class='ocrx_word' id='word_1_82' title='bbox 1507 845 1620 903; x_wconf 75' lang='grc' dir='ltr'><strong><em>παρὰ</em></strong></span> <span class='ocrx_word' id='word_1_83' title='bbox 1637 850 1717 890; x_wconf 80' lang='grc' dir='ltr'><strong><em>τῶν</em></strong></span> 
     </span>
     <span class='ocr_line' id='line_1_11' title="bbox 259 914 1774 973; baseline -0.003 -15"><span class='ocrx_word' id='word_1_84' title='bbox 259 914 483 973; x_wconf 74' lang='grc' dir='ltr'><strong><em>ἐπιτρόπων</em></strong></span> <span class='ocrx_word' id='word_1_85' title='bbox 505 915 769 971; x_wconf 74' lang='grc' dir='ltr'><strong><em>ἲθυνομίνης,</em></strong></span> <span class='ocrx_word' id='word_1_86' title='bbox 804 917 1108 966; x_wconf 85' lang='grc' dir='ltr'><strong><em>Κωνσταντῖνος</em></strong></span> <span class='ocrx_word' id='word_1_87' title='bbox 1133 914 1156 959; x_wconf 81' lang='grc' dir='ltr'><strong><em>ὃ</em></strong></span> <span class='ocrx_word' id='word_1_88' title='bbox 1183 919 1255 959; x_wconf 81' lang='grc' dir='ltr'><strong><em>τοῦ</em></strong></span> <span class='ocrx_word' id='word_1_89' title='bbox 1282 915 1444 966; x_wconf 84' lang='grc' dir='ltr'><strong><em>Λουκὸς</em></strong></span> <span class='ocrx_word' id='word_1_90' title='bbox 1461 915 1716 973; x_wconf 77' lang='grc' dir='ltr'><strong><em>Ἀνδρονίκου</em></strong></span> <span class='ocrx_word' id='word_1_91' title='bbox 1728 918 1774 955; x_wconf 85' lang='grc'><strong><em>10</em></strong></span> 
     </span>
     <span class='ocr_line' id='line_1_12' title="bbox 259 982 1719 1041; baseline 0 -15"><span class='ocrx_word' id='word_1_92' title='bbox 259 983 347 1035; x_wconf 80' lang='grc' dir='ltr'><strong><em>υἱός</em></strong></span> <span class='ocrx_word' id='word_1_93' title='bbox 355 1015 369 1036; x_wconf 95' lang='grc'><strong><em>,</em></strong></span> <span class='ocrx_word' id='word_1_94' title='bbox 404 983 637 1038; x_wconf 71' lang='grc' dir='ltr'><strong><em>δομίστικος</em></strong></span> <span class='ocrx_word' id='word_1_95' title='bbox 662 988 742 1027; x_wconf 84' lang='grc' dir='ltr'><strong><em>τῶν</em></strong></span> <span class='ocrx_word' id='word_1_96' title='bbox 771 987 928 1039; x_wconf 80' lang='grc' dir='ltr'><strong><em>σχολῶν</em></strong></span> <span class='ocrx_word' id='word_1_97' title='bbox 957 982 1162 1041; x_wconf 75' lang='grc' dir='ltr'><strong><em>τυγχάνων</em></strong></span> <span class='ocrx_word' id='word_1_98' title='bbox 1194 985 1263 1027; x_wconf 83' lang='grc' dir='ltr'><strong><em>καὶ</em></strong></span> <span class='ocrx_word' id='word_1_99' title='bbox 1291 984 1528 1027; x_wconf 78' lang='grc' dir='ltr'><strong><em>δυναστείαν</em></strong></span> <span class='ocrx_word' id='word_1_100' title='bbox 1555 987 1719 1041; x_wconf 81' lang='grc' dir='ltr'><strong><em>περιβε-</em></strong></span> 
     </span>
     <span class='ocr_line' id='line_1_13' title="bbox 259 1051 1720 1110; baseline 0 -16"><span class='ocrx_word' id='word_1_101' title='bbox 259 1052 459 1107; x_wconf 81' lang='grc' dir='ltr'><strong><em>βλημένος</em></strong></span> <span class='ocrx_word' id='word_1_102' title='bbox 479 1053 689 1108; x_wconf 81' lang='grc' dir='ltr'><strong><em>μεγίστην,</em></strong></span> <span class='ocrx_word' id='word_1_103' title='bbox 722 1051 934 1109; x_wconf 88' lang='grc' dir='ltr'><strong><em>γράμμασι</em></strong></span> <span class='ocrx_word' id='word_1_104' title='bbox 955 1058 1035 1097; x_wconf 85' lang='grc' dir='ltr'><strong><em>τῶν</em></strong></span> <span class='ocrx_word' id='word_1_105' title='bbox 1056 1053 1098 1096; x_wconf 76' lang='grc' dir='ltr'><strong><em>ἐν</em></strong></span> <span class='ocrx_word' id='word_1_106' title='bbox 1118 1057 1167 1110; x_wconf 84' lang='grc' dir='ltr'><strong><em>τῇ</em></strong></span> <span class='ocrx_word' id='word_1_107' title='bbox 1188 1053 1367 1106; x_wconf 75' lang='grc' dir='ltr'><strong><em>βασιλίδι</em></strong></span> <span class='ocrx_word' id='word_1_108' title='bbox 1387 1053 1516 1110; x_wconf 86' lang='grc' dir='ltr'><strong><em>φίλων</em></strong></span> <span class='ocrx_word' id='word_1_109' title='bbox 1532 1053 1599 1094; x_wconf 85' lang='grc' dir='ltr'><strong><em>καὶ</em></strong></span> <span class='ocrx_word' id='word_1_110' title='bbox 1619 1067 1720 1108; x_wconf 43' lang='grc' dir='ltr'><strong><em>συγτ·</em></strong></span> 
     </span>
    </p>

    <p class='ocr_par' dir='ltr' id='par_1_4' title="bbox 211 1118 1780 1862">
     <span class='ocr_line' id='line_1_14' title="bbox 211 1118 1719 1179; baseline -0.001 -16"><span class='ocrx_word' id='word_1_111' title='bbox 211 1132 242 1167; x_wconf 90' lang='grc' dir='ltr'>Β</span> <span class='ocrx_word' id='word_1_112' title='bbox 265 1125 388 1177; x_wconf 79' lang='grc' dir='ltr'><strong><em>γενῶν</em></strong></span> <span class='ocrx_word' id='word_1_113' title='bbox 403 1121 529 1164; x_wconf 80' lang='grc' dir='ltr'><strong><em>αὐτοῦ</em></strong></span> <span class='ocrx_word' id='word_1_114' title='bbox 544 1123 858 1178; x_wconf 70' lang='grc' dir='ltr'><strong><em>παρακινηθείς,</em></strong></span> <span class='ocrx_word' id='word_1_115' title='bbox 891 1119 1149 1179; x_wconf 78' lang='grc' dir='ltr'><strong><em>γεγραφότων</em></strong></span> <span class='ocrx_word' id='word_1_116' title='bbox 1168 1120 1371 1178; x_wconf 75' lang='grc' dir='ltr'><strong><em>ἀκέφαλον</em></strong></span> <span class='ocrx_word' id='word_1_117' title='bbox 1390 1118 1488 1163; x_wconf 78' lang='grc' dir='ltr'><strong><em>εἶναι</em></strong></span> <span class='ocrx_word' id='word_1_118' title='bbox 1508 1119 1581 1175; x_wconf 85' lang='grc' dir='ltr'><strong><em>τὴν</em></strong></span> <span class='ocrx_word' id='word_1_119' title='bbox 1595 1124 1719 1174; x_wconf 88' lang='grc' dir='ltr'><strong><em>βασι-</em></strong></span> 
     </span>
     <span class='ocr_line' id='line_1_15' title="bbox 261 1185 1719 1247; baseline -0.001 -16"><span class='ocrx_word' id='word_1_120' title='bbox 261 1190 370 1231; x_wconf 80' lang='grc' dir='ltr'><strong><em>λείαν</em></strong></span> <span class='ocrx_word' id='word_1_121' title='bbox 393 1190 460 1232; x_wconf 84' lang='grc' dir='ltr'><strong><em>καὶ</em></strong></span> <span class='ocrx_word' id='word_1_122' title='bbox 482 1193 615 1240; x_wconf 81' lang='grc' dir='ltr'><strong><em>κακῶς</em></strong></span> <span class='ocrx_word' id='word_1_123' title='bbox 638 1189 895 1246; x_wconf 70' lang='grc' dir='ltr'><strong><em>διεξάγεσθαι</em></strong></span> <span class='ocrx_word' id='word_1_124' title='bbox 915 1191 982 1232; x_wconf 82' lang='grc' dir='ltr'><strong><em>καὶ</em></strong></span> <span class='ocrx_word' id='word_1_125' title='bbox 1003 1189 1147 1247; x_wconf 84' lang='grc' dir='ltr'><strong><em>μικρὸν</em></strong></span> <span class='ocrx_word' id='word_1_126' title='bbox 1169 1187 1264 1232; x_wconf 84' lang='grc' dir='ltr'><strong><em>ὅσον</em></strong></span> <span class='ocrx_word' id='word_1_127' title='bbox 1285 1185 1524 1231; x_wconf 74' lang='grc' dir='ltr'><strong><em>κινδυνεύειν</em></strong></span> <span class='ocrx_word' id='word_1_128' title='bbox 1543 1188 1719 1247; x_wconf 72' lang='grc' dir='ltr'><strong><em>ὀλεθρίῳ</em></strong></span> 
     </span>
     <span class='ocr_line' id='line_1_16' title="bbox 261 1254 1774 1316; baseline -0.001 -16"><span class='ocrx_word' id='word_1_129' title='bbox 261 1255 433 1316; x_wconf 77' lang='grc' dir='ltr'><strong><em>κινδύνῳ</em></strong></span> <span class='ocrx_word' id='word_1_130' title='bbox 471 1255 705 1311; x_wconf 79' lang='grc' dir='ltr'><strong><em>ὖποπεσεΐν,</em></strong></span> <span class='ocrx_word' id='word_1_131' title='bbox 752 1256 875 1302; x_wconf 75' lang='grc' dir='ltr'><strong><em>αὐτόν</em></strong></span> <span class='ocrx_word' id='word_1_132' title='bbox 905 1275 946 1301; x_wconf 88' lang='grc' dir='ltr'><strong><em>τε</em></strong></span> <span class='ocrx_word' id='word_1_133' title='bbox 982 1257 1318 1312; x_wconf 75' lang='grc' dir='ltr'><strong><em>ἀνακαλουμένων</em></strong></span> <span class='ocrx_word' id='word_1_134' title='bbox 1345 1254 1402 1308; x_wconf 82' lang='grc' dir='ltr'><strong><em>ὥς</em></strong></span> <span class='ocrx_word' id='word_1_135' title='bbox 1427 1256 1624 1314; x_wconf 74' lang='grc' dir='ltr'><strong><em>ἐχέφρονα</em></strong></span> <span class='ocrx_word' id='word_1_136' title='bbox 1650 1257 1774 1302; x_wconf 82' lang='grc' dir='ltr'><strong><em>καὶ15</em></strong></span> 
     </span>
     <span class='ocr_line' id='line_1_17' title="bbox 261 1322 1722 1383; baseline -0.001 -15"><span class='ocrx_word' id='word_1_137' title='bbox 261 1325 444 1382; x_wconf 76' lang='grc' dir='ltr'><strong><em>ἀνδρεῖον</em></strong></span> <span class='ocrx_word' id='word_1_138' title='bbox 462 1327 528 1368; x_wconf 85' lang='grc' dir='ltr'><strong><em>καὶ</em></strong></span> <span class='ocrx_word' id='word_1_139' title='bbox 545 1325 669 1380; x_wconf 87' lang='grc' dir='ltr'><strong><em>μόνον</em></strong></span> <span class='ocrx_word' id='word_1_140' title='bbox 690 1325 909 1381; x_wconf 82' lang='grc' dir='ltr'><strong><em>δυνάμενον</em></strong></span> <span class='ocrx_word' id='word_1_141' title='bbox 933 1327 1104 1378; x_wconf 77' lang='grc' dir='ltr'><strong><em>ἐπαξίως</em></strong></span> <span class='ocrx_word' id='word_1_142' title='bbox 1123 1329 1365 1383; x_wconf 81' lang='grc' dir='ltr'><strong><em>κυβερνῆσαι</em></strong></span> <span class='ocrx_word' id='word_1_143' title='bbox 1387 1324 1460 1379; x_wconf 83' lang='grc' dir='ltr'><strong><em>τὴν</em></strong></span> <span class='ocrx_word' id='word_1_144' title='bbox 1481 1322 1722 1382; x_wconf 84' lang='grc' dir='ltr'><strong><em>περιβόητον</em></strong></span> 
     </span>
     <span class='ocr_line' id='line_1_18' title="bbox 262 1391 1723 1452; baseline -0.001 -15"><span class='ocrx_word' id='word_1_145' title='bbox 262 1399 344 1440; x_wconf 78' lang='grc' dir='ltr'><strong><em>τῶν</em></strong></span> <span class='ocrx_word' id='word_1_146' title='bbox 358 1392 568 1449; x_wconf 85' lang='grc' dir='ltr'><strong><em>Ῥωμαίων</em></strong></span> <span class='ocrx_word' id='word_1_147' title='bbox 590 1394 719 1451; x_wconf 79' lang='grc' dir='ltr'><strong><em>ἀρχήν</em></strong></span> <span class='ocrx_word' id='word_1_148' title='bbox 728 1426 743 1447; x_wconf 93' lang='grc'><strong><em>,</em></strong></span> <span class='ocrx_word' id='word_1_149' title='bbox 774 1395 1061 1452; x_wconf 73' lang='grc' dir='ltr'><strong><em>προσθεμένων</em></strong></span> <span class='ocrx_word' id='word_1_150' title='bbox 1084 1395 1124 1437; x_wconf 76' lang='grc' dir='ltr'><strong><em>δ’</em></strong></span> <span class='ocrx_word' id='word_1_151' title='bbox 1150 1393 1211 1438; x_wconf 82' lang='grc' dir='ltr'><strong><em>ὅτι</em></strong></span> <span class='ocrx_word' id='word_1_152' title='bbox 1230 1395 1297 1436; x_wconf 84' lang='grc' dir='ltr'><strong><em>καὶ</em></strong></span> <span class='ocrx_word' id='word_1_153' title='bbox 1314 1391 1340 1448; x_wconf 77' lang='grc' dir='ltr'><strong><em>ἦ</em></strong></span> <span class='ocrx_word' id='word_1_154' title='bbox 1361 1391 1581 1450; x_wconf 79' lang='grc' dir='ltr'><strong><em>σύγκλητος</em></strong></span> <span class='ocrx_word' id='word_1_155' title='bbox 1601 1391 1723 1436; x_wconf 76' lang='grc' dir='ltr'><strong><em>αὐτὸν</em></strong></span> 
     </span>
     <span class='ocr_line' id='line_1_19' title="bbox 264 1459 1725 1518; baseline -0.001 -13"><span class='ocrx_word' id='word_1_156' title='bbox 264 1460 486 1515; x_wconf 72' lang='grc' dir='ltr'><strong><em>ἀσπάζεται</em></strong></span> <span class='ocrx_word' id='word_1_157' title='bbox 516 1464 584 1505; x_wconf 87' lang='grc' dir='ltr'><strong><em>καὶ</em></strong></span> <span class='ocrx_word' id='word_1_158' title='bbox 609 1461 630 1505; x_wconf 83' lang='grc' dir='ltr'><strong>ὅ</strong></span> <span class='ocrx_word' id='word_1_159' title='bbox 660 1464 864 1514; x_wconf 82' lang='grc' dir='ltr'><strong><em>πολιτικὸς</em></strong></span> <span class='ocrx_word' id='word_1_160' title='bbox 892 1462 1033 1518; x_wconf 71' lang='grc' dir='ltr'><strong><em>ὄχλος,</em></strong></span> <span class='ocrx_word' id='word_1_161' title='bbox 1069 1464 1136 1506; x_wconf 83' lang='grc' dir='ltr'><strong><em>καὶ</em></strong></span> <span class='ocrx_word' id='word_1_162' title='bbox 1163 1460 1482 1505; x_wconf 74' lang='grc' dir='ltr'><strong><em>ε’πισπευδόντων</em></strong></span> <span class='ocrx_word' id='word_1_163' title='bbox 1515 1459 1571 1512; x_wconf 82' lang='grc' dir='ltr'><strong><em>ὥς</em></strong></span> <span class='ocrx_word' id='word_1_164' title='bbox 1601 1459 1725 1516; x_wconf 86' lang='grc' dir='ltr'><strong><em>τάχος</em></strong></span> 
     </span>
     <span class='ocr_line' id='line_1_20' title="bbox 266 1528 1724 1589; baseline -0.002 -15"><span class='ocrx_word' id='word_1_165' title='bbox 266 1535 531 1585; x_wconf 74' lang='grc' dir='ltr'><strong><em>καταλαβεῖν,</em></strong></span> <span class='ocrx_word' id='word_1_166' title='bbox 561 1529 807 1583; x_wconf 87' lang='grc' dir='ltr'><strong><em>συνειδότος,</em></strong></span> <span class='ocrx_word' id='word_1_167' title='bbox 835 1530 891 1582; x_wconf 78' lang='grc' dir='ltr'><strong><em>ὥς</em></strong></span> <span class='ocrx_word' id='word_1_168' title='bbox 910 1547 1035 1589; x_wconf 85' lang='grc' dir='ltr'><strong><em>φασι,</em></strong></span> <span class='ocrx_word' id='word_1_169' title='bbox 1060 1532 1129 1574; x_wconf 88' lang='grc' dir='ltr'><strong><em>καὶ</em></strong></span> <span class='ocrx_word' id='word_1_170' title='bbox 1148 1534 1221 1573; x_wconf 82' lang='grc' dir='ltr'><strong><em>τοῦ</em></strong></span> <span class='ocrx_word' id='word_1_171' title='bbox 1239 1528 1491 1588; x_wconf 88' lang='grc' dir='ltr'><strong><em>πατριάρχου</em></strong></span> <span class='ocrx_word' id='word_1_172' title='bbox 1514 1528 1724 1573; x_wconf 87' lang='grc' dir='ltr'><strong><em>Νικολάου</em></strong></span> 
     </span>
     <span class='ocr_line' id='line_1_21' title="bbox 265 1595 1780 1656; baseline -0.001 -15"><span class='ocrx_word' id='word_1_173' title='bbox 265 1600 334 1642; x_wconf 89' lang='grc' dir='ltr'><strong><em>καὶ</em></strong></span> <span class='ocrx_word' id='word_1_174' title='bbox 365 1605 449 1649; x_wconf 86' lang='grc' dir='ltr'><strong><em>τοῖς</em></strong></span> <span class='ocrx_word' id='word_1_175' title='bbox 478 1607 666 1656; x_wconf 79' lang='grc' dir='ltr'><strong><em>γραφεῖσι</em></strong></span> <span class='ocrx_word' id='word_1_176' title='bbox 700 1602 1034 1651; x_wconf 82' lang='grc' dir='ltr'><strong><em>συνευδοκοῦντος</em></strong></span> <span class='ocrx_word' id='word_1_177' title='bbox 1065 1598 1134 1642; x_wconf 75' lang='grc' dir='ltr'><strong><em>διὰ</em></strong></span> <span class='ocrx_word' id='word_1_178' title='bbox 1166 1598 1212 1641; x_wconf 85' lang='grc' dir='ltr'><strong><em>τὸ</em></strong></span> <span class='ocrx_word' id='word_1_179' title='bbox 1250 1596 1374 1654; x_wconf 84' lang='grc' dir='ltr'><strong><em>μήπω</em></strong></span> <span class='ocrx_word' id='word_1_180' title='bbox 1408 1597 1483 1648; x_wconf 82' lang='grc' dir='ltr'><strong><em>τὰς</em></strong></span> <span class='ocrx_word' id='word_1_181' title='bbox 1520 1595 1780 1653; x_wconf 66' lang='grc' dir='ltr'><strong><em>διαθήκαςξο</em></strong></span> 
     </span>
     <span class='ocr_line' id='line_1_22' title="bbox 260 1664 1727 1725; baseline -0.001 -16"><span class='ocrx_word' id='word_1_182' title='bbox 260 1665 524 1725; x_wconf 77' lang='grc' dir='ltr'><strong><em>Ἀλεξάνδρου</em></strong></span> <span class='ocrx_word' id='word_1_183' title='bbox 555 1668 864 1724; x_wconf 76' lang='grc' dir='ltr'><strong><em>ἀναγνωσθῆναι</em></strong></span> <span class='ocrx_word' id='word_1_184' title='bbox 894 1668 997 1724; x_wconf 77' lang='grc' dir='ltr'><strong><em>μηδὲ</em></strong></span> <span class='ocrx_word' id='word_1_185' title='bbox 1025 1671 1259 1724; x_wconf 76' lang='grc' dir='ltr'><strong><em>γνωσθῆναι</em></strong></span> <span class='ocrx_word' id='word_1_186' title='bbox 1288 1667 1400 1725; x_wconf 77' lang='grc' dir='ltr'><strong><em>αὐτῷ</em></strong></span> <span class='ocrx_word' id='word_1_187' title='bbox 1430 1664 1485 1717; x_wconf 83' lang='grc' dir='ltr'><strong><em>ὥς</em></strong></span> <span class='ocrx_word' id='word_1_188' title='bbox 1515 1666 1727 1723; x_wconf 74' lang='grc' dir='ltr'><strong><em>ἐπίτροπος</em></strong></span> 
     </span>
     <span class='ocr_line' id='line_1_23' title="bbox 267 1734 1726 1793; baseline -0.001 -16"><span class='ocrx_word' id='word_1_189' title='bbox 267 1735 487 1792; x_wconf 73' lang='grc' dir='ltr'><strong><em>γέγραπται</em></strong></span> <span class='ocrx_word' id='word_1_190' title='bbox 506 1737 573 1778; x_wconf 86' lang='grc' dir='ltr'><strong><em>καὶ</em></strong></span> <span class='ocrx_word' id='word_1_191' title='bbox 594 1737 714 1787; x_wconf 77' lang='grc' dir='ltr'><strong><em>αὐτὸς</em></strong></span> <span class='ocrx_word' id='word_1_192' title='bbox 735 1741 807 1781; x_wconf 81' lang='grc' dir='ltr'><strong><em>τοῦ</em></strong></span> <span class='ocrx_word' id='word_1_193' title='bbox 827 1735 994 1789; x_wconf 86' lang='grc' dir='ltr'><strong><em>παιδός,</em></strong></span> <span class='ocrx_word' id='word_1_194' title='bbox 1023 1734 1301 1793; x_wconf 84' lang='grc' dir='ltr'><strong><em>Ἀρταβάσδου</em></strong></span> <span class='ocrx_word' id='word_1_195' title='bbox 1323 1734 1425 1792; x_wconf 87' lang='grc' dir='ltr'><strong><em>πρὸς</em></strong></span> <span class='ocrx_word' id='word_1_196' title='bbox 1444 1738 1563 1777; x_wconf 81' lang='grc' dir='ltr'><strong><em>τοῦτο</em></strong></span> <span class='ocrx_word' id='word_1_197' title='bbox 1587 1736 1726 1777; x_wconf 76' lang='grc' dir='ltr'><strong><em>διακο·</em></strong></span> 
     </span>
     <span class='ocr_line' id='line_1_24' title="bbox 269 1800 1728 1862; baseline -0.001 -16"><span class='ocrx_word' id='word_1_198' title='bbox 269 1802 465 1858; x_wconf 83' lang='grc' dir='ltr'><strong><em>νήσαντος</em></strong></span> <span class='ocrx_word' id='word_1_199' title='bbox 491 1805 559 1846; x_wconf 87' lang='grc' dir='ltr'><strong><em>καὶ</em></strong></span> <span class='ocrx_word' id='word_1_200' title='bbox 590 1804 703 1862; x_wconf 80' lang='grc' dir='ltr'><strong><em>παρὰ</em></strong></span> <span class='ocrx_word' id='word_1_201' title='bbox 725 1808 844 1848; x_wconf 77' lang='grc' dir='ltr'><strong><em>τοῦτο</em></strong></span> <span class='ocrx_word' id='word_1_202' title='bbox 870 1802 1032 1862; x_wconf 82' lang='grc' dir='ltr'><strong><em>πρώτου</em></strong></span> <span class='ocrx_word' id='word_1_203' title='bbox 1053 1809 1133 1848; x_wconf 84' lang='grc' dir='ltr'><strong><em>τῶν</em></strong></span> <span class='ocrx_word' id='word_1_204' title='bbox 1154 1804 1288 1860; x_wconf 73' lang='grc' dir='ltr'><strong><em>ἱερέων</em></strong></span> <span class='ocrx_word' id='word_1_205' title='bbox 1305 1808 1378 1858; x_wconf 84' lang='grc' dir='ltr'><strong><em>τῆς</em></strong></span> <span class='ocrx_word' id='word_1_206' title='bbox 1392 1800 1569 1859; x_wconf 82' lang='grc' dir='ltr'><strong><em>μεγάλης</em></strong></span> <span class='ocrx_word' id='word_1_207' title='bbox 1585 1803 1728 1858; x_wconf 78' lang='grc' dir='ltr'><strong><em>ἔκκλη-</em></strong></span> 
     </span>
    </p>

    <p class='ocr_par' dir='ltr' id='par_1_5' title="bbox 218 1865 1728 1930">
     <span class='ocr_line' id='line_1_25' title="bbox 218 1865 1728 1930; baseline -0.001 -14"><span class='ocrx_word' id='word_1_208' title='bbox 218 1874 249 1910; x_wconf 83' lang='lat' dir='ltr'>C</span> <span class='ocrx_word' id='word_1_209' title='bbox 273 1873 363 1923; x_wconf 84' lang='grc' dir='ltr'><strong><em>σίας</em></strong></span> <span class='ocrx_word' id='word_1_210' title='bbox 391 1873 600 1927; x_wconf 78' lang='grc' dir='ltr'><strong><em>μετέπειτα</em></strong></span> <span class='ocrx_word' id='word_1_211' title='bbox 627 1874 852 1930; x_wconf 83' lang='grc' dir='ltr'><strong><em>γενομένου.</em></strong></span> <span class='ocrx_word' id='word_1_212' title='bbox 919 1873 1051 1930; x_wconf 77' lang='grc' dir='ltr'><strong><em>πατὴρ</em></strong></span> <span class='ocrx_word' id='word_1_213' title='bbox 1074 1873 1114 1916; x_wconf 80' lang='grc' dir='ltr'><strong><em>δ’</em></strong></span> <span class='ocrx_word' id='word_1_214' title='bbox 1138 1869 1456 1929; x_wconf 80' lang='grc' dir='ltr'><strong><em>ὅἈρτάβασδος</em></strong></span> <span class='ocrx_word' id='word_1_215' title='bbox 1474 1865 1526 1927; x_wconf 77' lang='grc' dir='ltr'><strong><em>ἦν</em></strong></span> <span class='ocrx_word' id='word_1_216' title='bbox 1540 1871 1728 1929; x_wconf 75' lang='grc' dir='ltr'><strong><em>Ἀνδρέου</em></strong></span> 
     </span>
    </p>
   </div>
   <div class='ocr_carea' id='block_1_3' title="bbox 359 1995 1729 2093">
    <p class='ocr_par' dir='ltr' id='par_1_6' title="bbox 359 1995 1729 2093">
     <span class='ocr_line' id='line_1_26' title="bbox 359 1995 1729 2049; baseline -0.001 -12"><span class='ocrx_word' id='word_1_217' title='bbox 359 2002 384 2037; x_wconf 83' lang='grc'><strong>3</strong></span> <span class='ocrx_word' id='word_1_218' title='bbox 406 1997 506 2037; x_wconf 72' lang='grc' dir='ltr'><strong><em>οὕτω</em></strong></span> <span class='ocrx_word' id='word_1_219' title='bbox 530 2002 560 2036; x_wconf 88' lang='lat' dir='ltr'>C</span> <span class='ocrx_word' id='word_1_220' title='bbox 742 2003 766 2041; x_wconf 89' lang='lat'>5</span> <span class='ocrx_word' id='word_1_221' title='bbox 789 2001 920 2049; x_wconf 73' lang='grc' dir='ltr'><strong><em>ἔχοντα</em></strong></span> <span class='ocrx_word' id='word_1_222' title='bbox 943 2000 1025 2043; x_wconf 81' lang='grc' dir='ltr'><strong><em>ἔτος</em></strong></span> <span class='ocrx_word' id='word_1_223' title='bbox 1045 2000 1108 2037; x_wconf 80' lang='grc' dir='ltr'><strong><em>καὶ</em></strong></span> <span class='ocrx_word' id='word_1_224' title='bbox 1129 1996 1269 2046; x_wconf 75' lang='grc' dir='ltr'><strong><em>ἄγοντα</em></strong></span> <span class='ocrx_word' id='word_1_225' title='bbox 1290 2001 1320 2036; x_wconf 88' lang='lat' dir='ltr'>P</span> <span class='ocrx_word' id='word_1_226' title='bbox 1501 2001 1526 2037; x_wconf 87' lang='grc'><strong>7</strong></span> <span class='ocrx_word' id='word_1_227' title='bbox 1548 1995 1603 2035; x_wconf 74' lang='grc' dir='ltr'><strong><em>ὄν</em></strong></span> <span class='ocrx_word' id='word_1_228' title='bbox 1624 2011 1679 2037; x_wconf 85' lang='lat' dir='ltr'><strong>om</strong></span> <span class='ocrx_word' id='word_1_229' title='bbox 1697 2000 1729 2035; x_wconf 83' lang='lat' dir='ltr'>C</span> 
     </span>
     <span class='ocr_line' id='line_1_27' title="bbox 361 2045 1260 2093; baseline -0.001 -10"><span class='ocrx_word' id='word_1_230' title='bbox 361 2049 405 2084; x_wconf 86' lang='lat'><strong><em>16</em></strong></span> <span class='ocrx_word' id='word_1_231' title='bbox 428 2045 675 2093; x_wconf 76' lang='grc' dir='ltr'><strong><em>ἐπισταμένως</em></strong></span> <span class='ocrx_word' id='word_1_232' title='bbox 697 2049 728 2085; x_wconf 87' lang='lat' dir='ltr'>C</span> <span class='ocrx_word' id='word_1_233' title='bbox 862 2050 909 2085; x_wconf 75' lang='lat'><strong><em>22</em></strong></span> <span class='ocrx_word' id='word_1_234' title='bbox 928 2047 993 2084; x_wconf 79' lang='grc' dir='ltr'><strong><em>καὶ</em></strong></span> <span class='ocrx_word' id='word_1_235' title='bbox 1012 2045 1129 2091; x_wconf 71' lang='grc' dir='ltr'><strong><em>αὐτὸς</em></strong></span> <span class='ocrx_word' id='word_1_236' title='bbox 1150 2059 1206 2083; x_wconf 91' lang='lat' dir='ltr'><strong>om</strong></span> <span class='ocrx_word' id='word_1_237' title='bbox 1228 2047 1260 2081; x_wconf 85' lang='lat' dir='ltr'>C</span> 
     </span>
    </p>
   </div>
   <div class='ocr_carea' id='block_1_4' title="bbox 270 2159 1736 2901">
    <p class='ocr_par' dir='ltr' id='par_1_7' title="bbox 270 2159 1733 2244">
     <span class='ocr_line' id='line_1_28' title="bbox 270 2159 1733 2240; baseline 0.001 -46"><span class='ocrx_word' id='word_1_238' title='bbox 270 2159 472 2240; x_wconf 58' lang='lat' dir='ltr'><strong>Basdl&#39;itzam</strong></span> <span class='ocrx_word' id='word_1_239' title='bbox 506 2164 542 2197; x_wconf 87' lang='lat' dir='ltr'><strong><em>et</em></strong></span> <span class='ocrx_word' id='word_1_240' title='bbox 576 2161 875 2210; x_wconf 86' lang='lat' dir='ltr'><strong>Gabrielopulum.</strong></span> <span class='ocrx_word' id='word_1_241' title='bbox 930 2162 1058 2199; x_wconf 87' lang='lat' dir='ltr'><strong>mortui</strong></span> <span class='ocrx_word' id='word_1_242' title='bbox 1089 2161 1242 2198; x_wconf 85' lang='lat' dir='ltr'><strong>cadaver</strong></span> <span class='ocrx_word' id='word_1_243' title='bbox 1274 2160 1368 2208; x_wconf 87' lang='lat' dir='ltr'><strong>apud</strong></span> <span class='ocrx_word' id='word_1_244' title='bbox 1399 2162 1533 2208; x_wconf 84' lang='lat' dir='ltr'><strong>patrem</strong></span> <span class='ocrx_word' id='word_1_245' title='bbox 1562 2159 1733 2196; x_wconf 75' lang='lat' dir='ltr'>Basiliam</span> 
     </span>
     <span class='ocr_line' id='line_1_29' title="bbox 270 2211 534 2244; baseline 0.019 -5"><span class='ocrx_word' id='word_1_246' title='bbox 270 2218 334 2240; x_wconf 91' lang='lat' dir='ltr'><strong><em>con</em></strong></span> <span class='ocrx_word' id='word_1_247' title='bbox 363 2211 444 2241; x_wconf 77' lang='lat' dir='ltr'><strong>itum</strong></span> <span class='ocrx_word' id='word_1_248' title='bbox 468 2213 534 2244; x_wconf 81' lang='lat' dir='ltr'><strong>est.</strong></span> 
     </span>
    </p>

    <p class='ocr_par' dir='ltr' id='par_1_8' title="bbox 274 2248 1736 2901">
     <span class='ocr_line' id='line_1_30' title="bbox 314 2248 1731 2306; baseline 0.001 -20"><span class='ocrx_word' id='word_1_249' title='bbox 314 2296 322 2304; x_wconf 92' lang='lat'>.</span> <span class='ocrx_word' id='word_1_250' title='bbox 362 2248 496 2287; x_wconf 89' lang='lat' dir='ltr'><strong>Annum</strong></span> <span class='ocrx_word' id='word_1_251' title='bbox 520 2264 627 2298; x_wconf 81' lang='lat' dir='ltr'><strong>agens</strong></span> <span class='ocrx_word' id='word_1_252' title='bbox 650 2253 777 2289; x_wconf 83' lang='lat' dir='ltr'><strong>aetatis</strong></span> <span class='ocrx_word' id='word_1_253' title='bbox 799 2250 981 2300; x_wconf 81' lang='lat' dir='ltr'><strong>septimum</strong></span> <span class='ocrx_word' id='word_1_254' title='bbox 1004 2253 1256 2289; x_wconf 79' lang='lat' dir='ltr'><strong>Constantinus</strong></span> <span class='ocrx_word' id='word_1_255' title='bbox 1284 2251 1416 2288; x_wconf 85' lang='lat' dir='ltr'><strong>Leonis</strong></span> <span class='ocrx_word' id='word_1_256' title='bbox 1436 2251 1530 2287; x_wconf 85' lang='lat' dir='ltr'><strong>filius</strong></span> <span class='ocrx_word' id='word_1_257' title='bbox 1549 2251 1731 2306; x_wconf 79' lang='lat' dir='ltr'><strong>imperium</strong></span> 
     </span>
     <span class='ocr_line' id='line_1_31' title="bbox 275 2297 1733 2344; baseline 0.002 -15"><span class='ocrx_word' id='word_1_258' title='bbox 275 2297 371 2341; x_wconf 85' lang='lat' dir='ltr'><strong>imit,</strong></span> <span class='ocrx_word' id='word_1_259' title='bbox 407 2300 471 2333; x_wconf 84' lang='lat' dir='ltr'><strong>sub</strong></span> <span class='ocrx_word' id='word_1_260' title='bbox 496 2299 540 2334; x_wconf 86' lang='lat' dir='ltr'><strong><em>iis</em></strong></span> <span class='ocrx_word' id='word_1_261' title='bbox 565 2311 651 2344; x_wconf 85' lang='lat' dir='ltr'><strong>quos</strong></span> <span class='ocrx_word' id='word_1_262' title='bbox 674 2301 832 2335; x_wconf 86' lang='lat' dir='ltr'><strong>recensui</strong></span> <span class='ocrx_word' id='word_1_263' title='bbox 856 2300 1048 2335; x_wconf 84' lang='lat' dir='ltr'><strong>tutoribus:</strong></span> <span class='ocrx_word' id='word_1_264' title='bbox 1084 2305 1121 2334; x_wconf 92' lang='lat' dir='ltr'><strong><em>et</em></strong></span> <span class='ocrx_word' id='word_1_265' title='bbox 1149 2299 1317 2335; x_wconf 82' lang='lat' dir='ltr'><strong>Nicolaus</strong></span> <span class='ocrx_word' id='word_1_266' title='bbox 1347 2297 1494 2333; x_wconf 81' lang='lat' dir='ltr'><strong>maxime</strong></span> <span class='ocrx_word' id='word_1_267' title='bbox 1519 2297 1733 2344; x_wconf 77' lang='lat' dir='ltr'><strong>patum-cha,</strong></span> 
     </span>
     <span class='ocr_line' id='line_1_32' title="bbox 274 2343 1733 2392; baseline 0.002 -17"><span class='ocrx_word' id='word_1_268' title='bbox 274 2347 396 2387; x_wconf 85' lang='lat' dir='ltr'>utpote</span> <span class='ocrx_word' id='word_1_269' title='bbox 420 2355 507 2378; x_wconf 88' lang='lat' dir='ltr'><strong>unus</strong></span> <span class='ocrx_word' id='word_1_270' title='bbox 530 2350 700 2392; x_wconf 87' lang='lat' dir='ltr'><strong>tutorum,</strong></span> <span class='ocrx_word' id='word_1_271' title='bbox 735 2345 867 2381; x_wconf 83' lang='lat' dir='ltr'><strong>clavum</strong></span> <span class='ocrx_word' id='word_1_272' title='bbox 891 2345 943 2380; x_wconf 82' lang='lat' dir='ltr'><strong><em>rei</em></strong></span> <span class='ocrx_word' id='word_1_273' title='bbox 967 2345 1128 2392; x_wconf 86' lang='lat' dir='ltr'><strong>publicae</strong></span> <span class='ocrx_word' id='word_1_274' title='bbox 1156 2345 1283 2380; x_wconf 88' lang='lat' dir='ltr'><strong>tenuit.</strong></span> <span class='ocrx_word' id='word_1_275' title='bbox 1330 2344 1431 2379; x_wconf 83' lang='lat' dir='ltr'><strong>initio</strong></span> <span class='ocrx_word' id='word_1_276' title='bbox 1457 2343 1560 2378; x_wconf 78' lang='lat' dir='ltr'><strong>huius</strong></span> <span class='ocrx_word' id='word_1_277' title='bbox 1580 2343 1733 2389; x_wconf 81' lang='lat' dir='ltr'><strong>imperii,</strong></span> 
     </span>
     <span class='ocr_line' id='line_1_33' title="bbox 277 2388 1735 2434; baseline 0.002 -13"><span class='ocrx_word' id='word_1_278' title='bbox 277 2388 526 2424; x_wconf 79' lang='lat' dir='ltr'><strong>Constantinus</strong></span> <span class='ocrx_word' id='word_1_279' title='bbox 557 2391 672 2426; x_wconf 86' lang='lat' dir='ltr'><strong>Ducas</strong></span> <span class='ocrx_word' id='word_1_280' title='bbox 702 2391 894 2427; x_wconf 87' lang='lat' dir='ltr'><strong>Andronici</strong></span> <span class='ocrx_word' id='word_1_281' title='bbox 924 2391 1017 2426; x_wconf 84' lang='lat' dir='ltr'><strong>filius</strong></span> <span class='ocrx_word' id='word_1_282' title='bbox 1048 2391 1257 2426; x_wconf 78' lang='lat' dir='ltr'><strong>domesticus</strong></span> <span class='ocrx_word' id='word_1_283' title='bbox 1278 2390 1490 2434; x_wconf 86' lang='lat' dir='ltr'><strong>scholarum,</strong></span> <span class='ocrx_word' id='word_1_284' title='bbox 1527 2393 1565 2424; x_wconf 82' lang='lat' dir='ltr'><strong><em>et</em></strong></span> <span class='ocrx_word' id='word_1_285' title='bbox 1586 2388 1735 2424; x_wconf 86' lang='lat' dir='ltr'><strong>maxima</strong></span> 
     </span>
     <span class='ocr_line' id='line_1_34' title="bbox 275 2434 1735 2483; baseline 0.001 -16"><span class='ocrx_word' id='word_1_286' title='bbox 275 2435 453 2477; x_wconf 85' lang='lat' dir='ltr'><strong>praeditus</strong></span> <span class='ocrx_word' id='word_1_287' title='bbox 488 2437 663 2482; x_wconf 87' lang='lat' dir='ltr'><strong>potentia,</strong></span> <span class='ocrx_word' id='word_1_288' title='bbox 702 2440 887 2473; x_wconf 87' lang='lat' dir='ltr'><strong>amicorum</strong></span> <span class='ocrx_word' id='word_1_289' title='bbox 918 2449 960 2472; x_wconf 82' lang='lat' dir='ltr'><strong><em>ac</em></strong></span> <span class='ocrx_word' id='word_1_290' title='bbox 989 2442 1212 2483; x_wconf 84' lang='lat' dir='ltr'><strong>cognatorum</strong></span> <span class='ocrx_word' id='word_1_291' title='bbox 1233 2437 1272 2471; x_wconf 89' lang='lat' dir='ltr'><strong><em>in</em></strong></span> <span class='ocrx_word' id='word_1_292' title='bbox 1294 2437 1382 2471; x_wconf 90' lang='lat' dir='ltr'><strong>urbe</strong></span> <span class='ocrx_word' id='word_1_293' title='bbox 1403 2434 1602 2481; x_wconf 83' lang='lat' dir='ltr'><strong>degentium</strong></span> <span class='ocrx_word' id='word_1_294' title='bbox 1620 2434 1735 2469; x_wconf 73' lang='lat' dir='ltr'><strong>literis</strong></span> 
     </span>
     <span class='ocr_line' id='line_1_35' title="bbox 275 2479 1736 2532; baseline 0.001 -20"><span class='ocrx_word' id='word_1_295' title='bbox 275 2480 319 2532; x_wconf 65' lang='lat' dir='ltr'><strong><em>ad</em></strong></span> <span class='ocrx_word' id='word_1_296' title='bbox 357 2479 587 2516; x_wconf 84' lang='lat' dir='ltr'><strong>invadendum</strong></span> <span class='ocrx_word' id='word_1_297' title='bbox 625 2482 806 2529; x_wconf 87' lang='lat' dir='ltr'><strong>imperium</strong></span> <span class='ocrx_word' id='word_1_298' title='bbox 840 2483 1042 2528; x_wconf 82' lang='lat' dir='ltr'><strong>instigatur.</strong></span> <span class='ocrx_word' id='word_1_299' title='bbox 1086 2483 1287 2518; x_wconf 76' lang='lat' dir='ltr'><strong>scribebant</strong></span> <span class='ocrx_word' id='word_1_300' title='bbox 1314 2480 1426 2526; x_wconf 84' lang='lat' dir='ltr'><strong>enim,</strong></span> <span class='ocrx_word' id='word_1_301' title='bbox 1469 2480 1585 2526; x_wconf 84' lang='lat' dir='ltr'><strong>capite</strong></span> <span class='ocrx_word' id='word_1_302' title='bbox 1612 2491 1736 2515; x_wconf 81' lang='lat' dir='ltr'><strong>carere</strong></span> 
     </span>
     <span class='ocr_line' id='line_1_36' title="bbox 277 2526 1736 2574; baseline 0.002 -18"><span class='ocrx_word' id='word_1_303' title='bbox 277 2526 475 2571; x_wconf 76' lang='lat' dir='ltr'><strong>imperium,</strong></span> <span class='ocrx_word' id='word_1_304' title='bbox 499 2539 540 2561; x_wconf 88' lang='lat' dir='ltr'><strong><em>ac</em></strong></span> <span class='ocrx_word' id='word_1_305' title='bbox 563 2528 650 2563; x_wconf 86' lang='lat' dir='ltr'><strong>male</strong></span> <span class='ocrx_word' id='word_1_306' title='bbox 672 2530 771 2574; x_wconf 84' lang='lat' dir='ltr'><strong>geri,</strong></span> <span class='ocrx_word' id='word_1_307' title='bbox 795 2533 832 2563; x_wconf 89' lang='lat' dir='ltr'><strong><em>et</em></strong></span> <span class='ocrx_word' id='word_1_308' title='bbox 853 2529 890 2563; x_wconf 89' lang='lat' dir='ltr'><strong><em>in</em></strong></span> <span class='ocrx_word' id='word_1_309' title='bbox 914 2540 1044 2564; x_wconf 86' lang='lat' dir='ltr'><strong>summo</strong></span> <span class='ocrx_word' id='word_1_310' title='bbox 1066 2528 1202 2563; x_wconf 81' lang='lat' dir='ltr'><strong>versari</strong></span> <span class='ocrx_word' id='word_1_311' title='bbox 1224 2527 1443 2562; x_wconf 70' lang='lat' dir='ltr'><strong>discrimine:</strong></span> <span class='ocrx_word' id='word_1_312' title='bbox 1473 2526 1671 2572; x_wconf 83' lang='lat' dir='ltr'><strong>ipsumque,</strong></span> <span class='ocrx_word' id='word_1_313' title='bbox 1695 2531 1736 2560; x_wconf 88' lang='lat' dir='ltr'><strong><em>ut</em></strong></span> 
     </span>
     <span class='ocr_line' id='line_1_37' title="bbox 277 2569 1736 2621; baseline 0.001 -19"><span class='ocrx_word' id='word_1_314' title='bbox 277 2569 446 2605; x_wconf 83' lang='lat' dir='ltr'><strong>hominem</strong></span> <span class='ocrx_word' id='word_1_315' title='bbox 479 2574 655 2609; x_wconf 83' lang='lat' dir='ltr'><strong>cordatum</strong></span> <span class='ocrx_word' id='word_1_316' title='bbox 687 2580 793 2621; x_wconf 90' lang='lat' dir='ltr'><strong>atque</strong></span> <span class='ocrx_word' id='word_1_317' title='bbox 819 2575 964 2618; x_wconf 84' lang='lat' dir='ltr'><strong>sortem,</strong></span> <span class='ocrx_word' id='word_1_318' title='bbox 1002 2579 1039 2610; x_wconf 88' lang='lat' dir='ltr'><strong><em>et</em></strong></span> <span class='ocrx_word' id='word_1_319' title='bbox 1068 2575 1178 2609; x_wconf 83' lang='lat' dir='ltr'><strong>solum</strong></span> <span class='ocrx_word' id='word_1_320' title='bbox 1202 2573 1312 2609; x_wconf 86' lang='lat' dir='ltr'><strong>nobili</strong></span> <span class='ocrx_word' id='word_1_321' title='bbox 1333 2574 1564 2608; x_wconf 86' lang='lat' dir='ltr'><strong>Romanorum</strong></span> <span class='ocrx_word' id='word_1_322' title='bbox 1588 2571 1736 2616; x_wconf 85' lang='lat' dir='ltr'><strong>imperio</strong></span> 
     </span>
     <span class='ocr_line' id='line_1_38' title="bbox 276 2615 1736 2665; baseline 0.002 -18"><span class='ocrx_word' id='word_1_323' title='bbox 276 2615 546 2652; x_wconf 82' lang='lat' dir='ltr'><strong>administrando</strong></span> <span class='ocrx_word' id='word_1_324' title='bbox 577 2625 715 2665; x_wconf 80' lang='lat' dir='ltr'><strong>aptum,</strong></span> <span class='ocrx_word' id='word_1_325' title='bbox 747 2622 991 2655; x_wconf 79' lang='lat' dir='ltr'><strong>accersebant:</strong></span> <span class='ocrx_word' id='word_1_326' title='bbox 1028 2621 1295 2665; x_wconf 82' lang='lat' dir='ltr'><strong>addebantque,</strong></span> <span class='ocrx_word' id='word_1_327' title='bbox 1335 2616 1477 2664; x_wconf 81' lang='lat' dir='ltr'><strong>probari</strong></span> <span class='ocrx_word' id='word_1_328' title='bbox 1498 2627 1575 2651; x_wconf 87' lang='lat' dir='ltr'><strong>eum</strong></span> <span class='ocrx_word' id='word_1_329' title='bbox 1597 2616 1736 2651; x_wconf 86' lang='lat' dir='ltr'><strong>senatui</strong></span> 
     </span>
     <span class='ocr_line' id='line_1_39' title="bbox 279 2662 1734 2710; baseline 0.003 -17"><span class='ocrx_word' id='word_1_330' title='bbox 279 2666 316 2694; x_wconf 85' lang='lat' dir='ltr'><strong><em>et</em></strong></span> <span class='ocrx_word' id='word_1_331' title='bbox 338 2662 433 2695; x_wconf 79' lang='lat' dir='ltr'><strong>civili</strong></span> <span class='ocrx_word' id='word_1_332' title='bbox 455 2663 684 2700; x_wconf 83' lang='lat' dir='ltr'><strong>multitudini:</strong></span> <span class='ocrx_word' id='word_1_333' title='bbox 719 2671 755 2700; x_wconf 91' lang='lat' dir='ltr'><strong><em>et</em></strong></span> <span class='ocrx_word' id='word_1_334' title='bbox 776 2666 1022 2710; x_wconf 83' lang='lat' dir='ltr'><strong>hortabantur,</strong></span> <span class='ocrx_word' id='word_1_335' title='bbox 1055 2671 1094 2700; x_wconf 85' lang='lat' dir='ltr'><strong><em>ut</em></strong></span> <span class='ocrx_word' id='word_1_336' title='bbox 1116 2666 1236 2700; x_wconf 77' lang='lat' dir='ltr'><strong>urbem</strong></span> <span class='ocrx_word' id='word_1_337' title='bbox 1261 2662 1509 2710; x_wconf 79' lang='lat' dir='ltr'><strong>quamprimum</strong></span> <span class='ocrx_word' id='word_1_338' title='bbox 1532 2666 1734 2707; x_wconf 76' lang='lat' dir='ltr'><strong>occuparet.</strong></span> 
     </span>
     <span class='ocr_line' id='line_1_40' title="bbox 279 2706 1733 2757; baseline 0.003 -19"><span class='ocrx_word' id='word_1_339' title='bbox 279 2706 413 2751; x_wconf 82' lang='lat' dir='ltr'><strong>serunt,</strong></span> <span class='ocrx_word' id='word_1_340' title='bbox 442 2709 614 2743; x_wconf 86' lang='lat' dir='ltr'><strong>conscium</strong></span> <span class='ocrx_word' id='word_1_341' title='bbox 635 2711 755 2746; x_wconf 88' lang='lat' dir='ltr'><strong>horum</strong></span> <span class='ocrx_word' id='word_1_342' title='bbox 778 2723 867 2757; x_wconf 85' lang='lat' dir='ltr'><strong>quae</strong></span> <span class='ocrx_word' id='word_1_343' title='bbox 888 2711 1131 2746; x_wconf 82' lang='lat' dir='ltr'><strong>scribebantur</strong></span> <span class='ocrx_word' id='word_1_344' title='bbox 1165 2711 1502 2756; x_wconf 84' lang='lat' dir='ltr'><strong>approbatoremque</strong></span> <span class='ocrx_word' id='word_1_345' title='bbox 1533 2707 1643 2742; x_wconf 79' lang='lat' dir='ltr'><strong>fuisse</strong></span> <span class='ocrx_word' id='word_1_346' title='bbox 1665 2707 1733 2743; x_wconf 84' lang='lat' dir='ltr'><strong>Ni-</strong></span> 
     </span>
     <span class='ocr_line' id='line_1_41' title="bbox 278 2751 1736 2805; baseline 0.002 -21"><span class='ocrx_word' id='word_1_347' title='bbox 278 2751 409 2805; x_wconf 72' lang='lat' dir='ltr'><strong>colaum</strong></span> <span class='ocrx_word' id='word_1_348' title='bbox 435 2754 664 2798; x_wconf 78' lang='lat' dir='ltr'><strong>patriarcham</strong></span> <span class='ocrx_word' id='word_1_349' title='bbox 700 2757 854 2803; x_wconf 85' lang='lat' dir='ltr'><strong>(quippe</strong></span> <span class='ocrx_word' id='word_1_350' title='bbox 880 2759 1028 2792; x_wconf 89' lang='lat' dir='ltr'><strong>nondum</strong></span> <span class='ocrx_word' id='word_1_351' title='bbox 1055 2757 1203 2792; x_wconf 88' lang='lat' dir='ltr'><strong>recitato</strong></span> <span class='ocrx_word' id='word_1_352' title='bbox 1225 2755 1413 2790; x_wconf 79' lang='lat' dir='ltr'><strong>Alexandri</strong></span> <span class='ocrx_word' id='word_1_353' title='bbox 1434 2757 1660 2797; x_wconf 82' lang='lat' dir='ltr'><strong>testamento,</strong></span> <span class='ocrx_word' id='word_1_354' title='bbox 1695 2764 1736 2788; x_wconf 85' lang='lat' dir='ltr'><strong><em>se</em></strong></span> 
     </span>
     <span class='ocr_line' id='line_1_42' title="bbox 278 2798 1736 2847; baseline 0.002 -17"><span class='ocrx_word' id='word_1_355' title='bbox 278 2803 372 2831; x_wconf 86' lang='lat' dir='ltr'><strong>mter</strong></span> <span class='ocrx_word' id='word_1_356' title='bbox 394 2805 527 2834; x_wconf 82' lang='lat' dir='ltr'><strong>tutores</strong></span> <span class='ocrx_word' id='word_1_357' title='bbox 552 2801 761 2847; x_wconf 85' lang='lat' dir='ltr'><strong>adscriptum</strong></span> <span class='ocrx_word' id='word_1_358' title='bbox 786 2815 863 2838; x_wconf 85' lang='lat' dir='ltr'><strong>esse</strong></span> <span class='ocrx_word' id='word_1_359' title='bbox 886 2804 1068 2838; x_wconf 82' lang='lat' dir='ltr'><strong>etiamnum</strong></span> <span class='ocrx_word' id='word_1_360' title='bbox 1091 2802 1331 2847; x_wconf 83' lang='lat' dir='ltr'><strong>ignorantem)</strong></span> <span class='ocrx_word' id='word_1_361' title='bbox 1358 2811 1525 2844; x_wconf 85' lang='lat' dir='ltr'><strong>usumque</strong></span> <span class='ocrx_word' id='word_1_362' title='bbox 1547 2799 1614 2835; x_wconf 82' lang='lat' dir='ltr'><strong><em>hac</em></strong></span> <span class='ocrx_word' id='word_1_363' title='bbox 1635 2798 1672 2833; x_wconf 91' lang='lat' dir='ltr'><strong><em>in</em></strong></span> <span class='ocrx_word' id='word_1_364' title='bbox 1695 2810 1736 2833; x_wconf 87' lang='lat' dir='ltr'><strong><em>re</em></strong></span> 
     </span>
     <span class='ocr_line' id='line_1_43' title="bbox 279 2844 1736 2901; baseline 0.001 -24"><span class='ocrx_word' id='word_1_365' title='bbox 279 2844 472 2880; x_wconf 86' lang='lat' dir='ltr'><strong>ministerio</strong></span> <span class='ocrx_word' id='word_1_366' title='bbox 506 2846 712 2893; x_wconf 85' lang='lat' dir='ltr'><strong>Artabasdi‚</strong></span> <span class='ocrx_word' id='word_1_367' title='bbox 739 2848 807 2901; x_wconf 75' lang='lat' dir='ltr'><strong><em>=qui</em></strong></span> <span class='ocrx_word' id='word_1_368' title='bbox 835 2853 936 2896; x_wconf 86' lang='lat' dir='ltr'><strong>pater</strong></span> <span class='ocrx_word' id='word_1_369' title='bbox 965 2849 1035 2885; x_wconf 83' lang='lat' dir='ltr'><strong>fuit</strong></span> <span class='ocrx_word' id='word_1_370' title='bbox 1062 2848 1224 2885; x_wconf 79' lang='lat' dir='ltr'><strong>Andreae</strong></span> <span class='ocrx_word' id='word_1_371' title='bbox 1246 2846 1372 2883; x_wconf 84' lang='lat' dir='ltr'><strong>nobilis</strong></span> <span class='ocrx_word' id='word_1_372' title='bbox 1394 2845 1562 2892; x_wconf 76' lang='lat' dir='ltr'><strong>pictoris,</strong></span> <span class='ocrx_word' id='word_1_373' title='bbox 1597 2850 1634 2881; x_wconf 83' lang='lat' dir='ltr'><strong><em>et</em></strong></span> <span class='ocrx_word' id='word_1_374' title='bbox 1655 2844 1736 2879; x_wconf 86' lang='lat' dir='ltr'><strong>ideo</strong></span> 
     </span>
    </p>
   </div>
  </div>
 </body>
</html>
