1890 3236
300 201 363 248 76
765 199 1002 245 GEORGII
1034 201 1273 247 CEDRENI

165 322 189 356 P
214 321 281 356 500
298 315 374 371 χὸς
402 314 474 370 τὴν
503 310 723 370 πρόρρησιν
750 312 1018 371 ἀπεφοίβασε,
1051 315 1162 372 παρὰ
1183 320 1256 359 τοῦ
1274 317 1472 372 βασιλέως
1493 317 1537 362 δὲ
1556 317 1738 372 Λέοντος

300 384 525 438 ἀναχθέντα
547 385 602 431 εἷς
619 380 693 435 τὴν
711 381 839 438 ἀρχὴν
858 387 928 425 τοῦ
949 386 1028 425 τῶν
1048 382 1296 440 φοιδεράτων
1311 384 1524 442 τάγματος.
1592 385 1639 439 ὃς
1657 389 1738 430 ἐπεὶ

296 448 527 506 μεμαθήκοι
544 448 614 491 τὸν
629 450 792 492 Λέοντα
809 449 886 492 ὑπὸ
904 455 976 493 τοῦ
991 451 1164 507 Μιχαὴλ
1182 453 1425 510 ἀνῃρῆσθαι,
1453 455 1620 498 ἐκδικῶν
1633 453 1737 510 τάχα

296 519 365 562 τὸν
385 517 609 573 εὐεργέτην,
644 515 748 571 ὁμοῦ
769 519 812 560 δὲ
831 520 897 561 καὶ
914 519 1051 574 θυμὸν
1070 520 1172 562 ἴδιον
1193 522 1392 575 ἐμπιπλὰς
1424 521 1640 579 (ἐτύγχανε
1660 521 1737 580 γάρ

295 603 380 635 πως
409 587 450 635 ἓξ
476 583 694 640 ἡλικιωτῶν
714 586 999 643 διαφερόμενος
1017 588 1118 644 πρὸς
1135 588 1204 631 τὸν
1224 589 1448 644 Μιχαήλ),
1479 590 1566 645 ἅμα
1597 591 1642 634 δὲ
1670 592 1771 634 καὶὸ

297 653 370 703 τὰς
399 655 487 710 περὶ
518 653 641 696 αὐτοῦ
661 658 738 697 tofi„
751 655 792 696 ἓν
809 658 865 711 τῷ
887 657 1108 713 Φιλομιλίῳ
1127 661 1307 711 μοναχοῦ
1325 656 1564 716 προρρήσεις
1585 657 1739 716 φοβού-
1766 675 1769 678 ’

296 738 434 775 μενος,
464 727 581 778 χεῖρα
613 723 792 764 ἐναντίαν
819 728 935 774 κινεῖ,
969 728 1040 766 τοῦ
1059 728 1139 767 τῶν
1159 725 1403 768 ἀνατολικῶν
1422 725 1643 784 ἀρξάμενος
1659 726 1740 777 ,θέ-

295 806 443 843 ματος,
478 788 557 846 ὅπῃ
578 789 628 845 δὴ
648 792 714 832 καὶ
734 789 904 846 διέτριβε
913 822 927 842 ,
961 790 1130 846 δύναμιν
1151 792 1223 835 οὐκ
1246 794 1388 849 ἀγεννῆ
1403 794 1492 837 τινὰ
1509 795 1575 837 καὶ
1591 794 1742 852 μικρὰν

297 858 401 900 ἀλλὰ
433 863 601 914 βαρεῖαν
627 860 693 900 καὶ
727 857 912 914 ἀνδρώδη
950 859 1247 917 συνηθροικώς,
1282 861 1414 904 πάντα
1443 862 1513 905 τὸν
1539 861 1663 905 ὅπλον
1694 861 1740 906 τὸ

247 936 277 969 Β
302 926 456 968 οἷονοῦν
486 932 602 969 κινεῖν
633 923 850 981 δυνάμενον
879 927 1051 970 ἕπεσθαί
1074 928 1112 970 οἱ
1143 929 1468 985 καταναγκάσας,
1502 929 1547 973 ὃν
1565 931 1639 984 μὲν
1652 931 1738 990 βίᾳ,
1751 935 1795 971 to

302 993 348 1036 ὃν
366 995 410 1036 δὲ
430 995 544 1053 φιλία
561 998 609 1051 τῇ
630 995 731 1051 πρὸς
750 992 872 1036 αὐτόν
881 1025 895 1046 ,
929 994 976 1038 ὃν
998 997 1042 1038 δὲ
1061 998 1128 1038 καὶ
1145 998 1274 1040 ἐλπίδι
1293 1000 1518 1055 διαρπαγῆς
1535 996 1743 1055 λαφύρων,

303 1062 348 1104 ὃν
380 1062 424 1104 δὲ
450 1064 517 1103 καὶ
547 1066 605 1119 τῷ
633 1063 734 1119 πρὸς
762 1061 830 1104 τὸν
858 1063 1032 1118 Μιχαὴλ
1057 1065 1186 1118 μίσει·
1221 1063 1405 1121 ἐτύγχανε
1428 1066 1506 1124 γὰρ
1531 1060 1646 1116 οὗτος
1663 1065 1742 1108 ὕπὸ

303 1128 461 1172 πάντων
480 1129 547 1171 διὰ
569 1131 852 1186 σκαιοτροπίαν
874 1130 1133 1186 μισούμενος,
1163 1135 1229 1175 καὶ
1251 1134 1318 1175 διὰ
1338 1134 1384 1177 τὸ
1405 1139 1478 1190 τῆς
1501 1139 1582 1177 τῶν
1603 1135 1743 1190 Ἀθιγε-

303 1197 433 1253 γάνων
461 1196 670 1252 θιασώτην
699 1197 797 1241 εἶναι
823 1199 1031 1255 αἱρέσεως,
1065 1202 1131 1242 καὶ
1157 1201 1224 1242 διὰ
1245 1201 1318 1256 τὴν
1334 1207 1411 1257 τῆς.
1423 1200 1599 1258 γλώττης
1616 1208 1743 1260 τραυ-

305 1264 473 1320 λότητα,
519 1267 586 1308 καὶ
619 1266 675 1308 δι’
708 1266 922 1322 ἀνανδρίαν
950 1269 1017 1310 καὶ
1046 1269 1248 1322 μαλακίαν
1282 1271 1604 1324 συμπεισθέντων
1634 1266 1742 1328 αύτῷ
1756 1278 1798 1313 15

303 1331 659 1389 συστρατεύεσθαι.
728 1333 749 1376 ὃ
774 1335 927 1387 Θωμᾶς
943 1336 1020 1390 γὰρ
1042 1338 1076 1377 εἷ
1095 1338 1161 1378 καὶ
1181 1336 1249 1379 τὸν
1267 1338 1398 1394 ἕτερον
1418 1340 1498 1380 τῶν
1518 1339 1652 1386 ποδῶν
1669 1336 1746 1393 εἶχε

304 1402 585 1457 πεπηρωμένον
614 1401 680 1444 καὶ
708 1401 754 1444 τὸ
781 1403 890 1458 γένος
915 1402 1126 1460 βάρβαρος
1155 1399 1204 1459 ἦν
1217 1435 1230 1455 ,
1266 1406 1357 1447 ἀλλ’
1392 1401 1463 1448 οὖν
1486 1411 1538 1462 τῇ
1561 1423 1605 1462 γε
1627 1409 1748 1466 πολιᾷΙ

305 1470 510 1524 αι’δέσιμος
541 1467 749 1525 ἐτύγχανεν
778 1469 833 1512 ὢν
860 1473 927 1512 καὶ
957 1471 1002 1513 τὸ
1036 1471 1329 1529 εὐπροσήγορον
1359 1475 1424 1515 καὶ
1452 1474 1608 1516 ἀστεῖον
1635 1472 1746 1528 εἶχεν,

253 1545 284 1578 C
308 1538 406 1595 ἅπερ
442 1541 553 1595 φιλεῖ
580 1536 602 1580 ὃ
632 1537 877 1595 στρατιώτης
908 1538 1027 1590 λαός,
1062 1540 1165 1581 ἀλλὰ
1185 1542 1251 1582 καὶ
1273 1545 1352 1583 τῶν
1372 1541 1475 1583 κατὰ
1494 1540 1747 1597 γενναιότητα

307 1606 495 1660 σώματος
517 1604 566 1647 οὕ
588 1623 693 1656 τινος
712 1607 892 1663 ἐφαίνετο
912 1605 1107 1664 δεύτερος.
1176 1603 1291 1658 οὗτος
1306 1609 1437 1651 τοίνυν
1455 1607 1475 1651 ὁ
1497 1609 1651 1663 Θωμᾶς
1666 1613 1801 1652 nei-20

306 1691 380 1716 σαν
399 1674 471 1728 τὴν
491 1675 541 1716 ἕω
558 1672 827 1731 παραλαβών,
857 1676 922 1716 καὶ
939 1674 1032 1725 τοὺς
1050 1679 1129 1717 τῶν
1150 1677 1350 1730 δημοσίων
1365 1676 1594 1735 πράκτορας
1611 1675 1749 1734 φόρων

304 1741 381 1799 ὑφ’
416 1741 558 1784 ἑαυτὸν
588 1741 872 1797 ποιησάμενος,
906 1744 972 1784 καὶ
998 1742 1331 1802 μεγαλοφροσύνῃ
1355 1747 1422 1787 καὶ
1447 1743 1618 1788 ἐπιδόσει
1643 1743 1749 1805 ἄκρᾳ

399 1851 417 1884 1
446 1844 662 1893 ἀπεφήνατο
691 1849 721 1883 C
902 1850 924 1884 8
948 1846 1087 1893 ἀσθενῆ
1111 1850 1141 1884 C
1325 1851 1369 1887 10
1396 1848 1526 1886 ὁτιοῦν
1549 1852 1695 1897 κινῆσαι
1717 1853 1748 1886 C

397 1896 440 1930 11
464 1891 745 1939 κουρσευμοὶτων
766 1906 883 1940 margo
905 1895 936 1928 C
1049 1897 1093 1930 14
1114 1893 1314 1942 λατρευτὴν
1337 1907 1452 1941 margo
1477 1897 1508 1932 C
1621 1899 1664 1933 16
1688 1896 1750 1932 καὶ

396 1936 560 2026 Ζιῖῑξροον
582 1941 614 1976 C
750 1942 794 1977 18
817 1939 964 1986 μέτριον
986 1951 1104 1987 margo
1127 1942 1158 1977 C
1272 1942 1315 1978 19
1337 1940 1427 1983 λεώς
1448 1942 1479 1977 C
1619 1943 1665 1978 20
1687 1936 1749 1978 οὖ-

310 2089 378 2124 quo
401 2077 586 2112 monachus
607 2077 798 2113 Philomelii
822 2077 869 2112 sit
890 2077 1116 2123 vaticinatus,
1142 2082 1179 2113 et
1201 2090 1302 2124 quem
1324 2078 1398 2114 Leo
1421 2077 1608 2126 imperator
1629 2079 1751 2114 foede-

310 2129 462 2158 ratorum
493 2123 627 2158 cohorti
656 2123 909 2170 praeposuerit.
953 2135 1027 2158 eum
1062 2135 1145 2169 ergo
1174 2124 1360 2168 Thomam,
1395 2135 1469 2159 cum
1490 2124 1706 2159 interfectum
1730 2136 1752 2159 a

310 2169 480 2204 Michaelo
512 2170 663 2204 Leonem
694 2169 933 2214 cognovisset,
975 2169 1100 2215 partim
1144 2174 1183 2204 ut
1221 2171 1476 2204 benefactorem
1516 2169 1751 2215 ulcisceretur,

312 2216 436 2260 partim
451 2219 498 2250 ut
519 2227 616 2250 suum
645 2215 791 2250 animum
824 2215 1012 2250 exsatiaret
1044 2215 1146 2259 (nam
1169 2216 1213 2249 ab
1237 2215 1469 2250 adolescentia
1489 2226 1598 2260 usque
1622 2214 1656 2250 ei
1677 2226 1752 2251 cum

313 2260 484 2295 Michaelo
502 2261 702 2296 inimicitiae
719 2261 1035 2305 intercesserant),
1057 2260 1156 2294 simul
1174 2266 1209 2294 et
1226 2261 1383 2295 monachi
1399 2261 1501 2296 istius
1519 2262 1563 2295 de
1586 2272 1627 2296 eo
1649 2272 1754 2306 prae-

314 2306 476 2340 dictionis
499 2312 703 2341 metuentem
726 2306 873 2351 exitum,
908 2317 1002 2341 arma
1023 2311 1142 2341 contra
1163 2306 1368 2340 Michaelum
1398 2306 1596 2351 sumpsisse.
1641 2306 1753 2352 primo

317 2351 514 2386 Orientales
538 2353 675 2398 copias,
699 2352 790 2397 apud
813 2363 898 2398 quas
921 2352 1086 2396 degebat,
1109 2351 1317 2396 concitavit,
1342 2351 1596 2397 exercitumque
1617 2351 1755 2387 minime

315 2396 481 2432 imbellem
504 2403 564 2432 aut
587 2398 744 2443 exiguum
766 2398 828 2432 sed
849 2399 1012 2443 grandem
1028 2397 1221 2442 fortemque
1241 2397 1397 2442 collegit,
1420 2397 1574 2432 omnibus
1590 2397 1650 2443 qui
1666 2408 1753 2442 quo-

316 2454 451 2487 cunque
484 2444 582 2477 modo
615 2456 710 2478 arma
741 2444 834 2478 ferre
865 2448 1007 2489 possent
1036 2444 1080 2478 ad
1114 2443 1266 2477 militiam
1298 2442 1445 2478 vocatis.
1491 2443 1609 2477 horum
1635 2443 1697 2477 alii
1718 2441 1755 2476 vi

318 2487 430 2521 coacti
460 2493 574 2523 castra
602 2489 760 2524 Thomae
787 2490 1042 2534 sequebantur,
1078 2488 1137 2523 alii
1170 2488 1411 2523 benevolentia
1437 2499 1520 2542 erga
1547 2499 1623 2522 eum
1645 2487 1755 2532 ducti,

318 2532 471 2566 nonnulli
491 2545 552 2577 spe
575 2535 741 2579 praedae,
774 2535 910 2579 quidam
934 2534 1037 2569 etiam
1059 2534 1138 2569 odio
1161 2534 1198 2568 in
1220 2534 1435 2568 Michaelum.
1481 2544 1513 2567 ιε
1532 2532 1622 2567 onim
1645 2532 1756 2567 omni-

318 2578 384 2612 bus
405 2577 537 2613 invisus
559 2585 633 2614 erat
656 2582 699 2614 ob
723 2591 851 2614 morum
875 2580 1157 2626 perversitatem,
1180 2584 1217 2614 et
1238 2580 1330 2624 quod
1348 2591 1387 2614 se
1407 2579 1524 2613 ducem
1540 2577 1757 2623 Athinganae

320 2627 436 2657 sectae
458 2625 666 2670 praebebat,
691 2637 755 2659 nec
779 2638 846 2660 non
869 2631 1012 2671 propter
1033 2625 1171 2670 linguae
1190 2624 1377 2659 balbutiem
1397 2629 1432 2658 et
1448 2623 1635 2658 mollitiem.
1678 2635 1755 2659 nam

320 2668 475 2703 Thomas
506 2669 642 2703 tametsi
673 2670 815 2705 alterum
846 2673 966 2716 pedem
998 2671 1150 2706 habebat
1177 2670 1327 2705 mutilum
1359 2681 1400 2703 ac
1429 2680 1558 2713 genere
1588 2669 1755 2704 barbarus

318 2718 416 2757 orat,
448 2718 564 2749 tamen
582 2716 626 2748 ob
648 2716 806 2750 canitiem
826 2716 1053 2758 venerabilis,
1076 2715 1172 2750 aditu
1194 2721 1229 2749 et
1251 2715 1287 2750 in
1309 2725 1496 2760 congressu
1515 2713 1628 2748 facilis
1651 2719 1755 2760 atque

318 2759 454 2803 civilis,
489 2771 576 2804 quae
598 2760 792 2804 gratissima
812 2767 892 2796 sunt
914 2762 1055 2796 militari
1077 2760 1305 2802 multitudini,
1339 2771 1451 2804 neque
1478 2771 1649 2805 quoquam
1676 2771 1753 2794 cor-

319 2806 416 2849 poris
438 2805 640 2840 fortitudine
661 2806 835 2851 posterior
858 2807 1059 2842 habebatur.
1103 2807 1134 2840 is
1157 2818 1240 2850 ergo
1264 2804 1410 2839 Oriente
1433 2810 1618 2850 occupato,
1640 2804 1754 2851 publi-

321 2862 437 2886 corum
459 2851 663 2887 tributorum
685 2852 904 2888 exactoribus
928 2852 964 2887 in
987 2863 1083 2888 suam
1101 2851 1249 2887 redactis
1264 2855 1483 2898 potestatem,
1505 2850 1610 2886 animi
1624 2849 1756 2896 magni-
