1916 3210
299 166 402 219 704
697 167 925 214 IOANNIS
957 166 1357 219 GUROPALATAE

298 284 441 338 θηκῶν
464 279 510 324 δὲ
528 277 748 340 γενομένων
769 277 840 337 ἐφ’
863 272 899 338 ᾧ
918 274 989 322 τὸν
1008 276 1206 335 Διογένην
1228 277 1467 325 ἀποθέσθαι
1486 279 1562 336 μὲν
1579 280 1656 337 τὴν
1675 283 1758 336 βο·

298 350 474 401 σιλείαν,
505 348 580 403 τὴν
601 348 719 405 τρίχα
741 347 785 406 δὲ
807 346 980 403 καρέντα
1005 344 1157 403 διάγειν
1177 349 1388 400 ἰδιωτικῶς
1397 379 1412 402 ,
1446 347 1568 401 ἴξεισι
1582 354 1659 396 τοῦ
1679 346 1758 394 κᾶ-

297 433 423 475 στρου
445 419 741 471 μελανειμονῶν
762 416 828 459 καὶ
849 415 902 458 τὰ
924 416 1028 458 καθ’
1050 413 1196 460 ἑαυτὸν
1216 407 1547 471 ἀποκλαιόμενος.
1609 414 1758 463 νόστου

298 486 345 529 δὲ
366 483 491 535 εὐθὺς
509 482 774 540 μιμνήσκεται
794 482 816 528 ὃ
832 480 1108 540 Ἀνδρόνικος,
1137 485 1206 528 καὶ
1225 485 1298 529 τὸν
1318 484 1516 542 Διογένην
1531 485 1636 540 μεθ’
1659 483 1758 533 ἔω·

247 563 280 601 c
302 557 373 596 τοῦ
392 551 656 610 ἐφελκόμενος
671 555 1033 609 μελανειμονοῦντα
1041 583 1055 604 ,
1083 552 1126 595 ἐν
1146 553 1297 597 εὔτελεῖ
1306 551 1508 613 ὑποζυγίῳ
1524 550 1792 609 &mutiero-'fi

298 619 358 663 δι’
387 621 542 664 ἐκείνων
561 625 642 664 τῶν
662 624 809 677 κωμῶν
831 622 900 664 καὶ
922 623 1003 665 τῶν
1021 625 1168 676 χωρῶν
1188 618 1254 673 αἷς
1274 621 1322 666 τὸ
1341 624 1436 680 πρὶν
1456 619 1620 673 ἰσόθεος
1637 622 1761 679 ἐγνωε
1802 665 1805 668 ,

297 690 440 746 ρίζετο.
506 688 625 747 μέχρι
650 690 695 733 δὲ
716 693 790 733 τοῦ
811 689 1038 732 Κοτυαείου
1061 688 1135 744 τὴν
1155 687 1391 747 ὁδοιπορίαν
1413 691 1621 748 ὀδυνηρῶς
1642 703 1764 746 ποιῇ-ᾳ

301 755 475 812 σάμενος
517 753 596 813 (ἦν
628 757 709 815 γὰρ
743 754 1058 813 νοσηλευόμενος
1093 757 1174 802 ἀπὸ
1213 762 1422 814 κοιλιακῆς
1460 758 1684 810 διαθέσεως
1716 757 1763 804 ἐκ

302 827 466 869 κωνείου
492 827 768 883 προποθὲντος
793 826 903 884 αὐτῷ
928 826 970 876 ἐξ
993 826 1211 882 ἐπιβουλῆς
1233 826 1532 884 ἐπιγενομένης)
1565 827 1688 874 ἐκεῖσε
1714 826 1762 870 δὲ

301 894 551 950 κατεσχέθη,
581 893 696 951 ἄχρις
712 893 763 938 ἂν
781 895 824 937 ἐκ
841 894 1041 949 βασιλέως
1058 895 1105 938 τὸ
1122 895 1305 951 ποιητέον
1324 896 1436 954 αὐτῷ
1447 894 1618 954 ὁρισθῇ.
1661 894 1756 939 ἄλλ’
1771 901 1816 939 10

302 956 399 1018 ἧκεν
423 961 593 1020 ἡμέραις
615 963 784 1020 ὕστερον
812 961 839 1018 ἦ
869 963 973 1005 κατὰ
995 966 1067 1006 τοῦ
1086 960 1220 1020 μάτην
1240 965 1534 1020 δυστυχοῦντος
1556 961 1764 1022 ἀπόφασις

304 1032 554 1089 διοριζομένη
573 1031 670 1082 τοὺς
689 1031 935 1089 ὀφθαλμοὺς
956 1031 1080 1075 αὗτοῦ
1100 1033 1348 1090 διορυγῆναι.
1413 1031 1486 1084 οὓς
1509 1034 1576 1075 καὶ
1600 1048 1763 1090 παραυ-

302 1100 396 1142 τίκα
425 1098 674 1158 ἐξορύττεται
686 1131 700 1152 ,
733 1104 814 1144 τῶν
841 1099 1057 1158 ἀρχιερέων
1082 1104 1164 1144 τῶν
1185 1101 1250 1143 ἐπὶ
1270 1105 1329 1160 τῷ
1351 1101 1492 1145 δοῦναι
1513 1098 1632 1157 λόγον
1654 1100 1764 1144 ἅπα-

303 1169 424 1220 θείας
451 1169 702 1223 ἐσταλμένων
729 1168 831 1224 μηδ’
863 1167 968 1219 ὅλως
996 1166 1280 1227 ἓπαρηξάντων
1309 1168 1444 1228 αὐτῷ·
1490 1170 1631 1220 οἵτινες
1656 1162 1775 1225 ἦσαν

250 1245 285 1283 D
308 1234 331 1279 ὅ
358 1253 401 1279 τε
428 1235 719 1292 Χαλκηδόνος,
752 1235 774 1279 ὅ
791 1235 1037 1294 “Ηρακλείας
1056 1239 1124 1280 καὶ
1142 1235 1165 1280 ὃ
1186 1238 1417 1289 Κολωνείας
1433 1236 1657 1296 Θεόφιλος,
1689 1235 1762 1293 οὓς
1773 1243 1819 1284 15

301 1306 371 1347 καὶ
395 1309 476 1348 τῶν
504 1304 635 1363 ὅρκων
658 1303 931 1361 ὑπεμίμνησκε
960 1307 1028 1348 καὶ
1048 1310 1130 1349 τῶν
1151 1305 1195 1349 ἐκ
1216 1310 1290 1349 τοῦ
1310 1307 1426 1350 θείου
1447 1306 1656 1362 νεμέσεων.
1723 1305 1766 1350 οἳ

299 1373 347 1416 δὲ
372 1375 514 1431 καίπερ
542 1378 754 1429 βοηθῆσαι
783 1371 1094 1432 προαιρούμενοι
1115 1374 1303 1425 ἀσθενῶς
1323 1373 1427 1430 εἶχον
1447 1376 1516 1418 καὶ
1539 1371 1765 1425 ἀδυνάτως,

298 1440 462 1499 ἀνδρῶν
500 1442 699 1498 ὠμηστῶν
734 1444 802 1486 καὶ
839 1442 1003 1497 ἀπηνῶν
1036 1441 1357 1499 ἅναρπασάντων
1386 1441 1532 1496 αὐτόν,
1571 1444 1638 1486 καὶ
1669 1441 1766 1494 τοὺς

299 1509 549 1567 ὀφθαλμοὺς
598 1510 724 1554 αὕτοῦ
775 1509 1048 1568 ἐξορυξάντων
1087 1512 1278 1566 ’ἀνηλεῶς
1314 1512 1381 1554 καὶ
1420 1508 1766 1569 ἀφιλανθριόπως.

299 1581 522 1635 προαχθεὶς
547 1580 589 1622 ἐν
616 1579 767 1622 εὐτελεῖ
789 1583 848 1638 τῷ
872 1577 1073 1638 ὑποζυγίῳ
1093 1579 1213 1636 με’χρι
1231 1583 1305 1635 τῆς
1322 1581 1605 1637 Προποντίδος
1626 1577 1761 1636 ὥσπερ
1771 1583 1821 1621 20

299 1650 447 1702 πτῶμα
474 1645 670 1703 σεσηπός,
699 1648 768 1690 καὶ
793 1646 888 1698 τοὺς
911 1647 1159 1705 ὀφθαλμοὺς
1176 1647 1279 1703 ἔχων
1295 1648 1664 1705 ἐξορωρυγμένους,
1691 1647 1767 1703 τὴν

303 1714 352 1758 δὲ
382 1715 562 1772 κεφαλὴν
593 1717 661 1758 καὶ
690 1715 737 1758 τὸ
771 1713 987 1772 πρόσωπον
1018 1715 1243 1774 ἐξῳδηκός,
1289 1713 1509 1772 σκωλήκιον
1538 1714 1667 1774 βρύον
1698 1717 1767 1759 καὶ

304 1782 530 1836 δυσωδίας,
563 1781 718 1842 ἡμέρας
744 1782 880 1841 ὀλίγας
910 1783 1090 1839 ἐπιβιοὺς
1117 1781 1355 1837 ἐπωδύνως,
1389 1786 1459 1828 καὶ
1490 1785 1570 1844 πρὸ
1601 1789 1674 1840 τῆς
1699 1801 1769 1829 τε·

304 1912 521 1959 expugnavit
543 1904 774 1949 Andronicus.
818 1925 1054 1960 percussoque
1070 1913 1237 1961 foedere,
1258 1917 1298 1951 ut
1319 1914 1496 1961 Diogenes
1519 1913 1678 1960 deposito
1701 1914 1769 1950 im-

305 1960 407 2014 perio
440 1959 646 2006 capillisque
678 1959 834 1995 detonsis
890 1961 1024 1995 rivatus
1053 1961 1218 2007 degeret,
1257 1972 1278 1995 e
1308 1966 1425 1996 castro
1449 1961 1524 1996 exit
1543 1961 1646 2006 nigra
1667 1966 1769 1996 veste

305 2006 450 2041 1ndutus
479 2016 631 2051 suasque
661 2006 793 2041 deflens
821 2017 863 2040 ca
877 2006 1049 2041 amitates.
1103 2007 1221 2042 statim
1251 2011 1366 2042 autem
1395 2007 1530 2042 reditus
1560 2005 1769 2042 mentionem

305 2051 397 2086 facit
419 2051 659 2095 Andronicus,
693 2056 731 2087 et
755 2063 872 2087 secum
905 2053 1086 2087 attrahens
1114 2053 1307 2098 Diogenem
1335 2052 1500 2098 pullatum
1521 2052 1655 2098 vilique
1674 2052 1768 2088 mulo

305 2102 446 2151 vectum
468 2109 532 2152 per
554 2097 632 2132 illos
655 2097 753 2152 yicos
775 2098 845 2133 iter
869 2098 1022 2133 habebat
1043 2103 1080 2133 et
1101 2098 1282 2144 regiones,
1315 2110 1337 2133 a
1368 2099 1495 2144 quibus
1517 2098 1616 2154 prius
1638 2103 1678 2134 ut
1700 2099 1768 2134 deo

303 2143 464 2224 333¹:ssss
475 2144 1514 2237 522553523135302223tfi‘guffi532⁰efflgugff{mm}
1528 2143 1772 2236 ’,ξίἱιῗηῗῶἵ

307 2234 407 2281 prius
428 2234 616 2280 propinata
632 2236 773 2280 fuerat)
796 2235 847 2270 ibi
869 2235 1031 2271 detentus
1055 2241 1129 2280 est,
1163 2236 1280 2281 quoad
1302 2237 1347 2272 ab
1363 2236 1582 2282 'imperatore
1603 2236 1770 2272 definire-

305 2286 366 2315 tur
399 2281 563 2326 quidnam
592 2280 663 2327 ipsi
692 2282 889 2317 faciendum
917 2287 1024 2318 esset.
1070 2283 1135 2317 sed
1163 2282 1286 2328 paucis
1316 2288 1398 2328 post
1422 2283 1546 2318 diebus
1567 2282 1668 2317 venit
1688 2293 1772 2318 sen-

306 2325 420 2361 tentia
443 2326 662 2371 imperatoris
688 2333 811 2363 contra
833 2338 929 2373 eum,
954 2328 1014 2372 qui
1036 2328 1167 2363 frustra
1189 2328 1295 2363 miser
1317 2333 1414 2372 erat,
1437 2328 1712 2374 quae-quidemi
1738 2327 1772 2362 si

308 2371 429 2406 oculos
459 2372 674 2407 effodiendos
708 2374 895 2416 censebat3
929 2374 1115 2419 statimque
1137 2374 1172 2409 ei
1195 2373 1286 2408 oculi
1308 2374 1428 2410 effossi
1447 2379 1552 2418 sunt,
1585 2385 1662 2409 cum
1683 2385 1722 2408 m
1746 2373 1772 2409 il

309 2417 345 2452 ei
368 2416 445 2463 opis
467 2418 666 2454 attulissent
688 2419 963 2465 archiepiscopi,
996 2420 1057 2465 qui
1078 2419 1179 2456 missi
1198 2421 1341 2455 fuerant
1362 2420 1406 2455 ad
1427 2419 1637 2455 reddendam
1659 2419 1772 2455 ratio-

308 2474 388 2497 nem
411 2475 474 2497 cur
495 2464 583 2498 nihil
605 2464 639 2499 ei
662 2469 755 2500 esset
777 2465 990 2521 patiendum.
1037 2470 1137 2501 erant
1165 2465 1203 2500 hi
1233 2465 1465 2501 Chalcedonis
1487 2465 1772 2512 archiepiscopus

309 2513 347 2543 et
368 2509 580 2554 Heracleae,
608 2516 647 2545 et
665 2511 832 2546 Coloniae
851 2510 1088 2557 Theophilus,
1113 2511 1240 2557 quibus
1263 2511 1367 2547 etiam
1389 2511 1427 2546 in
1448 2511 1773 2556 memoriam-rede-

309 2554 364 2597 git
385 2555 621 2590 iusiurandum
644 2562 681 2592 et
703 2557 829 2592 iustam
851 2557 911 2591 dei
931 2557 1218 2602 indignationem.
1263 2557 1334 2603 ipsi
1364 2569 1450 2592 vero
1472 2557 1772 2603 quamvis‘opitu-

308 2598 376 2633 lari
397 2600 643 2645 instituissent,
668 2614 775 2647 aegre
796 2603 833 2637 id
855 2603 974 2638 facere
996 2609 1033 2638 et
1056 2614 1132 2638 cum
1153 2603 1362 2639 difficultate
1383 2603 1476 2638 hand
1498 2607 1673 2650 poterant,
1695 2613 1772 2638 cum

310 2645 470 2680 crudeles
496 2652 533 2681 et
557 2647 656 2693 impii
682 2648 837 2683 homines
862 2648 933 2694 ipsi
957 2655 1119 2696 correpto
1142 2649 1261 2684 oculos
1285 2649 1361 2684 sine
1383 2649 1452 2684 ulla
1473 2649 1773 2684 commiseratione

311 2690 518 2726 effodissent
540 2704 581 2727 ac
603 2693 680 2728 sine
703 2693 770 2728 ulla
792 2694 1018 2731 humanitate.
1065 2695 1254 2740 perductus
1275 2700 1391 2730 autem
1410 2694 1473 2729 vili
1489 2694 1642 2730 iumento
1662 2706 1773 2739 usque

311 2736 358 2769 ad
380 2737 627 2782 Propontidem
640 2766 650 2783 ‚
682 2739 793 2774 veluti
814 2740 988 2785 putridum
1010 2741 1182 2785 cadaver,
1215 2741 1273 2775 cui
1295 2741 1387 2776 oculi
1409 2746 1528 2776 essent
1547 2741 1687 2785 effossi,
1710 2751 1771 2774 ca·-

312 2784 378 2825 put
400 2787 436 2816 et
459 2794 498 2817 os
521 2784 695 2829 inflatum,
725 2786 903 2821 vermibus
924 2786 1062 2831 plenum
1086 2791 1123 2821 et
1144 2788 1300 2831 foetore,
1324 2797 1400 2821 cum
1422 2786 1543 2832 paucis
1565 2786 1688 2822 diebus
1707 2797 1773 2820 n-

313 2826 547 2875 pervixisset,
581 2831 826 2868 miserabiliter
847 2835 884 2868 et
906 2837 988 2870 ante
1011 2832 1144 2879 obitum
1164 2832 1254 2869 male
1277 2833 1375 2878 olens
1397 2832 1548 2878 excessit
1569 2843 1591 2869 e
1613 2831 1707 2878 vita,
1733 2831 1772 2866 in
