<?xml version="1.0" encoding="UTF-8"?>
<!DOCTYPE html PUBLIC "-//W3C//DTD XHTML 1.0 Transitional//EN"
    "http://www.w3.org/TR/xhtml1/DTD/xhtml1-transitional.dtd">
<html xmlns="http://www.w3.org/1999/xhtml" xml:lang="en" lang="en">
 <head>
  <title>
</title>
<meta http-equiv="Content-Type" content="text/html;charset=utf-8" />
  <meta name='ocr-system' content='tesseract 3.04.00' />
  <meta name='ocr-capabilities' content='ocr_page ocr_carea ocr_par ocr_line ocrx_word'/>
</head>
<body>
  <div class='ocr_page' id='page_1' title='image "./corpusscriptorum14niebuoft_0364.png"; bbox 0 0 1890 3236; ppageno 0'>
   <div class='ocr_carea' id='block_1_1' title="bbox 323 164 1306 218">
    <p class='ocr_par' dir='ltr' id='par_1_1' title="bbox 323 164 1306 218">
     <span class='ocr_line' id='line_1_1' title="bbox 323 164 1306 218; baseline -0.006 -1"><span class='ocrx_word' id='word_1_1' title='bbox 323 169 420 218; x_wconf 85' lang='lat'><strong>354</strong></span> <span class='ocrx_word' id='word_1_2' title='bbox 795 164 1032 212; x_wconf 87' lang='lat' dir='ltr'>GEORGII</span> <span class='ocrx_word' id='word_1_3' title='bbox 1065 167 1306 212; x_wconf 86' lang='lat' dir='ltr'>CEDRENI</span> 
     </span>
    </p>
   </div>
   <div class='ocr_carea' id='block_1_2' title="bbox 266 277 1824 1769">
    <p class='ocr_par' dir='ltr' id='par_1_2' title="bbox 321 277 1768 541">
     <span class='ocr_line' id='line_1_2' title="bbox 322 277 1767 340; baseline -0.003 -11"><span class='ocrx_word' id='word_1_4' title='bbox 322 278 558 340; x_wconf 83' lang='grc' dir='ltr'><strong><em>Νικηφόρον</em></strong></span> <span class='ocrx_word' id='word_1_5' title='bbox 584 280 651 322; x_wconf 81' lang='grc' dir='ltr'><strong><em>καὶ</em></strong></span> <span class='ocrx_word' id='word_1_6' title='bbox 679 277 912 334; x_wconf 81' lang='grc' dir='ltr'><strong><em>δομέστικον</em></strong></span> <span class='ocrx_word' id='word_1_7' title='bbox 936 283 1016 322; x_wconf 90' lang='grc' dir='ltr'><strong>τῶν</strong></span> <span class='ocrx_word' id='word_1_8' title='bbox 1041 283 1220 334; x_wconf 80' lang='grc' dir='ltr'><strong><em>σχολῶν,</em></strong></span> <span class='ocrx_word' id='word_1_9' title='bbox 1253 278 1480 334; x_wconf 73' lang='grc' dir='ltr'><strong><em>ἐπωνυμίαν</em></strong></span> <span class='ocrx_word' id='word_1_10' title='bbox 1500 278 1674 338; x_wconf 74' lang='grc' dir='ltr'><strong><em>φέροντα</em></strong></span> <span class='ocrx_word' id='word_1_11' title='bbox 1695 284 1767 324; x_wconf 78' lang='grc' dir='ltr'><strong>τοῦ</strong></span> 
     </span>
     <span class='ocr_line' id='line_1_3' title="bbox 324 346 1767 404; baseline -0.002 -9"><span class='ocrx_word' id='word_1_12' title='bbox 324 354 474 401; x_wconf 83' lang='grc' dir='ltr'><strong><em>Φωκᾶ,</em></strong></span> <span class='ocrx_word' id='word_1_13' title='bbox 507 346 586 390; x_wconf 83' lang='grc' dir='ltr'><strong>ἀπό</strong></span> <span class='ocrx_word' id='word_1_14' title='bbox 605 365 713 397; x_wconf 86' lang='grc' dir='ltr'><strong><em>τινος</em></strong></span> <span class='ocrx_word' id='word_1_15' title='bbox 732 352 812 390; x_wconf 92' lang='grc' dir='ltr'><strong>τῶν</strong></span> <span class='ocrx_word' id='word_1_16' title='bbox 831 346 1037 403; x_wconf 82' lang='grc' dir='ltr'><strong><em>προγόνων</em></strong></span> <span class='ocrx_word' id='word_1_17' title='bbox 1065 347 1191 390; x_wconf 74' lang='grc' dir='ltr'><strong><em>αὐτοῦ</em></strong></span> <span class='ocrx_word' id='word_1_18' title='bbox 1219 346 1554 404; x_wconf 76' lang='grc' dir='ltr'><strong><em>ἀριστεύσαντος,-</em></strong></span> <span class='ocrx_word' id='word_1_19' title='bbox 1592 346 1767 399; x_wconf 72' lang='grc' dir='ltr'><strong><em>,πάππος</em></strong></span> 
     </span>
     <span class='ocr_line' id='line_1_4' title="bbox 322 410 1767 473; baseline -0.003 -11"><span class='ocrx_word' id='word_1_20' title='bbox 322 419 345 462; x_wconf 82' lang='grc' dir='ltr'><em>ὃ</em></span> <span class='ocrx_word' id='word_1_21' title='bbox 366 415 602 473; x_wconf 81' lang='grc' dir='ltr'><strong><em>Νικηφόρος</em></strong></span> <span class='ocrx_word' id='word_1_22' title='bbox 621 410 671 470; x_wconf 78' lang='grc' dir='ltr'><strong><em>ἦν</em></strong></span> <span class='ocrx_word' id='word_1_23' title='bbox 691 419 764 458; x_wconf 82' lang='grc' dir='ltr'><strong>τοῦ</strong></span> <span class='ocrx_word' id='word_1_24' title='bbox 784 416 982 470; x_wconf 79' lang='grc' dir='ltr'><strong><em>βασιλέως</em></strong></span> <span class='ocrx_word' id='word_1_25' title='bbox 1001 413 1263 473; x_wconf 79' lang='grc' dir='ltr'><strong><em>Νικηφόρον,</em></strong></span> <span class='ocrx_word' id='word_1_26' title='bbox 1298 414 1401 472; x_wconf 77' lang='grc' dir='ltr'><strong><em>ἀνὴρ</em></strong></span> <span class='ocrx_word' id='word_1_27' title='bbox 1429 413 1609 471; x_wconf 49' lang='grc' dir='ltr'><strong>γενναῖ’όςἸ</strong></span> <span class='ocrx_word' id='word_1_28' title='bbox 1631 433 1676 461; x_wconf 68' lang='grc' dir='ltr'><strong>τε</strong></span> <span class='ocrx_word' id='word_1_29' title='bbox 1698 418 1767 461; x_wconf 82' lang='grc' dir='ltr'><strong><em>καὶ</em></strong></span> 
     </span>
     <span class='ocr_line' id='line_1_5' title="bbox 321 481 1768 541; baseline -0.002 -12"><span class='ocrx_word' id='word_1_30' title='bbox 321 483 497 535; x_wconf 85' lang='grc' dir='ltr'><strong><em>συνετός,</em></strong></span> <span class='ocrx_word' id='word_1_31' title='bbox 524 483 575 526; x_wconf 81' lang='grc' dir='ltr'><strong><em>τὰ</em></strong></span> <span class='ocrx_word' id='word_1_32' title='bbox 594 484 697 540; x_wconf 85' lang='grc' dir='ltr'><strong><em>πρὸς</em></strong></span> <span class='ocrx_word' id='word_1_33' title='bbox 715 481 813 526; x_wconf 85' lang='grc' dir='ltr'><strong><em>θεόν</em></strong></span> <span class='ocrx_word' id='word_1_34' title='bbox 828 501 869 526; x_wconf 91' lang='grc' dir='ltr'><strong>τε</strong></span> <span class='ocrx_word' id='word_1_35' title='bbox 887 483 1054 537; x_wconf 70' lang='grc' dir='ltr'><strong><em>εὐσεβὴς</em></strong></span> <span class='ocrx_word' id='word_1_36' title='bbox 1070 486 1137 525; x_wconf 83' lang='grc' dir='ltr'><strong><em>καὶ</em></strong></span> <span class='ocrx_word' id='word_1_37' title='bbox 1154 483 1205 526; x_wconf 81' lang='grc' dir='ltr'><strong><em>τὰ</em></strong></span> <span class='ocrx_word' id='word_1_38' title='bbox 1224 483 1324 541; x_wconf 83' lang='grc' dir='ltr'><strong><em>πρὸς</em></strong></span> <span class='ocrx_word' id='word_1_39' title='bbox 1342 482 1584 540; x_wconf 73' lang='grc' dir='ltr'><strong><em>ἀνθρώπους</em></strong></span> <span class='ocrx_word' id='word_1_40' title='bbox 1603 485 1768 538; x_wconf 65' lang='grc' dir='ltr'><strong><em>δίκαιος.</em></strong></span> 
     </span>
    </p>

    <p class='ocr_par' dir='ltr' id='par_1_3' title="bbox 274 549 1824 1223">
     <span class='ocr_line' id='line_1_6' title="bbox 274 549 1800 609; baseline -0.003 -12"><span class='ocrx_word' id='word_1_41' title='bbox 274 565 305 600; x_wconf 89' lang='lat' dir='ltr'>c</span> <span class='ocrx_word' id='word_1_42' title='bbox 325 549 442 603; x_wconf 77' lang='grc' dir='ltr'><strong><em>οὗτος</em></strong></span> <span class='ocrx_word' id='word_1_43' title='bbox 455 549 558 606; x_wconf 82' lang='grc' dir='ltr'><strong><em>μετά</em></strong></span> <span class='ocrx_word' id='word_1_44' title='bbox 574 569 680 601; x_wconf 89' lang='grc' dir='ltr'><strong><em>τινος</em></strong></span> <span class='ocrx_word' id='word_1_45' title='bbox 697 555 871 608; x_wconf 82' lang='grc' dir='ltr'><strong><em>στρατοῦ</em></strong></span> <span class='ocrx_word' id='word_1_46' title='bbox 888 554 943 601; x_wconf 84' lang='grc' dir='ltr'><strong>εἷς</strong></span> <span class='ocrx_word' id='word_1_47' title='bbox 956 552 1128 595; x_wconf 78' lang='grc' dir='ltr'><strong><em>Ἰταλίαν</em></strong></span> <span class='ocrx_word' id='word_1_48' title='bbox 1144 553 1383 609; x_wconf 81' lang='grc' dir='ltr'><strong><em>περαιωθεὶς</em></strong></span> <span class='ocrx_word' id='word_1_49' title='bbox 1399 552 1508 602; x_wconf 74' lang='grc' dir='ltr'><strong><em>ἐντὸς</em></strong></span> <span class='ocrx_word' id='word_1_50' title='bbox 1525 553 1800 607; x_wconf 61' lang='grc' dir='ltr'><strong><em>ὄλῶχουῑοῦςό</em></strong></span> 
     </span>
     <span class='ocr_line' id='line_1_7' title="bbox 322 617 1778 678; baseline -0.002 -13"><span class='ocrx_word' id='word_1_51' title='bbox 322 619 586 678; x_wconf 79' lang='grc' dir='ltr'><strong><em>Σαρακηνοῦς</em></strong></span> <span class='ocrx_word' id='word_1_52' title='bbox 604 624 676 674; x_wconf 79' lang='grc' dir='ltr'><strong>τῆς</strong></span> <span class='ocrx_word' id='word_1_53' title='bbox 693 619 862 670; x_wconf 85' lang='grc' dir='ltr'><strong><em>Ἰταλίας</em></strong></span> <span class='ocrx_word' id='word_1_54' title='bbox 883 619 1062 675; x_wconf 82' lang='grc' dir='ltr'><em>ἀπήλασε</em></span> <span class='ocrx_word' id='word_1_55' title='bbox 1083 622 1149 662; x_wconf 85' lang='grc' dir='ltr'><strong><em>καὶ</em></strong></span> <span class='ocrx_word' id='word_1_56' title='bbox 1172 621 1213 662; x_wconf 74' lang='grc' dir='ltr'><strong><em>ἓν</em></strong></span> <span class='ocrx_word' id='word_1_57' title='bbox 1236 621 1396 678; x_wconf 69' lang='grc' dir='ltr'><strong><em>Σικελίᾳ</em></strong></span> <span class='ocrx_word' id='word_1_58' title='bbox 1414 617 1625 675; x_wconf 74' lang='grc' dir='ltr'><strong><em>ἡσυχάζειν</em></strong></span> <span class='ocrx_word' id='word_1_59' title='bbox 1645 618 1778 677; x_wconf 39' lang='grc' dir='ltr'><strong><em>ἠνάγή</em></strong></span> 
     </span>
     <span class='ocr_line' id='line_1_8' title="bbox 322 685 1769 745; baseline -0.001 -12"><span class='ocrx_word' id='word_1_60' title='bbox 322 705 434 733; x_wconf 87' lang='grc' dir='ltr'><strong><em>κασε.</em></strong></span> <span class='ocrx_word' id='word_1_61' title='bbox 484 685 628 731; x_wconf 78' lang='grc' dir='ltr'><strong><em>τούτου</em></strong></span> <span class='ocrx_word' id='word_1_62' title='bbox 648 693 720 730; x_wconf 81' lang='grc' dir='ltr'><strong>τοῦ</strong></span> <span class='ocrx_word' id='word_1_63' title='bbox 737 687 886 745; x_wconf 79' lang='grc' dir='ltr'><strong><em>ἀνδρὸς</em></strong></span> <span class='ocrx_word' id='word_1_64' title='bbox 903 690 970 731; x_wconf 85' lang='grc' dir='ltr'><strong><em>καὶ</em></strong></span> <span class='ocrx_word' id='word_1_65' title='bbox 988 688 1084 731; x_wconf 82' lang='grc' dir='ltr'><strong><em>ναὸν</em></strong></span> <span class='ocrx_word' id='word_1_66' title='bbox 1103 689 1254 744; x_wconf 79' lang='grc' dir='ltr'><strong><em>λέγεται</em></strong></span> <span class='ocrx_word' id='word_1_67' title='bbox 1273 687 1537 743; x_wconf 83' lang='grc' dir='ltr'><strong><em>δομήσασθαι</em></strong></span> <span class='ocrx_word' id='word_1_68' title='bbox 1555 687 1769 739; x_wconf 51' lang='lat' dir='ltr'><strong>vobs-&#39;Ime-</strong></span> 
     </span>
     <span class='ocr_line' id='line_1_9' title="bbox 321 754 1767 812; baseline -0.001 -11"><span class='ocrx_word' id='word_1_69' title='bbox 321 758 418 808; x_wconf 76' lang='grc' dir='ltr'><strong><em>λοὺς</em></strong></span> <span class='ocrx_word' id='word_1_70' title='bbox 443 757 497 807; x_wconf 77' lang='grc' dir='ltr'><strong>εἷς</strong></span> <span class='ocrx_word' id='word_1_71' title='bbox 516 754 676 811; x_wconf 81' lang='grc' dir='ltr'><strong><em>μνήμην</em></strong></span> <span class='ocrx_word' id='word_1_72' title='bbox 697 755 871 810; x_wconf 77' lang='grc' dir='ltr'><strong><em>ἄληστον</em></strong></span> <span class='ocrx_word' id='word_1_73' title='bbox 890 761 964 811; x_wconf 81' lang='grc' dir='ltr'><strong>τῆς</strong></span> <span class='ocrx_word' id='word_1_74' title='bbox 985 756 1111 800; x_wconf 76' lang='grc' dir='ltr'><strong><em>αὐτοῦ</em></strong></span> <span class='ocrx_word' id='word_1_75' title='bbox 1134 758 1302 812; x_wconf 79' lang='grc' dir='ltr'><strong><em>ἀρετῆς,</em></strong></span> <span class='ocrx_word' id='word_1_76' title='bbox 1337 756 1383 799; x_wconf 81' lang='grc' dir='ltr'><strong><em>οὗ</em></strong></span> <span class='ocrx_word' id='word_1_77' title='bbox 1411 756 1479 799; x_wconf 81' lang='grc' dir='ltr'><strong>διὰ</strong></span> <span class='ocrx_word' id='word_1_78' title='bbox 1504 755 1577 811; x_wconf 84' lang='grc' dir='ltr'><strong>τὴν</strong></span> <span class='ocrx_word' id='word_1_79' title='bbox 1604 757 1767 799; x_wconf 74' lang='grc' dir='ltr'><strong><em>ἐλευθε-</em></strong></span> 
     </span>
     <span class='ocr_line' id='line_1_10' title="bbox 321 821 1769 884; baseline 0.001 -17"><span class='ocrx_word' id='word_1_80' title='bbox 321 827 413 884; x_wconf 85' lang='grc' dir='ltr'><strong><em>ρίαν</em></strong></span> <span class='ocrx_word' id='word_1_81' title='bbox 433 823 561 880; x_wconf 86' lang='grc' dir='ltr'><strong><em>μόνην</em></strong></span> <span class='ocrx_word' id='word_1_82' title='bbox 583 824 686 866; x_wconf 83' lang='grc' dir='ltr'><strong><em>ἀλλὰ</em></strong></span> <span class='ocrx_word' id='word_1_83' title='bbox 707 826 774 866; x_wconf 83' lang='grc' dir='ltr'><strong><em>καὶ</em></strong></span> <span class='ocrx_word' id='word_1_84' title='bbox 794 825 852 867; x_wconf 73' lang='grc' dir='ltr'><strong>δι’</strong></span> <span class='ocrx_word' id='word_1_85' title='bbox 875 824 1007 880; x_wconf 72' lang='grc' dir='ltr'><strong><em>ἕτερον</em></strong></span> <span class='ocrx_word' id='word_1_86' title='bbox 1027 824 1142 882; x_wconf 69' lang='grc' dir='ltr'><strong><em>ἔργον</em></strong></span> <span class='ocrx_word' id='word_1_87' title='bbox 1164 823 1450 882; x_wconf 79' lang='grc' dir='ltr'><strong><em>ἀξιαφήγητον.</em></strong></span> <span class='ocrx_word' id='word_1_88' title='bbox 1516 825 1555 868; x_wconf 77' lang='grc' dir='ltr'><strong><em>οἱ</em></strong></span> <span class='ocrx_word' id='word_1_89' title='bbox 1577 824 1655 881; x_wconf 77' lang='grc' dir='ltr'><strong><em>γὰρ</em></strong></span> <span class='ocrx_word' id='word_1_90' title='bbox 1669 821 1769 868; x_wconf 80' lang='grc' dir='ltr'><strong>Ῥω-</strong></span> 
     </span>
     <span class='ocr_line' id='line_1_11' title="bbox 320 891 1824 950; baseline -0.003 -14"><span class='ocrx_word' id='word_1_91' title='bbox 320 900 435 949; x_wconf 82' lang='grc' dir='ltr'><strong><em>μαῖοι</em></strong></span> <span class='ocrx_word' id='word_1_92' title='bbox 465 894 507 935; x_wconf 71' lang='grc' dir='ltr'><strong><em>ἓν</em></strong></span> <span class='ocrx_word' id='word_1_93' title='bbox 533 897 592 950; x_wconf 77' lang='grc' dir='ltr'><strong><em>τῷ</em></strong></span> <span class='ocrx_word' id='word_1_94' title='bbox 618 893 777 946; x_wconf 76' lang='grc' dir='ltr'><strong><em>μέλλειν</em></strong></span> <span class='ocrx_word' id='word_1_95' title='bbox 805 892 940 935; x_wconf 76' lang='grc' dir='ltr'><strong><em>οἴκαδε</em></strong></span> <span class='ocrx_word' id='word_1_96' title='bbox 966 891 1229 950; x_wconf 71' lang='grc' dir='ltr'><strong><em>ὑποστρέφειν</em></strong></span> <span class='ocrx_word' id='word_1_97' title='bbox 1252 892 1353 947; x_wconf 78' lang='grc' dir='ltr'><strong><em>μετὰ</em></strong></span> <span class='ocrx_word' id='word_1_98' title='bbox 1372 897 1445 935; x_wconf 79' lang='grc' dir='ltr'><strong>τοῦ</strong></span> <span class='ocrx_word' id='word_1_99' title='bbox 1460 897 1575 950; x_wconf 85' lang='grc' dir='ltr'><strong><em>σφῶν</em></strong></span> <span class='ocrx_word' id='word_1_100' title='bbox 1592 909 1769 949; x_wconf 42' lang='grc' dir='ltr'><strong><em>στρατη*</em></strong></span> <span class='ocrx_word' id='word_1_101' title='bbox 1780 898 1824 933; x_wconf 84' lang='grc'><strong>10</strong></span> 
     </span>
     <span class='ocr_line' id='line_1_12' title="bbox 320 959 1769 1019; baseline 0 -14"><span class='ocrx_word' id='word_1_102' title='bbox 320 967 397 1019; x_wconf 74' lang='grc' dir='ltr'><strong><em>γοῦ</em></strong></span> <span class='ocrx_word' id='word_1_103' title='bbox 426 960 599 1011; x_wconf 75' lang='grc' dir='ltr'><strong><em>πολλοὺς</em></strong></span> <span class='ocrx_word' id='word_1_104' title='bbox 627 964 707 1003; x_wconf 90' lang='grc' dir='ltr'><strong>τῶν</strong></span> <span class='ocrx_word' id='word_1_105' title='bbox 731 961 893 1003; x_wconf 84' lang='grc' dir='ltr'><strong><em>Ἰταλῶν</em></strong></span> <span class='ocrx_word' id='word_1_106' title='bbox 923 960 1189 1015; x_wconf 74' lang='grc' dir='ltr'><strong><em>κατασχόντες</em></strong></span> <span class='ocrx_word' id='word_1_107' title='bbox 1215 960 1405 1003; x_wconf 68' lang='grc' dir='ltr'><strong><em>ἔσπευδον</em></strong></span> <span class='ocrx_word' id='word_1_108' title='bbox 1430 959 1601 1010; x_wconf 76' lang='grc' dir='ltr'><strong><em>δούλους</em></strong></span> <span class='ocrx_word' id='word_1_109' title='bbox 1621 963 1677 1011; x_wconf 81' lang='grc' dir='ltr'><strong>εἲς</strong></span> <span class='ocrx_word' id='word_1_110' title='bbox 1697 960 1769 1015; x_wconf 78' lang='grc' dir='ltr'><strong><em>τὴν</em></strong></span> 
     </span>
     <span class='ocr_line' id='line_1_13' title="bbox 320 1023 1770 1087; baseline -0.001 -15"><span class='ocrx_word' id='word_1_111' title='bbox 320 1031 490 1087; x_wconf 85' lang='grc' dir='ltr'><strong><em>περαίαν</em></strong></span> <span class='ocrx_word' id='word_1_112' title='bbox 518 1027 775 1082; x_wconf 79' lang='grc' dir='ltr'><strong><em>διαβιβάσαι·</em></strong></span> <span class='ocrx_word' id='word_1_113' title='bbox 810 1023 860 1072; x_wconf 70' lang='grc' dir='ltr'><strong><em>οὗ</em></strong></span> <span class='ocrx_word' id='word_1_114' title='bbox 889 1029 1139 1085; x_wconf 76' lang='grc' dir='ltr'><strong><em>γνωσθέντος</em></strong></span> <span class='ocrx_word' id='word_1_115' title='bbox 1167 1029 1292 1084; x_wconf 78' lang='grc' dir='ltr'><strong><em>μηδὲν</em></strong></span> <span class='ocrx_word' id='word_1_116' title='bbox 1323 1027 1426 1079; x_wconf 77' lang='grc' dir='ltr'><strong><em>ὅλως</em></strong></span> <span class='ocrx_word' id='word_1_117' title='bbox 1455 1029 1575 1072; x_wconf 77' lang='grc' dir='ltr'><strong><em>εἰπὼν</em></strong></span> <span class='ocrx_word' id='word_1_118' title='bbox 1596 1026 1618 1070; x_wconf 81' lang='grc' dir='ltr'><strong>ὅ</strong></span> <span class='ocrx_word' id='word_1_119' title='bbox 1637 1032 1770 1084; x_wconf 86' lang='grc' dir='ltr'><strong><em>Νικη-</em></strong></span> 
     </span>
     <span class='ocr_line' id='line_1_14' title="bbox 321 1095 1770 1156; baseline -0.001 -16"><span class='ocrx_word' id='word_1_120' title='bbox 321 1097 450 1155; x_wconf 82' lang='grc' dir='ltr'><strong><em>φόρος</em></strong></span> <span class='ocrx_word' id='word_1_121' title='bbox 466 1097 567 1151; x_wconf 76' lang='grc' dir='ltr'><strong><em>μηδ’</em></strong></span> <span class='ocrx_word' id='word_1_122' title='bbox 587 1095 779 1139; x_wconf 79' lang='grc' dir='ltr'><strong><em>ὖπόνοιάν</em></strong></span> <span class='ocrx_word' id='word_1_123' title='bbox 795 1115 882 1140; x_wconf 92' lang='grc' dir='ltr'><strong><em>τινα</em></strong></span> <span class='ocrx_word' id='word_1_124' title='bbox 900 1096 1086 1147; x_wconf 79' lang='grc' dir='ltr'><strong><em>δεδωκὼς</em></strong></span> <span class='ocrx_word' id='word_1_125' title='bbox 1101 1097 1178 1155; x_wconf 87' lang='grc' dir='ltr'><strong>πρὸ</strong></span> <span class='ocrx_word' id='word_1_126' title='bbox 1198 1101 1271 1140; x_wconf 82' lang='grc' dir='ltr'><strong>τοῦ</strong></span> <span class='ocrx_word' id='word_1_127' title='bbox 1289 1097 1328 1139; x_wconf 76' lang='grc' dir='ltr'><strong><em>ἓν</em></strong></span> <span class='ocrx_word' id='word_1_128' title='bbox 1346 1098 1569 1156; x_wconf 78' lang='grc' dir='ltr'><strong><em>Βρεντεσίῳ</em></strong></span> <span class='ocrx_word' id='word_1_129' title='bbox 1583 1097 1770 1152; x_wconf 75' lang='grc' dir='ltr'><strong><em>γενέσθαι</em></strong></span> 
     </span>
     <span class='ocr_line' id='line_1_15' title="bbox 322 1163 1768 1223; baseline -0.001 -15"><span class='ocrx_word' id='word_1_130' title='bbox 322 1167 506 1221; x_wconf 73' lang='grc' dir='ltr'><strong><em>(ἐκεῖθεν</em></strong></span> <span class='ocrx_word' id='word_1_131' title='bbox 533 1165 611 1221; x_wconf 77' lang='grc' dir='ltr'><strong><em>γὰρ</em></strong></span> <span class='ocrx_word' id='word_1_132' title='bbox 641 1165 803 1219; x_wconf 65' lang='grc' dir='ltr'><strong><em>ἔμελλον</em></strong></span> <span class='ocrx_word' id='word_1_133' title='bbox 826 1165 927 1222; x_wconf 87' lang='grc' dir='ltr'><strong><em>πρὸς</em></strong></span> <span class='ocrx_word' id='word_1_134' title='bbox 951 1165 1023 1219; x_wconf 82' lang='grc' dir='ltr'><strong>τὴν</strong></span> <span class='ocrx_word' id='word_1_135' title='bbox 1046 1166 1247 1223; x_wconf 85' lang='grc' dir='ltr'><strong><em>Ἰλλυρίδα</em></strong></span> <span class='ocrx_word' id='word_1_136' title='bbox 1277 1166 1521 1222; x_wconf 79' lang='grc' dir='ltr'><strong><em>διαπερᾶν),</em></strong></span> <span class='ocrx_word' id='word_1_137' title='bbox 1565 1163 1620 1216; x_wconf 83' lang='grc' dir='ltr'><strong><em>ὥς</em></strong></span> <span class='ocrx_word' id='word_1_138' title='bbox 1645 1165 1768 1208; x_wconf 66' lang='grc' dir='ltr'><strong><em>ἐκεῖσε</em></strong></span> 
     </span>
    </p>

    <p class='ocr_par' dir='ltr' id='par_1_4' title="bbox 266 1231 1822 1769">
     <span class='ocr_line' id='line_1_16' title="bbox 266 1231 1822 1291; baseline -0.003 -13"><span class='ocrx_word' id='word_1_139' title='bbox 266 1248 299 1282; x_wconf 88' lang='lat' dir='ltr'>D</span> <span class='ocrx_word' id='word_1_140' title='bbox 322 1236 521 1291; x_wconf 75' lang='grc' dir='ltr'><strong><em>ἐγένοντο,</em></strong></span> <span class='ocrx_word' id='word_1_141' title='bbox 555 1233 675 1284; x_wconf 81' lang='grc' dir='ltr'><strong><em>αὐτὸς</em></strong></span> <span class='ocrx_word' id='word_1_142' title='bbox 704 1233 762 1276; x_wconf 71' lang='grc' dir='ltr'><strong>δι’</strong></span> <span class='ocrx_word' id='word_1_143' title='bbox 794 1232 941 1276; x_wconf 75' lang='grc' dir='ltr'><strong><em>ἑαυτοῦ</em></strong></span> <span class='ocrx_word' id='word_1_144' title='bbox 972 1234 1137 1276; x_wconf 72' lang='grc' dir='ltr'><strong><em>ἕκαστον</em></strong></span> <span class='ocrx_word' id='word_1_145' title='bbox 1162 1237 1242 1276; x_wconf 91' lang='grc' dir='ltr'><strong>τῶν</strong></span> <span class='ocrx_word' id='word_1_146' title='bbox 1263 1237 1518 1290; x_wconf 81' lang='grc' dir='ltr'><strong><em>στρατιωτῶν</em></strong></span> <span class='ocrx_word' id='word_1_147' title='bbox 1540 1231 1768 1288; x_wconf 70' lang='grc' dir='ltr'><strong><em>ἐμβιβάζων</em></strong></span> <span class='ocrx_word' id='word_1_148' title='bbox 1779 1239 1822 1276; x_wconf 87' lang='grc'><strong>15</strong></span> 
     </span>
     <span class='ocr_line' id='line_1_17' title="bbox 317 1300 1767 1359; baseline 0 -14"><span class='ocrx_word' id='word_1_149' title='bbox 317 1309 403 1354; x_wconf 80' lang='grc' dir='ltr'><strong><em>τοῖς</em></strong></span> <span class='ocrx_word' id='word_1_150' title='bbox 430 1303 583 1352; x_wconf 81' lang='grc' dir='ltr'><strong><em>πλοίοις</em></strong></span> <span class='ocrx_word' id='word_1_151' title='bbox 609 1306 735 1359; x_wconf 80' lang='grc' dir='ltr'><strong><em>περᾶν</em></strong></span> <span class='ocrx_word' id='word_1_152' title='bbox 763 1300 1053 1358; x_wconf 82' lang='grc' dir='ltr'><strong><em>παρεσκεύαζε,</em></strong></span> <span class='ocrx_word' id='word_1_153' title='bbox 1087 1303 1152 1344; x_wconf 83' lang='grc' dir='ltr'><strong><em>καὶ</em></strong></span> <span class='ocrx_word' id='word_1_154' title='bbox 1177 1300 1282 1344; x_wconf 76' lang='grc' dir='ltr'><strong><em>οὕτω</em></strong></span> <span class='ocrx_word' id='word_1_155' title='bbox 1307 1301 1401 1352; x_wconf 79' lang='grc' dir='ltr'><strong><em>τοὺς</em></strong></span> <span class='ocrx_word' id='word_1_156' title='bbox 1426 1301 1638 1357; x_wconf 75' lang='grc' dir='ltr'><strong><em>ἐγχωρίους</em></strong></span> <span class='ocrx_word' id='word_1_157' title='bbox 1662 1300 1767 1345; x_wconf 71' lang='grc' dir='ltr'><strong><em>εἴασε</em></strong></span> 
     </span>
     <span class='ocr_line' id='line_1_18' title="bbox 316 1364 1769 1427; baseline -0.001 -13"><span class='ocrx_word' id='word_1_158' title='bbox 316 1374 393 1427; x_wconf 77' lang='grc' dir='ltr'><strong>τὴν</strong></span> <span class='ocrx_word' id='word_1_159' title='bbox 419 1369 572 1413; x_wconf 70' lang='grc' dir='ltr'><strong><em>ἑαυτῶν</em></strong></span> <span class='ocrx_word' id='word_1_160' title='bbox 593 1368 734 1427; x_wconf 83' lang='grc' dir='ltr'><strong><em>χώραν</em></strong></span> <span class='ocrx_word' id='word_1_161' title='bbox 762 1370 890 1420; x_wconf 79' lang='grc' dir='ltr'><strong><em>ἀδεῶς</em></strong></span> <span class='ocrx_word' id='word_1_162' title='bbox 914 1376 1121 1413; x_wconf 88' lang='grc' dir='ltr'><strong><em>κατοικεΐν.</em></strong></span> <span class='ocrx_word' id='word_1_163' title='bbox 1189 1370 1400 1413; x_wconf 79' lang='grc' dir='ltr'><strong><em>διετέλεσεν</em></strong></span> <span class='ocrx_word' id='word_1_164' title='bbox 1419 1364 1491 1412; x_wconf 75' lang='grc' dir='ltr'><strong>οὖν</strong></span> <span class='ocrx_word' id='word_1_165' title='bbox 1511 1368 1769 1427; x_wconf 80' lang='grc' dir='ltr'><strong><em>εἷρηνεύουσα</em></strong></span> 
     </span>
     <span class='ocr_line' id='line_1_19' title="bbox 316 1436 1767 1495; baseline -0.001 -14"><span class='ocrx_word' id='word_1_166' title='bbox 316 1437 343 1494; x_wconf 76' lang='grc' dir='ltr'><strong><em>ἦ</em></strong></span> <span class='ocrx_word' id='word_1_167' title='bbox 368 1439 518 1481; x_wconf 86' lang='grc' dir='ltr'><strong><em>Ἰταλία</em></strong></span> <span class='ocrx_word' id='word_1_168' title='bbox 544 1438 661 1494; x_wconf 87' lang='grc' dir='ltr'><strong><em>μέχρι</em></strong></span> <span class='ocrx_word' id='word_1_169' title='bbox 688 1442 768 1481; x_wconf 91' lang='grc' dir='ltr'><strong>τῶν</strong></span> <span class='ocrx_word' id='word_1_170' title='bbox 787 1436 945 1495; x_wconf 82' lang='grc' dir='ltr'><strong><em>χρόνων</em></strong></span> <span class='ocrx_word' id='word_1_171' title='bbox 974 1442 1047 1481; x_wconf 82' lang='grc' dir='ltr'><strong>τοῦ</strong></span> <span class='ocrx_word' id='word_1_172' title='bbox 1067 1436 1441 1494; x_wconf 78' lang='grc' dir='ltr'><strong><em>πορφυρογεννήτου</em></strong></span> <span class='ocrx_word' id='word_1_173' title='bbox 1462 1439 1767 1481; x_wconf 83' lang='grc' dir='ltr'><strong><em>Κωνσταντίνου</em></strong></span> 
     </span>
     <span class='ocr_line' id='line_1_20' title="bbox 317 1504 1769 1563; baseline -0.001 -13"><span class='ocrx_word' id='word_1_174' title='bbox 317 1509 387 1550; x_wconf 89' lang='grc' dir='ltr'><strong><em>καὶ</em></strong></span> <span class='ocrx_word' id='word_1_175' title='bbox 405 1510 478 1561; x_wconf 85' lang='grc' dir='ltr'><strong>τῆς</strong></span> <span class='ocrx_word' id='word_1_176' title='bbox 498 1505 623 1548; x_wconf 77' lang='grc' dir='ltr'><strong><em>αὐτοῦ</em></strong></span> <span class='ocrx_word' id='word_1_177' title='bbox 643 1504 818 1562; x_wconf 86' lang='grc' dir='ltr'><strong><em>μητρός·</em></strong></span> <span class='ocrx_word' id='word_1_178' title='bbox 854 1506 920 1548; x_wconf 68' lang='grc' dir='ltr'><strong>ἐπ’</strong></span> <span class='ocrx_word' id='word_1_179' title='bbox 946 1507 1100 1548; x_wconf 74' lang='grc' dir='ltr'><strong><em>ἐκείνων</em></strong></span> <span class='ocrx_word' id='word_1_180' title='bbox 1121 1507 1164 1548; x_wconf 78' lang='grc' dir='ltr'><strong><em>δὲ</em></strong></span> <span class='ocrx_word' id='word_1_181' title='bbox 1185 1505 1305 1548; x_wconf 85' lang='grc' dir='ltr'><strong><em>πάλιν</em></strong></span> <span class='ocrx_word' id='word_1_182' title='bbox 1323 1507 1550 1561; x_wconf 78' lang='grc' dir='ltr'><strong><em>κινηθέντες</em></strong></span> <span class='ocrx_word' id='word_1_183' title='bbox 1570 1507 1609 1549; x_wconf 82' lang='grc' dir='ltr'><strong><em>οἱ</em></strong></span> <span class='ocrx_word' id='word_1_184' title='bbox 1630 1509 1769 1563; x_wconf 83' lang='grc' dir='ltr'><strong><em>Σαρα-</em></strong></span> 
     </span>
     <span class='ocr_line' id='line_1_21' title="bbox 317 1568 1822 1631; baseline -0.001 -13"><span class='ocrx_word' id='word_1_185' title='bbox 317 1576 430 1630; x_wconf 88' lang='grc' dir='ltr'><strong><em>κηνοὶ</em></strong></span> <span class='ocrx_word' id='word_1_186' title='bbox 447 1575 619 1629; x_wconf 86' lang='grc' dir='ltr'><strong><em>μηδενὸς</em></strong></span> <span class='ocrx_word' id='word_1_187' title='bbox 634 1574 857 1624; x_wconf 75' lang='grc' dir='ltr'><strong><em>κωλύοντος</em></strong></span> <span class='ocrx_word' id='word_1_188' title='bbox 874 1574 947 1629; x_wconf 83' lang='grc' dir='ltr'><strong>τὴν</strong></span> <span class='ocrx_word' id='word_1_189' title='bbox 961 1575 1131 1617; x_wconf 69' lang='grc' dir='ltr'><strong><em>Ἰταλίαν</em></strong></span> <span class='ocrx_word' id='word_1_190' title='bbox 1149 1575 1395 1631; x_wconf 84' lang='grc' dir='ltr'><strong><em>κατέτρεχον.</em></strong></span> <span class='ocrx_word' id='word_1_191' title='bbox 1453 1572 1677 1624; x_wconf 85' lang='grc' dir='ltr'><strong><em>συνιδόντες</em></strong></span> <span class='ocrx_word' id='word_1_192' title='bbox 1696 1568 1822 1617; x_wconf 67' lang='grc' dir='ltr'><strong><em>οὖνὲθ</em></strong></span> 
     </span>
     <span class='ocr_line' id='line_1_22' title="bbox 317 1640 1769 1701; baseline -0.001 -15"><span class='ocrx_word' id='word_1_193' title='bbox 317 1644 358 1686; x_wconf 78' lang='grc' dir='ltr'><strong><em>οἳ</em></strong></span> <span class='ocrx_word' id='word_1_194' title='bbox 378 1647 616 1700; x_wconf 81' lang='grc' dir='ltr'><strong><em>κρατοῦντες</em></strong></span> <span class='ocrx_word' id='word_1_195' title='bbox 637 1640 692 1692; x_wconf 81' lang='grc' dir='ltr'><strong><em>ὡς</em></strong></span> <span class='ocrx_word' id='word_1_196' title='bbox 714 1642 789 1696; x_wconf 75' lang='grc' dir='ltr'><strong><em>οὐχ</em></strong></span> <span class='ocrx_word' id='word_1_197' title='bbox 812 1640 893 1685; x_wconf 80' lang='grc' dir='ltr'><strong><em>οἶοί</em></strong></span> <span class='ocrx_word' id='word_1_198' title='bbox 912 1643 956 1685; x_wconf 88' lang='grc' dir='ltr'><strong><em>τέ</em></strong></span> <span class='ocrx_word' id='word_1_199' title='bbox 974 1644 1049 1686; x_wconf 79' lang='grc' dir='ltr'><strong><em>εἰσι</em></strong></span> <span class='ocrx_word' id='word_1_200' title='bbox 1068 1640 1168 1701; x_wconf 86' lang='grc' dir='ltr'><strong><em>πρός</em></strong></span> <span class='ocrx_word' id='word_1_201' title='bbox 1187 1659 1229 1685; x_wconf 85' lang='grc' dir='ltr'><strong>τε</strong></span> <span class='ocrx_word' id='word_1_202' title='bbox 1251 1642 1346 1692; x_wconf 78' lang='grc' dir='ltr'><strong><em>τούς</em></strong></span> <span class='ocrx_word' id='word_1_203' title='bbox 1364 1640 1488 1700; x_wconf 74' lang='grc' dir='ltr'><strong><em>ἕῴους</em></strong></span> <span class='ocrx_word' id='word_1_204' title='bbox 1507 1640 1769 1698; x_wconf 80' lang='grc' dir='ltr'><strong><em>Σαρακηνοὺς</em></strong></span> 
     </span>
     <span class='ocr_line' id='line_1_23' title="bbox 318 1708 1769 1769; baseline -0.001 -15"><span class='ocrx_word' id='word_1_205' title='bbox 318 1713 386 1754; x_wconf 81' lang='grc' dir='ltr'><strong><em>καὶ</em></strong></span> <span class='ocrx_word' id='word_1_206' title='bbox 416 1711 519 1769; x_wconf 85' lang='grc' dir='ltr'><strong><em>πρὸς</em></strong></span> <span class='ocrx_word' id='word_1_207' title='bbox 548 1710 643 1761; x_wconf 72' lang='grc' dir='ltr'><strong><em>τοὺς</em></strong></span> <span class='ocrx_word' id='word_1_208' title='bbox 670 1708 877 1768; x_wconf 67' lang='grc' dir='ltr'><strong><em>ἑσπερίους</em></strong></span> <span class='ocrx_word' id='word_1_209' title='bbox 903 1710 1100 1765; x_wconf 80' lang='grc' dir='ltr'><strong><em>ἀντέχειν,</em></strong></span> <span class='ocrx_word' id='word_1_210' title='bbox 1133 1710 1211 1766; x_wconf 71' lang='grc' dir='ltr'><strong><em>ἤδη</em></strong></span> <span class='ocrx_word' id='word_1_211' title='bbox 1237 1713 1305 1754; x_wconf 86' lang='grc' dir='ltr'><strong><em>καὶ</em></strong></span> <span class='ocrx_word' id='word_1_212' title='bbox 1324 1715 1404 1754; x_wconf 86' lang='grc' dir='ltr'><strong>τῶν</strong></span> <span class='ocrx_word' id='word_1_213' title='bbox 1426 1709 1674 1768; x_wconf 80' lang='grc' dir='ltr'><strong><em>Βουλγάρων</em></strong></span> <span class='ocrx_word' id='word_1_214' title='bbox 1695 1710 1769 1760; x_wconf 77' lang='grc' dir='ltr'><strong>τὰς</strong></span> 
     </span>
    </p>
   </div>
   <div class='ocr_carea' id='block_1_3' title="bbox 407 1823 1770 1932">
    <p class='ocr_par' dir='ltr' id='par_1_5' title="bbox 407 1823 1770 1932">
     <span class='ocr_line' id='line_1_24' title="bbox 409 1823 1770 1887; baseline -0.001 -11"><span class='ocrx_word' id='word_1_215' title='bbox 409 1842 433 1877; x_wconf 89' lang='grc'>8</span> <span class='ocrx_word' id='word_1_216' title='bbox 456 1840 523 1885; x_wconf 85' lang='grc' dir='ltr'><strong>τῆς</strong></span> <span class='ocrx_word' id='word_1_217' title='bbox 547 1836 680 1884; x_wconf 73' lang='grc' dir='ltr'><strong><em>ἀρετῆς</em></strong></span> <span class='ocrx_word' id='word_1_218' title='bbox 701 1836 840 1874; x_wconf 80' lang='grc' dir='ltr'><strong><em>ἐκείνου</em></strong></span> <span class='ocrx_word' id='word_1_219' title='bbox 863 1840 894 1874; x_wconf 83' lang='lat' dir='ltr'>C</span> <span class='ocrx_word' id='word_1_220' title='bbox 1079 1841 1122 1875; x_wconf 75' lang='lat'><strong>12</strong></span> <span class='ocrx_word' id='word_1_221' title='bbox 1145 1823 1385 1887; x_wconf 70' lang='grc' dir='ltr'><strong><em>διαβιβάζεῖν.</em></strong></span> <span class='ocrx_word' id='word_1_222' title='bbox 1408 1837 1431 1874; x_wconf 81' lang='lat' dir='ltr'><strong>o‘</strong></span> <span class='ocrx_word' id='word_1_223' title='bbox 1455 1839 1547 1885; x_wconf 79' lang='grc' dir='ltr'><strong><em>γοῦν</em></strong></span> <span class='ocrx_word' id='word_1_224' title='bbox 1566 1837 1770 1885; x_wconf 77' lang='grc' dir='ltr'><strong><em>νικηφόρος</em></strong></span> 
     </span>
     <span class='ocr_line' id='line_1_25' title="bbox 407 1882 1767 1932; baseline 0 -11"><span class='ocrx_word' id='word_1_225' title='bbox 407 1886 523 1922; x_wconf 77' lang='grc' dir='ltr'><strong><em>τοῦτο</em></strong></span> <span class='ocrx_word' id='word_1_226' title='bbox 556 1884 687 1930; x_wconf 77' lang='grc' dir='ltr'><strong><em>γνούς,</em></strong></span> <span class='ocrx_word' id='word_1_227' title='bbox 720 1883 834 1930; x_wconf 76' lang='grc' dir='ltr'><strong><em>μηδὲν</em></strong></span> <span class='ocrx_word' id='word_1_228' title='bbox 864 1882 960 1926; x_wconf 76' lang='grc' dir='ltr'><strong><em>ὅλως</em></strong></span> <span class='ocrx_word' id='word_1_229' title='bbox 990 1884 1106 1922; x_wconf 72' lang='grc' dir='ltr'><strong><em>εἰπών</em></strong></span> <span class='ocrx_word' id='word_1_230' title='bbox 1135 1886 1166 1921; x_wconf 88' lang='lat' dir='ltr'>C</span> <span class='ocrx_word' id='word_1_231' title='bbox 1349 1885 1393 1923; x_wconf 83' lang='lat'><strong>14</strong></span> <span class='ocrx_word' id='word_1_232' title='bbox 1415 1882 1581 1932; x_wconf 74' lang='grc' dir='ltr'><strong><em>ἐκεῖθεν]</em></strong></span> <span class='ocrx_word' id='word_1_233' title='bbox 1607 1883 1719 1922; x_wconf 76' lang='grc' dir='ltr'><strong><em>ἐκεῖσε</em></strong></span> <span class='ocrx_word' id='word_1_234' title='bbox 1736 1886 1767 1921; x_wconf 84' lang='lat' dir='ltr'>C</span> 
     </span>
    </p>
   </div>
   <div class='ocr_carea' id='block_1_4' title="bbox 409 1930 966 1977">
    <p class='ocr_par' dir='ltr' id='par_1_6' title="bbox 409 1930 966 1977">
     <span class='ocr_line' id='line_1_26' title="bbox 409 1930 966 1977; baseline 0 -8"><span class='ocrx_word' id='word_1_235' title='bbox 409 1933 453 1969; x_wconf 85' lang='lat'><strong>15</strong></span> <span class='ocrx_word' id='word_1_236' title='bbox 476 1931 552 1968; x_wconf 84' lang='grc' dir='ltr'><strong>τῶν</strong></span> <span class='ocrx_word' id='word_1_237' title='bbox 573 1932 739 1977; x_wconf 81' lang='grc' dir='ltr'><strong><em>στρατῶν</em></strong></span> <span class='ocrx_word' id='word_1_238' title='bbox 762 1930 913 1968; x_wconf 78' lang='grc' dir='ltr'><strong><em>ἕκαστον</em></strong></span> <span class='ocrx_word' id='word_1_239' title='bbox 935 1933 966 1969; x_wconf 87' lang='lat' dir='ltr'>C</span> 
     </span>
    </p>
   </div>
   <div class='ocr_carea' id='block_1_5' title="bbox 313 2046 1770 2872">
    <p class='ocr_par' dir='ltr' id='par_1_7' title="bbox 313 2046 1770 2872">
     <span class='ocr_line' id='line_1_27' title="bbox 315 2046 1767 2095; baseline -0.001 -12"><span class='ocrx_word' id='word_1_240' title='bbox 315 2058 438 2092; x_wconf 85' lang='lat' dir='ltr'><strong>neum,</strong></span> <span class='ocrx_word' id='word_1_241' title='bbox 471 2047 692 2095; x_wconf 84' lang='lat' dir='ltr'><strong>Nicephorus</strong></span> <span class='ocrx_word' id='word_1_242' title='bbox 716 2047 865 2094; x_wconf 82' lang='lat' dir='ltr'><strong>placuit,</strong></span> <span class='ocrx_word' id='word_1_243' title='bbox 899 2047 1067 2094; x_wconf 85' lang='lat' dir='ltr'><strong>patricius</strong></span> <span class='ocrx_word' id='word_1_244' title='bbox 1088 2051 1124 2083; x_wconf 90' lang='lat' dir='ltr'><strong>et</strong></span> <span class='ocrx_word' id='word_1_245' title='bbox 1146 2047 1354 2083; x_wconf 84' lang='lat' dir='ltr'><strong>domesticus</strong></span> <span class='ocrx_word' id='word_1_246' title='bbox 1377 2046 1591 2093; x_wconf 85' lang='lat' dir='ltr'><strong>scholarum,</strong></span> <span class='ocrx_word' id='word_1_247' title='bbox 1622 2046 1683 2092; x_wconf 86' lang='lat' dir='ltr'><strong>qui</strong></span> <span class='ocrx_word' id='word_1_248' title='bbox 1706 2058 1767 2082; x_wconf 92' lang='lat' dir='ltr'><strong>co-</strong></span> 
     </span>
     <span class='ocr_line' id='line_1_28' title="bbox 314 2093 1768 2140; baseline -0.001 -11"><span class='ocrx_word' id='word_1_249' title='bbox 314 2105 463 2139; x_wconf 84' lang='lat' dir='ltr'><strong>gnomen</strong></span> <span class='ocrx_word' id='word_1_250' title='bbox 493 2094 635 2130; x_wconf 88' lang='lat' dir='ltr'><strong>Phocae</strong></span> <span class='ocrx_word' id='word_1_251' title='bbox 666 2095 830 2139; x_wconf 84' lang='lat' dir='ltr'>gerebat,</span> <span class='ocrx_word' id='word_1_252' title='bbox 865 2094 956 2139; x_wconf 88' lang='lat' dir='ltr'><strong>quod</strong></span> <span class='ocrx_word' id='word_1_253' title='bbox 986 2094 1123 2140; x_wconf 88' lang='lat' dir='ltr'><strong>quidam</strong></span> <span class='ocrx_word' id='word_1_254' title='bbox 1145 2095 1256 2140; x_wconf 84' lang='lat' dir='ltr'><strong>ipsius</strong></span> <span class='ocrx_word' id='word_1_255' title='bbox 1279 2094 1443 2128; x_wconf 88' lang='lat' dir='ltr'><strong>maiorum</strong></span> <span class='ocrx_word' id='word_1_256' title='bbox 1464 2095 1568 2128; x_wconf 86' lang='lat' dir='ltr'><strong>rebus</strong></span> <span class='ocrx_word' id='word_1_257' title='bbox 1590 2093 1768 2139; x_wconf 80' lang='lat' dir='ltr'><strong>praeclare</strong></span> 
     </span>
     <span class='ocr_line' id='line_1_29' title="bbox 314 2139 1768 2185; baseline -0.001 -11"><span class='ocrx_word' id='word_1_258' title='bbox 314 2140 425 2185; x_wconf 84' lang='lat' dir='ltr'><strong>gestis</strong></span> <span class='ocrx_word' id='word_1_259' title='bbox 459 2140 576 2175; x_wconf 85' lang='lat' dir='ltr'><strong>fuerat</strong></span> <span class='ocrx_word' id='word_1_260' title='bbox 607 2140 762 2175; x_wconf 81' lang='lat' dir='ltr'><strong>meritus.</strong></span> <span class='ocrx_word' id='word_1_261' title='bbox 823 2139 881 2174; x_wconf 87' lang='lat' dir='ltr'><strong>hic</strong></span> <span class='ocrx_word' id='word_1_262' title='bbox 917 2140 1156 2185; x_wconf 87' lang='lat' dir='ltr'><strong>Nicephorus,</strong></span> <span class='ocrx_word' id='word_1_263' title='bbox 1198 2139 1390 2185; x_wconf 90' lang='lat' dir='ltr'><strong>Nicephori</strong></span> <span class='ocrx_word' id='word_1_264' title='bbox 1420 2139 1639 2185; x_wconf 84' lang='lat' dir='ltr'><strong>imperatoris</strong></span> <span class='ocrx_word' id='word_1_265' title='bbox 1668 2149 1768 2182; x_wconf 83' lang='lat' dir='ltr'><strong>avus,</strong></span> 
     </span>
     <span class='ocr_line' id='line_1_30' title="bbox 314 2184 1767 2231; baseline -0.001 -11"><span class='ocrx_word' id='word_1_266' title='bbox 314 2186 417 2220; x_wconf 89' lang='lat' dir='ltr'><strong>homo</strong></span> <span class='ocrx_word' id='word_1_267' title='bbox 447 2197 636 2231; x_wconf 87' lang='lat' dir='ltr'><strong>generosus</strong></span> <span class='ocrx_word' id='word_1_268' title='bbox 665 2186 816 2231; x_wconf 87' lang='lat' dir='ltr'><strong>prudens</strong></span> <span class='ocrx_word' id='word_1_269' title='bbox 840 2197 881 2220; x_wconf 91' lang='lat' dir='ltr'><strong>ac</strong></span> <span class='ocrx_word' id='word_1_270' title='bbox 903 2186 981 2231; x_wconf 87' lang='lat' dir='ltr'><strong>pins</strong></span> <span class='ocrx_word' id='word_1_271' title='bbox 1007 2186 1044 2220; x_wconf 91' lang='lat' dir='ltr'><strong>in</strong></span> <span class='ocrx_word' id='word_1_272' title='bbox 1067 2186 1165 2221; x_wconf 88' lang='lat' dir='ltr'><strong>deum</strong></span> <span class='ocrx_word' id='word_1_273' title='bbox 1188 2190 1224 2220; x_wconf 91' lang='lat' dir='ltr'><strong>et</strong></span> <span class='ocrx_word' id='word_1_274' title='bbox 1247 2197 1330 2231; x_wconf 85' lang='lat' dir='ltr'><strong>erga</strong></span> <span class='ocrx_word' id='word_1_275' title='bbox 1351 2185 1506 2219; x_wconf 87' lang='lat' dir='ltr'><strong>homines</strong></span> <span class='ocrx_word' id='word_1_276' title='bbox 1527 2184 1658 2229; x_wconf 80' lang='lat' dir='ltr'><strong>iustus,</strong></span> <span class='ocrx_word' id='word_1_277' title='bbox 1692 2195 1767 2219; x_wconf 88' lang='lat' dir='ltr'><strong>cum</strong></span> 
     </span>
     <span class='ocr_line' id='line_1_31' title="bbox 316 2229 1769 2278; baseline -0.001 -12"><span class='ocrx_word' id='word_1_278' title='bbox 316 2230 475 2266; x_wconf 88' lang='lat' dir='ltr'><strong>exercitu</strong></span> <span class='ocrx_word' id='word_1_279' title='bbox 507 2232 544 2266; x_wconf 91' lang='lat' dir='ltr'><strong>in</strong></span> <span class='ocrx_word' id='word_1_280' title='bbox 576 2232 732 2266; x_wconf 86' lang='lat' dir='ltr'><strong>Siciliam</strong></span> <span class='ocrx_word' id='word_1_281' title='bbox 764 2232 941 2277; x_wconf 87' lang='lat' dir='ltr'><strong>profectus</strong></span> <span class='ocrx_word' id='word_1_282' title='bbox 971 2232 1072 2266; x_wconf 81' lang='lat' dir='ltr'><strong>brevi</strong></span> <span class='ocrx_word' id='word_1_283' title='bbox 1105 2231 1271 2278; x_wconf 82' lang='lat' dir='ltr'><strong>temporis</strong></span> <span class='ocrx_word' id='word_1_284' title='bbox 1305 2231 1419 2276; x_wconf 83' lang='lat' dir='ltr'><strong>spatio</strong></span> <span class='ocrx_word' id='word_1_285' title='bbox 1450 2229 1554 2265; x_wconf 85' lang='lat' dir='ltr'><strong>Italia</strong></span> <span class='ocrx_word' id='word_1_286' title='bbox 1576 2230 1769 2265; x_wconf 77' lang='lat' dir='ltr'><strong>Saracenos</strong></span> 
     </span>
     <span class='ocr_line' id='line_1_32' title="bbox 317 2275 1769 2323; baseline -0.002 -10"><span class='ocrx_word' id='word_1_287' title='bbox 317 2277 468 2323; x_wconf 83' lang='lat' dir='ltr'><strong>expulit,</strong></span> <span class='ocrx_word' id='word_1_288' title='bbox 502 2277 685 2323; x_wconf 73' lang='lat' dir='ltr'><strong>coegitque</strong></span> <span class='ocrx_word' id='word_1_289' title='bbox 709 2289 769 2312; x_wconf 84' lang='lat' dir='ltr'><strong>eos</strong></span> <span class='ocrx_word' id='word_1_290' title='bbox 792 2282 832 2312; x_wconf 87' lang='lat' dir='ltr'><strong>ut</strong></span> <span class='ocrx_word' id='word_1_291' title='bbox 853 2289 892 2312; x_wconf 82' lang='lat' dir='ltr'><strong>se</strong></span> <span class='ocrx_word' id='word_1_292' title='bbox 913 2278 949 2312; x_wconf 92' lang='lat' dir='ltr'><strong>in</strong></span> <span class='ocrx_word' id='word_1_293' title='bbox 973 2277 1096 2312; x_wconf 80' lang='lat' dir='ltr'>Sicilia</span> <span class='ocrx_word' id='word_1_294' title='bbox 1124 2277 1356 2312; x_wconf 84' lang='lat' dir='ltr'><strong>continerent.</strong></span> <span class='ocrx_word' id='word_1_295' title='bbox 1400 2277 1518 2312; x_wconf 80' lang='lat' dir='ltr'><strong>ferunt</strong></span> <span class='ocrx_word' id='word_1_296' title='bbox 1548 2275 1656 2311; x_wconf 77' lang='lat' dir='ltr'><strong>Italos</strong></span> <span class='ocrx_word' id='word_1_297' title='bbox 1688 2275 1769 2311; x_wconf 82' lang='lat' dir='ltr'><strong>huic</strong></span> 
     </span>
     <span class='ocr_line' id='line_1_33' title="bbox 314 2322 1769 2369; baseline -0.001 -12"><span class='ocrx_word' id='word_1_298' title='bbox 314 2323 394 2357; x_wconf 80' lang='lat' dir='ltr'><strong>viro</strong></span> <span class='ocrx_word' id='word_1_299' title='bbox 426 2322 546 2358; x_wconf 88' lang='lat' dir='ltr'><strong>aedem</strong></span> <span class='ocrx_word' id='word_1_300' title='bbox 577 2324 736 2369; x_wconf 83' lang='lat' dir='ltr'>posuisse</span> <span class='ocrx_word' id='word_1_301' title='bbox 769 2323 814 2358; x_wconf 87' lang='lat' dir='ltr'><strong>ad</strong></span> <span class='ocrx_word' id='word_1_302' title='bbox 843 2327 1044 2369; x_wconf 85' lang='lat' dir='ltr'><strong>perpetuam</strong></span> <span class='ocrx_word' id='word_1_303' title='bbox 1077 2322 1219 2358; x_wconf 81' lang='lat' dir='ltr'><strong>virtutis</strong></span> <span class='ocrx_word' id='word_1_304' title='bbox 1244 2323 1318 2358; x_wconf 85' lang='lat' dir='ltr'><strong>eius</strong></span> <span class='ocrx_word' id='word_1_305' title='bbox 1341 2322 1553 2366; x_wconf 78' lang='lat' dir='ltr'><strong>memoriam,</strong></span> <span class='ocrx_word' id='word_1_306' title='bbox 1587 2333 1657 2356; x_wconf 88' lang='lat' dir='ltr'><strong>non</strong></span> <span class='ocrx_word' id='word_1_307' title='bbox 1688 2322 1769 2356; x_wconf 85' lang='lat' dir='ltr'><strong>ideo</strong></span> 
     </span>
     <span class='ocr_line' id='line_1_34' title="bbox 315 2368 1769 2414; baseline -0.001 -11"><span class='ocrx_word' id='word_1_308' title='bbox 315 2373 449 2403; x_wconf 83' lang='lat' dir='ltr'><strong>tantum</strong></span> <span class='ocrx_word' id='word_1_309' title='bbox 472 2369 564 2414; x_wconf 84' lang='lat' dir='ltr'><strong>quod</strong></span> <span class='ocrx_word' id='word_1_310' title='bbox 588 2381 650 2404; x_wconf 90' lang='lat' dir='ltr'><strong>eos</strong></span> <span class='ocrx_word' id='word_1_311' title='bbox 671 2369 913 2414; x_wconf 82' lang='lat' dir='ltr'><strong>liberavisset,</strong></span> <span class='ocrx_word' id='word_1_312' title='bbox 949 2370 1012 2404; x_wconf 91' lang='lat' dir='ltr'><strong>sed</strong></span> <span class='ocrx_word' id='word_1_313' title='bbox 1036 2373 1072 2404; x_wconf 89' lang='lat' dir='ltr'><strong>et</strong></span> <span class='ocrx_word' id='word_1_314' title='bbox 1095 2370 1139 2403; x_wconf 95' lang='lat' dir='ltr'><strong>ob</strong></span> <span class='ocrx_word' id='word_1_315' title='bbox 1164 2369 1257 2403; x_wconf 86' lang='lat' dir='ltr'><strong>aliud</strong></span> <span class='ocrx_word' id='word_1_316' title='bbox 1279 2368 1500 2403; x_wconf 80' lang='lat' dir='ltr'><strong>memorabile</strong></span> <span class='ocrx_word' id='word_1_317' title='bbox 1525 2369 1667 2402; x_wconf 84' lang='lat' dir='ltr'><strong>factum.</strong></span> <span class='ocrx_word' id='word_1_318' title='bbox 1715 2373 1769 2402; x_wconf 86' lang='lat' dir='ltr'><strong>et-</strong></span> 
     </span>
     <span class='ocr_line' id='line_1_35' title="bbox 315 2413 1770 2450; baseline -0.001 -2"><span class='ocrx_word' id='word_1_319' title='bbox 315 2415 407 2449; x_wconf 91' lang='lat' dir='ltr'><strong>enim</strong></span> <span class='ocrx_word' id='word_1_320' title='bbox 439 2415 588 2450; x_wconf 83' lang='lat' dir='ltr'><strong>Romani</strong></span> <span class='ocrx_word' id='word_1_321' title='bbox 620 2415 754 2450; x_wconf 90' lang='lat' dir='ltr'><strong>domum</strong></span> <span class='ocrx_word' id='word_1_322' title='bbox 785 2426 859 2450; x_wconf 90' lang='lat' dir='ltr'><strong>cum</strong></span> <span class='ocrx_word' id='word_1_323' title='bbox 890 2416 1034 2450; x_wconf 87' lang='lat' dir='ltr'><strong>ductore</strong></span> <span class='ocrx_word' id='word_1_324' title='bbox 1063 2426 1125 2450; x_wconf 89' lang='lat' dir='ltr'><strong>suo</strong></span> <span class='ocrx_word' id='word_1_325' title='bbox 1147 2413 1324 2450; x_wconf 88' lang='lat' dir='ltr'><strong>reversuri</strong></span> <span class='ocrx_word' id='word_1_326' title='bbox 1345 2414 1470 2448; x_wconf 86' lang='lat' dir='ltr'><strong>multos</strong></span> <span class='ocrx_word' id='word_1_327' title='bbox 1490 2413 1653 2448; x_wconf 87' lang='lat' dir='ltr'><strong>Italorum</strong></span> <span class='ocrx_word' id='word_1_328' title='bbox 1676 2424 1770 2447; x_wconf 87' lang='lat' dir='ltr'><strong>com—</strong></span> 
     </span>
     <span class='ocr_line' id='line_1_36' title="bbox 314 2460 1769 2506; baseline -0.001 -12"><span class='ocrx_word' id='word_1_329' title='bbox 314 2460 592 2505; x_wconf 85' lang='lat' dir='ltr'><strong>prehenderant,</strong></span> <span class='ocrx_word' id='word_1_330' title='bbox 625 2472 712 2506; x_wconf 87' lang='lat' dir='ltr'><strong>quos</strong></span> <span class='ocrx_word' id='word_1_331' title='bbox 743 2461 908 2496; x_wconf 85' lang='lat' dir='ltr'><strong>volebant</strong></span> <span class='ocrx_word' id='word_1_332' title='bbox 939 2461 977 2494; x_wconf 92' lang='lat' dir='ltr'><strong>in</strong></span> <span class='ocrx_word' id='word_1_333' title='bbox 1008 2460 1213 2495; x_wconf 89' lang='lat' dir='ltr'><strong>servitutem</strong></span> <span class='ocrx_word' id='word_1_334' title='bbox 1235 2471 1351 2494; x_wconf 86' lang='lat' dir='ltr'><strong>secum</strong></span> <span class='ocrx_word' id='word_1_335' title='bbox 1373 2461 1559 2505; x_wconf 82' lang='lat' dir='ltr'><strong>abducere.</strong></span> <span class='ocrx_word' id='word_1_336' title='bbox 1604 2470 1645 2494; x_wconf 88' lang='lat' dir='ltr'><strong>re</strong></span> <span class='ocrx_word' id='word_1_337' title='bbox 1675 2470 1769 2493; x_wconf 91' lang='lat' dir='ltr'><strong>com-</strong></span> 
     </span>
     <span class='ocr_line' id='line_1_37' title="bbox 314 2505 1769 2552; baseline 0 -13"><span class='ocrx_word' id='word_1_338' title='bbox 314 2510 416 2550; x_wconf 86' lang='lat' dir='ltr'><strong>perta</strong></span> <span class='ocrx_word' id='word_1_339' title='bbox 437 2505 676 2551; x_wconf 84' lang='lat' dir='ltr'><strong>Nicephorus,</strong></span> <span class='ocrx_word' id='word_1_340' title='bbox 701 2506 786 2540; x_wconf 85' lang='lat' dir='ltr'><strong>nihil</strong></span> <span class='ocrx_word' id='word_1_341' title='bbox 807 2507 925 2542; x_wconf 89' lang='lat' dir='ltr'><strong>dicens</strong></span> <span class='ocrx_word' id='word_1_342' title='bbox 949 2517 1063 2552; x_wconf 89' lang='lat' dir='ltr'><strong>neque</strong></span> <span class='ocrx_word' id='word_1_343' title='bbox 1084 2506 1185 2540; x_wconf 86' lang='lat' dir='ltr'><strong>ullam</strong></span> <span class='ocrx_word' id='word_1_344' title='bbox 1206 2505 1406 2550; x_wconf 87' lang='lat' dir='ltr'><strong>suspicandi</strong></span> <span class='ocrx_word' id='word_1_345' title='bbox 1429 2505 1643 2540; x_wconf 81' lang='lat' dir='ltr'><strong>occasionem</strong></span> <span class='ocrx_word' id='word_1_346' title='bbox 1665 2516 1769 2550; x_wconf 81' lang='lat' dir='ltr'><strong>prae-</strong></span> 
     </span>
     <span class='ocr_line' id='line_1_38' title="bbox 315 2550 1769 2598; baseline 0 -14"><span class='ocrx_word' id='word_1_347' title='bbox 315 2551 424 2593; x_wconf 84' lang='lat' dir='ltr'><strong>bens,</strong></span> <span class='ocrx_word' id='word_1_348' title='bbox 458 2557 497 2586; x_wconf 80' lang='lat' dir='ltr'><strong>ut</strong></span> <span class='ocrx_word' id='word_1_349' title='bbox 517 2552 750 2587; x_wconf 85' lang='lat' dir='ltr'><strong>Brundusium</strong></span> <span class='ocrx_word' id='word_1_350' title='bbox 774 2557 829 2587; x_wconf 88' lang='lat' dir='ltr'><strong>est</strong></span> <span class='ocrx_word' id='word_1_351' title='bbox 850 2558 1053 2598; x_wconf 88' lang='lat' dir='ltr'><strong>perventum</strong></span> <span class='ocrx_word' id='word_1_352' title='bbox 1075 2552 1181 2596; x_wconf 89' lang='lat' dir='ltr'><strong>(inde</strong></span> <span class='ocrx_word' id='word_1_353' title='bbox 1204 2551 1293 2586; x_wconf 89' lang='lat' dir='ltr'><strong>enim</strong></span> <span class='ocrx_word' id='word_1_354' title='bbox 1316 2554 1416 2586; x_wconf 84' lang='lat' dir='ltr'><strong>erant</strong></span> <span class='ocrx_word' id='word_1_355' title='bbox 1436 2551 1474 2584; x_wconf 90' lang='lat' dir='ltr'><strong>in</strong></span> <span class='ocrx_word' id='word_1_356' title='bbox 1495 2550 1671 2595; x_wconf 86' lang='lat' dir='ltr'><strong>Illyricum</strong></span> <span class='ocrx_word' id='word_1_357' title='bbox 1695 2555 1769 2584; x_wconf 82' lang='lat' dir='ltr'><strong>tra-</strong></span> 
     </span>
     <span class='ocr_line' id='line_1_39' title="bbox 315 2595 1770 2644; baseline 0.001 -16"><span class='ocrx_word' id='word_1_358' title='bbox 315 2595 485 2640; x_wconf 85' lang='lat' dir='ltr'><strong>iecturi),</strong></span> <span class='ocrx_word' id='word_1_359' title='bbox 519 2598 596 2642; x_wconf 88' lang='lat' dir='ltr'><strong>ipse</strong></span> <span class='ocrx_word' id='word_1_360' title='bbox 628 2609 902 2644; x_wconf 86' lang='lat' dir='ltr'><strong>unumquemque</strong></span> <span class='ocrx_word' id='word_1_361' title='bbox 935 2598 1189 2632; x_wconf 85' lang='lat' dir='ltr'><strong>classiariorum</strong></span> <span class='ocrx_word' id='word_1_362' title='bbox 1215 2597 1411 2640; x_wconf 81' lang='lat' dir='ltr'><strong>singulatim</strong></span> <span class='ocrx_word' id='word_1_363' title='bbox 1430 2596 1468 2630; x_wconf 90' lang='lat' dir='ltr'><strong>in</strong></span> <span class='ocrx_word' id='word_1_364' title='bbox 1488 2596 1603 2631; x_wconf 81' lang='lat' dir='ltr'><strong>navim</strong></span> <span class='ocrx_word' id='word_1_365' title='bbox 1632 2595 1770 2640; x_wconf 83' lang='lat' dir='ltr'><strong>ingredi</strong></span> 
     </span>
     <span class='ocr_line' id='line_1_40' title="bbox 315 2640 1770 2689; baseline 0.001 -15"><span class='ocrx_word' id='word_1_366' title='bbox 315 2640 422 2676; x_wconf 80' lang='lat' dir='ltr'><strong>iussit</strong></span> <span class='ocrx_word' id='word_1_367' title='bbox 443 2647 478 2676; x_wconf 84' lang='lat' dir='ltr'><strong>et</strong></span> <span class='ocrx_word' id='word_1_368' title='bbox 498 2643 682 2686; x_wconf 83' lang='lat' dir='ltr'><strong>traiicere,</strong></span> <span class='ocrx_word' id='word_1_369' title='bbox 707 2650 812 2689; x_wconf 88' lang='lat' dir='ltr'><strong>atque</strong></span> <span class='ocrx_word' id='word_1_370' title='bbox 831 2644 883 2679; x_wconf 89' lang='lat' dir='ltr'><strong>sic</strong></span> <span class='ocrx_word' id='word_1_371' title='bbox 903 2643 1009 2678; x_wconf 80' lang='lat' dir='ltr'><strong>Italos</strong></span> <span class='ocrx_word' id='word_1_372' title='bbox 1031 2643 1069 2678; x_wconf 91' lang='lat' dir='ltr'><strong>in</strong></span> <span class='ocrx_word' id='word_1_373' title='bbox 1091 2643 1194 2677; x_wconf 83' lang='lat' dir='ltr'><strong>Italia</strong></span> <span class='ocrx_word' id='word_1_374' title='bbox 1217 2642 1370 2687; x_wconf 88' lang='lat' dir='ltr'><strong>reliquit.</strong></span> <span class='ocrx_word' id='word_1_375' title='bbox 1416 2647 1540 2687; x_wconf 82' lang='lat' dir='ltr'><strong>pacata</strong></span> <span class='ocrx_word' id='word_1_376' title='bbox 1559 2641 1684 2676; x_wconf 86' lang='lat' dir='ltr'><strong>exinde</strong></span> <span class='ocrx_word' id='word_1_377' title='bbox 1702 2641 1770 2676; x_wconf 82' lang='lat' dir='ltr'><strong>fuit</strong></span> 
     </span>
     <span class='ocr_line' id='line_1_41' title="bbox 313 2686 1766 2735; baseline 0.001 -15"><span class='ocrx_word' id='word_1_378' title='bbox 313 2686 417 2722; x_wconf 81' lang='lat' dir='ltr'><strong>Italia</strong></span> <span class='ocrx_word' id='word_1_379' title='bbox 445 2697 554 2731; x_wconf 87' lang='lat' dir='ltr'><strong>usque</strong></span> <span class='ocrx_word' id='word_1_380' title='bbox 587 2689 630 2723; x_wconf 88' lang='lat' dir='ltr'><strong>ad</strong></span> <span class='ocrx_word' id='word_1_381' title='bbox 663 2689 843 2735; x_wconf 88' lang='lat' dir='ltr'><strong>imperium</strong></span> <span class='ocrx_word' id='word_1_382' title='bbox 875 2689 1098 2725; x_wconf 69' lang='lat' dir='ltr'><strong>Constantini</strong></span> <span class='ocrx_word' id='word_1_383' title='bbox 1128 2687 1425 2733; x_wconf 86' lang='lat' dir='ltr'><strong>Porphyrogeniti</strong></span> <span class='ocrx_word' id='word_1_384' title='bbox 1459 2691 1496 2722; x_wconf 87' lang='lat' dir='ltr'><strong>et</strong></span> <span class='ocrx_word' id='word_1_385' title='bbox 1525 2686 1645 2721; x_wconf 78' lang='lat' dir='ltr'><strong>matris</strong></span> <span class='ocrx_word' id='word_1_386' title='bbox 1678 2686 1766 2722; x_wconf 80' lang='lat' dir='ltr'><strong>eius.</strong></span> 
     </span>
     <span class='ocr_line' id='line_1_42' title="bbox 314 2733 1767 2780; baseline 0.001 -15"><span class='ocrx_word' id='word_1_387' title='bbox 314 2737 387 2766; x_wconf 89' lang='lat' dir='ltr'><strong>tum</strong></span> <span class='ocrx_word' id='word_1_388' title='bbox 419 2743 553 2767; x_wconf 85' lang='lat' dir='ltr'><strong>rursum</strong></span> <span class='ocrx_word' id='word_1_389' title='bbox 582 2734 751 2769; x_wconf 85' lang='lat' dir='ltr'><strong>Saraceni</strong></span> <span class='ocrx_word' id='word_1_390' title='bbox 771 2736 989 2780; x_wconf 82' lang='lat' dir='ltr'><strong>insurgentes</strong></span> <span class='ocrx_word' id='word_1_391' title='bbox 1009 2734 1145 2770; x_wconf 85' lang='lat' dir='ltr'><strong>Italiam</strong></span> <span class='ocrx_word' id='word_1_392' title='bbox 1163 2735 1299 2769; x_wconf 89' lang='lat' dir='ltr'><strong>nemine</strong></span> <span class='ocrx_word' id='word_1_393' title='bbox 1314 2733 1524 2778; x_wconf 86' lang='lat' dir='ltr'><strong>prohibente</strong></span> <span class='ocrx_word' id='word_1_394' title='bbox 1544 2733 1767 2767; x_wconf 78' lang='lat' dir='ltr'><strong>infestarunt.</strong></span> 
     </span>
     <span class='ocr_line' id='line_1_43' title="bbox 314 2777 1768 2825; baseline 0 -14"><span class='ocrx_word' id='word_1_395' title='bbox 314 2783 351 2811; x_wconf 87' lang='lat' dir='ltr'><strong>et</strong></span> <span class='ocrx_word' id='word_1_396' title='bbox 383 2777 609 2823; x_wconf 86' lang='lat' dir='ltr'><strong>imperatores</strong></span> <span class='ocrx_word' id='word_1_397' title='bbox 640 2781 954 2816; x_wconf 85' lang='lat' dir='ltr'><strong>animadvertentes</strong></span> <span class='ocrx_word' id='word_1_398' title='bbox 984 2793 1023 2816; x_wconf 90' lang='lat' dir='ltr'><strong>se</strong></span> <span class='ocrx_word' id='word_1_399' title='bbox 1056 2792 1125 2815; x_wconf 89' lang='lat' dir='ltr'><strong>non</strong></span> <span class='ocrx_word' id='word_1_400' title='bbox 1157 2791 1259 2825; x_wconf 85' lang='lat' dir='ltr'><strong>pares</strong></span> <span class='ocrx_word' id='word_1_401' title='bbox 1293 2791 1369 2814; x_wconf 84' lang='lat' dir='ltr'><strong>esse</strong></span> <span class='ocrx_word' id='word_1_402' title='bbox 1401 2778 1491 2814; x_wconf 91' lang='lat' dir='ltr'><strong>bello</strong></span> <span class='ocrx_word' id='word_1_403' title='bbox 1523 2777 1625 2814; x_wconf 78' lang='lat' dir='ltr'><strong>simul</strong></span> <span class='ocrx_word' id='word_1_404' title='bbox 1648 2783 1768 2812; x_wconf 83' lang='lat' dir='ltr'><strong>contra</strong></span> 
     </span>
     <span class='ocr_line' id='line_1_44' title="bbox 313 2822 1767 2872; baseline 0 -15"><span class='ocrx_word' id='word_1_405' title='bbox 313 2822 511 2860; x_wconf 84' lang='lat' dir='ltr'><strong>Orientales</strong></span> <span class='ocrx_word' id='word_1_406' title='bbox 536 2832 573 2860; x_wconf 86' lang='lat' dir='ltr'><strong>et</strong></span> <span class='ocrx_word' id='word_1_407' title='bbox 594 2830 717 2861; x_wconf 87' lang='lat' dir='ltr'><strong>contra</strong></span> <span class='ocrx_word' id='word_1_408' title='bbox 738 2826 981 2863; x_wconf 81' lang='lat' dir='ltr'><strong>Occidentales</strong></span> <span class='ocrx_word' id='word_1_409' title='bbox 1004 2827 1198 2863; x_wconf 85' lang='lat' dir='ltr'><strong>Saracenos</strong></span> <span class='ocrx_word' id='word_1_410' title='bbox 1220 2825 1392 2872; x_wconf 80' lang='lat' dir='ltr'><strong>gerendo,</strong></span> <span class='ocrx_word' id='word_1_411' title='bbox 1425 2823 1632 2871; x_wconf 80' lang='lat' dir='ltr'><strong>praesertim</strong></span> <span class='ocrx_word' id='word_1_412' title='bbox 1662 2827 1767 2869; x_wconf 82' lang='lat' dir='ltr'><strong>rupto</strong></span> 
     </span>
    </p>
   </div>
  </div>
 </body>
</html>
