1890 3236
286 189 383 239 304
751 188 992 234 GEORGn
1025 188 1266 234 GEDRENI

283 304 329 347 δὲ
349 306 589 359 Βλαχερνῶν
614 298 887 359 στρατόπεδον
910 301 1041 357 πήξας
1068 300 1302 358 ἐπεζήτησεν
1327 301 1732 362 ἀποσταλῆναιαῧέῷ

282 373 354 416 τὸν
373 369 622 427 πατριάρχην
641 368 847 413 Νικόλαον
875 371 947 413 καί
961 387 1073 422 τινας
1092 376 1172 414 τῶν
1193 373 1235 414 ἓν
1255 371 1360 414 τέλει
1382 370 1486 415 ὥστε
1503 372 1600 429 περὶ
1620 370 1733 429 εἰρήν-

281 457 354 495 νης
377 442 653 493 διαλεχθῆναι.
705 437 895 493 λαβόντες
916 434 987 482 οὗν
1012 437 1192 496 ὁμήρους
1209 433 1314 496 παρ’
1339 438 1524 494 ἀλλήλων
1544 437 1734 491 ὦς’-αἰῶ*

281 510 357 562 μία
374 524 437 556 τις
455 504 774 561 ἐπακολουθήσει
798 505 989 563 ἐπιβουλή
1001 539 1013 559 ,
1048 510 1115 550 καὶ
1135 511 1208 551 τοῦ
1225 507 1477 565 πατριάρχου
1496 513 1583 558 τοῖς
1595 505 1735 566 iim

283 573 670 631 ἀναθαρρήσαντος,
720 575 853 631 γέγονε
890 574 1006 631 λόγος
1045 575 1207 627 ὁποίους
1247 578 1313 619 δεῖ
1343 581 1425 619 τῶν
1463 579 1767 632 συγκλητικᾶνὸ

283 641 412 700 τούτῳ
432 645 695 693 συνεξελθεῖν.
762 645 985 700 προεκρίθη
1005 648 1101 700 γοῦν
1121 643 1143 686 ὅ
1163 645 1371 701 πατρίκιος
1390 645 1567 700 Μιχαὴλ
1587 641 1737 687 ὅΣωε
1774 671 1778 674 ·

284 710 457 766 πειώτης
482 713 548 753 καὶ
572 709 761 766 Ἰωάννης
785 710 807 754 ὅ
832 712 1026 766 μυστικὸς
1043 715 1109 755 καὶ
1126 711 1516 770 παραδυναστεύων·
1554 710 1636 768 ἤδη
1656 711 1736 768 γὰρ

280 778 467 834 Ἰωάννης
488 777 509 821 ὃ
532 778 704 837 ῥαίκτωρ
733 781 972 836 διαβληθεὶς
990 780 1092 837 πρὸς
1112 782 1182 824 τὸν
1208 782 1401 835 βασιλέα,
1434 780 1738 825 κατελθῶνιτοΐὲ

234 863 266 899 Β
290 850 508 900 παλατίου,
569 849 611 890 ἓν
642 853 691 906 τῇ
725 849 850 892 αὐτοῦ
877 853 983 906 μονῇ
1012 851 1086 905 τὴν
1115 850 1309 905 κοσμικὴν
1341 850 1575 907 ἀπεκείρατο
1605 849 1745 906 τρίχα.

285 917 555 973 ἀφικομένους
581 911 652 959 οὖν
683 917 830 968 αὐτοὺς
856 918 960 974 πρὸς
989 918 1058 961 τὸν
1079 919 1250 973 Συμεὼν
1281 920 1348 960 καὶ
1375 919 1596 973 μέλλοντας
1619 922 1737 959 κινεῖν
1751 922 1794 957 10

285 984 431 1041 λόγους
462 987 552 1041 περὶ
584 982 741 1042 εἰρήνης
749 1017 762 1037 ,
804 985 972 1037 τούτους
998 987 1072 1041 μὲν
1097 987 1388 1042 ἀπεπέμψατο,
1434 987 1558 1030 αὐτὸν
1590 985 1636 1028 δὲ
1664 983 1741 1028 τὸν

278 1054 458 1109 βασιλέα
483 1052 688 1108 Ῥωμανὸν
715 1053 887 1109 ἐπεζήτει
909 1054 1168 1098 θεάσασθαι·
1201 1054 1534 1112 πεπληροφόρητο
1560 1053 1640 1112 γὰρ
1666 1051 1739 1096 ἄν·

287 1124 369 1178 δρα
398 1122 562 1165 συνετὸν
590 1122 713 1164 αὐτὸν
741 1120 840 1165 εἶναι
871 1125 937 1166 καὶ
969 1123 1122 1179 ἀληθῆ.
1190 1123 1399 1174 ἀσπασίως
1420 1124 1464 1166 δὲ
1489 1120 1742 1176 ὅιῬωμανὸς

285 1191 448 1241 ἐδέξατο
478 1194 610 1233 τοῦτο.
678 1191 918 1242 ἀποστείλας
949 1187 1019 1234 οὗν
1048 1193 1088 1234 ἓν
1117 1196 1176 1249 τῷ
1205 1196 1278 1235 τοῦ
1311 1193 1538 1247 Κοσμιὸίου
1571 1192 1740 1247 αἰγιαλῷ

285 1257 573 1302 κατεσκεύασεν
602 1260 643 1301 ἐν
670 1263 722 1316 τῇ
750 1258 945 1317 θαλάσσῃ
972 1259 1232 1318 ὀχυρωτάτην
1258 1259 1481 1314 ἀπόβασιν,
1533 1258 1636 1302 ὥστε
1664 1258 1739 1313 τὴν
1752 1262 1794 1298 15

285 1327 500 1382 βασιλικὴν
527 1325 670 1383 τριήρη
701 1329 985 1372 διεκπλέουσαν
1014 1331 1055 1371 ἐν
1087 1329 1191 1386 αὐτῇ
1223 1330 1589 1386 προσορμίζεσθαι,
1625 1342 1741 1382 περι-

290 1394 451 1453 φράξας
464 1395 589 1451 αὐτὴν
602 1394 803 1439 πάντοθεν
816 1398 1121 1452 διατειχίσμασι.
1155 1398 1278 1452 με’σον
1291 1398 1336 1440 δὲ
1353 1398 1538 1454 θριγκίον
1554 1395 1743 1453 γενέσθαι

286 1465 542 1521 προσέταξεν,
577 1463 678 1506 ἔνθ-α
699 1463 887 1519 ἀλλήλοις
915 1465 1078 1520 ε’,ιιελλον
1108 1465 1271 1520 ὁμιλεῖν.
1340 1464 1362 1508 ὃ
1383 1466 1427 1508 δὲ
1446 1465 1617 1519 Συμεὼν
1637 1463 1743 1506 ἄπο-

237 1551 269 1586 c
293 1535 448 1583 στείλας
465 1532 652 1588 ἐνέπρησε
671 1533 741 1575 τὸν
761 1538 833 1588 τῆς
847 1531 1064 1590 ὗπεραγίας
1083 1527 1276 1578 θεοτόκου
1294 1533 1391 1576 ναὸν
1409 1533 1479 1576 τὸν
1496 1536 1538 1576 ἐν
1553 1537 1605 1590 τῇ
1619 1534 1743 1588 πηγῇ,

289 1600 335 1643 ὃν
365 1598 386 1642 ὃ
415 1601 606 1655 βασιλεὺς
632 1601 912 1652 Ἰουστινιανός
939 1602 1185 1657 ἔδομήσατο,
1232 1601 1482 1659 ἐπυρπόλησε
1513 1602 1557 1644 δὲ
1591 1602 1659 1644 καὶ
1690 1600 1740 1642 τὰ
1753 1606 1798 1640 20

290 1667 424 1726 κύκλῳ
442 1668 655 1723 σύμπαντα
668 1701 681 1721 ,
726 1673 792 1711 καὶ
815 1672 937 1724 δῆλος
953 1666 1002 1726 ἦν
1020 1673 1064 1714 ἐκ
1082 1670 1226 1714 τούτου
1248 1671 1306 1725 μὴ
1333 1668 1494 1728 εἰρήνην
1514 1672 1655 1725 ζητῶν.
1721 1665 1744 1710 ὃ

290 1738 335 1780 δὲ
362 1737 553 1791 βασιλεὺς
580 1739 621 1780 ἓν
647 1742 706 1796 τῷ
732 1743 816 1796 ναῷ
845 1738 1054 1794 γενόμενος
1082 1745 1162 1783 τῶν
1185 1742 1430 1796 Βλαχερνῶν
1461 1737 1548 1793 ἅμα
1575 1741 1632 1796 τῷ
1663 1753 1746 1778 πα-

289 1804 483 1864 τριάρχῃ,
518 1807 586 1848 καὶ
606 1807 648 1848 ἐν
668 1810 719 1864 τῇ
739 1805 833 1867 ἁγίᾳ
856 1813 967 1866 σορῷ
984 1808 1179 1852 εἰσελθών
1199 1809 1266 1851 καὶ
1291 1808 1490 1864 ἱκετηρίας
1509 1806 1620 1866 ᾠδὰς
1641 1804 1748 1847 ἀπο-

379 1924 404 1958 6
424 1922 573 1963 τούτοις
597 1923 627 1956 C
810 1923 854 1960 14
875 1925 1011 1961 τοῦτον
1033 1925 1063 1960 Ρ
1247 1928 1292 1963 17
1314 1922 1554 1972 παραθύριον
1574 1933 1693 1969 margo
1717 1921 1747 1956 C

383 1969 428 2004 21
457 1966 571 2012 ἀξιῶν
595 1968 625 2003 P

294 2070 442 2105 chernas
464 2075 582 2106 castra
603 2071 715 2117 ponit.
740 2071 822 2107 inde
844 2073 998 2119 postulat
1019 2077 1059 2107 ut
1081 2074 1126 2108 ad
1149 2086 1188 2109 se
1210 2074 1390 2109 mittantur
1405 2071 1574 2108 Nicolaus
1597 2068 1749 2118 patriar-

295 2117 361 2151 cha
385 2117 513 2162 aliique
537 2129 738 2163 procerum,
774 2119 818 2152 de
849 2120 1086 2164 componenda
1117 2132 1203 2165 pace
1235 2120 1451 2154 collocuturi.
1507 2119 1599 2153 datie
1631 2121 1749 2151 mutuo

297 2163 494 2207 obsidibus,
528 2170 568 2198 ut
601 2166 645 2199 ab
674 2164 811 2198 insidiis
844 2166 958 2200 omnia
990 2170 1066 2199 tuta
1095 2173 1230 2210 essent,
1263 2178 1304 2200 ac
1326 2164 1526 2210 patriarcha
1548 2161 1751 2198 iuramentis

294 2209 446 2252 fidente,
478 2209 673 2253 quaesitum
705 2216 761 2244 est
794 2212 854 2255 qui
885 2216 1065 2245 senatores
1098 2223 1172 2246 cum
1204 2224 1245 2246 eo
1277 2214 1374 2246 exire
1394 2211 1577 2246 deberent.
1623 2206 1753 2242 delecti

295 2254 466 2299 patricius
488 2255 680 2290 Michaelus
703 2256 891 2302 Stypeiota
915 2262 951 2291 et
972 2256 1121 2292 Ioannes
1143 2259 1311 2302 mysticus
1341 2269 1384 2291 ac
1412 2263 1485 2291 tum
1506 2253 1751 2306 gubernande-

292 2311 368 2334 rum
392 2312 506 2334 rerum
529 2302 662 2335 socius:
686 2313 764 2336 nam
787 2302 935 2337 Ioannes
959 2309 1075 2336 rector
1097 2306 1190 2348 apud
1212 2305 1454 2348 imperatorem
1476 2302 1611 2337 delatus
1633 2299 1752 2334 crimi-

293 2346 348 2379 nis
372 2346 438 2381 iam
459 2351 530 2380 tum
553 2347 684 2392 palatio
708 2348 937 2392 discesserat,
971 2348 1077 2392 inque
1109 2361 1171 2384 suo
1194 2350 1403 2384 monasterio
1426 2347 1614 2382 monachus
1635 2346 1751 2396 factu-s

292 2398 384 2426 erat.
433 2403 507 2426 cum
531 2392 638 2438 legati
661 2393 704 2427 ad
733 2393 929 2428 Simeonem
952 2395 1131 2430 venissent
1153 2407 1194 2430 ac
1218 2397 1261 2430 de
1286 2407 1374 2441 pace
1396 2399 1514 2429 essent
1535 2392 1752 2433 collocutum,

293 2436 344 2471 ita
369 2449 428 2471 eos
451 2438 623 2482 Bulgarus
647 2439 777 2474 dimisit
801 2445 840 2474 ut
863 2443 1063 2475 ostenderet
1085 2453 1123 2475 se
1146 2441 1256 2487 ipsius
1286 2440 1507 2487 imperatoris
1530 2445 1751 2482 congressum

294 2488 483 2528 expetere,
524 2495 624 2528 quem
658 2496 720 2529 pro
757 2492 851 2521 certo
883 2486 1037 2521 habebat
1059 2487 1171 2521 virum
1196 2499 1272 2522 esse
1294 2487 1497 2533 prudentem
1519 2489 1626 2529 atque
1649 2491 1751 2535 veras.

294 2540 382 2562 cem.
430 2536 628 2574 pergratum
652 2531 688 2565 id
711 2531 780 2566 fuit
803 2533 979 2576 Romano,
1014 2533 1177 2578 misitque
1198 2534 1292 2567 illico
1317 2533 1377 2578 qui
1399 2533 1436 2566 in
1459 2531 1562 2565 litore
1583 2527 1753 2580 Cosmidu

294 2573 331 2607 in
355 2575 440 2607 mari
463 2576 669 2611 tutissimum
692 2578 848 2622 egressui
873 2590 892 2612 e
914 2590 1003 2613 nave
1026 2579 1135 2612 locum
1168 2585 1352 2624 pararent,
1387 2583 1427 2612 ut
1457 2587 1499 2611 eo
1526 2575 1754 2626 imperatoria

293 2619 446 2653 triremis
470 2621 646 2664 appellere
666 2629 798 2667 posset.
847 2636 922 2658 eum
946 2624 1098 2669 undique
1121 2625 1367 2659 munitionibus
1390 2621 1636 2662 circumdedit3
1659 2631 1701 2653 ac
1716 2629 1754 2652 ιιι

294 2665 408 2699 medio
432 2666 535 2699 iussit
555 2668 743 2703 tabulatum
767 2669 889 2713 attolli,
913 2671 948 2704 in
974 2682 1042 2714 quo
1067 2677 1167 2704 erant
1190 2669 1406 2704 collocuturi.
1453 2667 1592 2702 interim
1611 2665 1754 2700 Simeon

293 2711 407 2744 missis
432 2711 503 2745 suis
526 2713 688 2757 templum
713 2715 877 2759 deiparae
898 2717 941 2750 ad
964 2717 1111 2750 Fontem
1135 2716 1308 2760 incendit,
1343 2716 1387 2750 ab
1411 2713 1606 2748 Iustiniano
1630 2710 1753 2746 condi-

293 2761 379 2790 tum.
426 2758 488 2791 sed
525 2762 561 2791 et
592 2759 709 2794 vicina
741 2761 869 2795 circum
902 2763 1015 2796 omnia
1048 2763 1130 2806 igne
1161 2763 1342 2804 vastabat3
1380 2760 1535 2805 satisque
1559 2757 1754 2803 apparebat

293 2813 411 2847 pacem
436 2803 469 2835 ei
493 2803 589 2837 cordi
612 2816 681 2838 non
705 2818 796 2840 esse.
844 2808 1021 2841 Romanus
1048 2819 1123 2842 cum
1147 2807 1349 2852 patriarcha<
1366 2807 1483 2840 fanum
1498 2805 1754 2838 Blachernense

294 2854 331 2882 et
349 2859 485 2883 sacrum
508 2849 726 2896 sepulchrum
750 2852 942 2899 ingressus,
966 2855 1067 2889 deum
1091 2859 1340 2900 comprecatus,
1365 2857 1510 2898 accepto
1530 2852 1657 2887 beatae
1678 2848 1754 2882 vir-
