1890 3236
295 167 395 246 260
769 194 1004 240 GEORGII
1037 194 1281 239 erinnem

298 318 370 369 τῆς
388 316 462 356 τοῦ
480 310 681 360 Ζαουτζᾶ.
747 306 916 364 ἠγάγετο
935 308 978 350 de*
996 309 1063 350 καὶ
1080 306 1203 365 κόρην
1221 308 1264 350 ἐκ
1279 312 1352 352 τοῦ
1365 307 1570 364 Ὀψικίου,
1596 307 1752 368 ὡραίαν

249 384 279 420 Β
303 399 344 425 τε
364 383 429 423 καὶ
449 380 667 436 περικαλλῆ
674 408 687 428 ,
714 375 893 429 τοῦνομα
913 376 1113 419 Εὗὸοκίαν
1124 408 1137 428 ,
1162 377 1212 431 ἢν
1231 376 1281 430 δὴ
1303 379 1370 418 καὶ
1391 376 1570 431 ἔστεψεν.
1631 375 1753 436 ,ἐγκύ-

299 465 388 504 μων
418 448 462 489 δὲ
491 445 678 502 γενομένη
708 446 775 486 καὶ
808 444 1011 498 μέλλουσα
1036 446 1179 496 τίκτειν
1208 445 1388 487 ἀπέθανε
1410 447 1476 487 καὶ
1500 443 1603 499 αὐτὴ
1620 445 1753 498 καὶτὸ

302 518 491 572 ἔμβρυον.
559 517 686 568 τιμῶν
709 513 752 555 δὲ
771 512 843 567 τὴν
861 513 1059 571 προτέραν
1077 513 1203 555 αὐτοῦ
1220 513 1396 568 γαμετὴν
1421 509 1660 570 Θεοφανὼὸ
1673 517 1756 569 βα-

302 585 435 633 σιλεὺς
454 581 518 624 ἐπ’
544 579 711 635 ὀνόματι
733 579 882 636 ταύτης
902 580 1135 639 ᾠκοδόμησε
1156 581 1254 623 ναὸν
1274 581 1398 636 ἀγχοῦ
1414 585 1495 624 τῶν
1513 579 1636 636 ἁγίων
1653 581 1790 626 ἀπο-6

303 650 457 696 στόλων
474 653 705 706 περικαλλῆ.
774 648 954 707 ἀνήγειρε
974 650 1019 692 δὲ
1035 652 1101 692 καὶ
1121 650 1219 693 ναὸν
1238 649 1361 692 ἄλλον
1381 649 1485 692 κατὰ
1500 649 1597 700 τοὺς
1611 646 1760 700 τόπους
1787 685 1790 688 .

305 723 360 772 εἷς
380 718 508 773 ὄνομα
526 723 598 761 τοῦ
620 716 734 774 ἁγίου
751 716 978 775 Λαζάρου,
1005 719 1046 761 ἓν
1067 712 1100 776 (ᾗ
1117 720 1183 760 καὶ
1202 717 1248 761 τὸ
1267 723 1340 761 τοῦ
1358 716 1471 774 ἇγίου
1488 717 1777 772 μεετοιικομίσαςι

305 788 478 831 ἀπέθετο
499 790 631 840 σῶμα,
665 787 732 828 καὶ
752 789 823 840 τῆς
845 786 1024 844 ἀδελφῆς
1042 787 1170 829 αὐτοῦ
1184 788 1358 844 Μαρίας
1374 791 1447 841 τῆς
1465 788 1761 842 Μαγδαληνῆς,

305 858 348 907 ἐξ
364 855 536 913 Ἐφέσου
559 855 842 910 μετακομίσας.
911 859 984 897 τοῦ
1004 855 1049 898 δὲ
1070 854 1215 898 στόλου
1235 856 1276 897 ἓν
1297 861 1385 906 ταῖς
1405 853 1611 905 τοιαύταις
1630 854 1763 897 κτίσε-

306 942 370 968 σιν
401 923 758 977 ἀπασχολουμένου
768 954 781 974 ,
811 920 833 964 ὅ
857 926 937 965 τῶν
952 923 1182 979 Ἀγαρηνῶν
1203 922 1346 973 στόλος
1367 923 1413 966 τὸ
1433 924 1475 966 ἐν
1494 923 1657 983 Σικελία
1679 922 1762 972 ἐξετ-
1775 933 1819 969 10

308 990 551 1048 πολιόρκησε
575 991 876 1046 Ταυρομένιον,
905 993 973 1033 καὶ
991 992 1117 1042 πολὺς
1133 996 1213 1035 τῶν
1226 990 1435 1046 Ῥωμαίων
1454 991 1605 1047 ἐγένετο
1626 988 1765 1049 φόνος.

258 1071 289 1105 C
313 1059 535 1114 κατεσχέθη
554 1060 598 1101 δὲ
613 1060 679 1102 καὶ
699 1057 725 1114 ἦ
742 1063 864 1114 νῆσος
879 1061 1055 1115 Λῆμνος
1070 1058 1149 1105 ὑπὸ
1165 1064 1245 1104 τῶν
1257 1060 1499 1118 Ἀγαρηνῶν,
1525 1060 1593 1102 καὶ
1610 1058 1765 1116 ἠνδρα-

309 1129 489 1182 ποδίσθη
514 1127 611 1177 λαὸς
634 1127 706 1170 οὐκ
729 1128 874 1184 ὀλίγος.

445 1194 662 1251 Συνήθους
694 1196 737 1238 δὲ
768 1193 1038 1254 προελεύσεως
1065 1195 1276 1252 γενομένης
1297 1195 1401 1238 κατὰ
1425 1194 1499 1251 τὴν
1521 1193 1680 1252 ἧμέραν,
1696 1197 1770 1249 τῆς

310 1268 577 1320 πεντηκοστῆς
594 1265 636 1307 ἐν
652 1269 709 1322 τῷ
726 1269 812 1322 ναῷ
829 1270 901 1308 τοῦ
920 1263 1033 1321 ἁγίου
1054 1266 1230 1308 Μωκίου
1239 1297 1254 1318 ,
1283 1264 1444 1319 ἀπῆλθε
1465 1263 1569 1318 μετὰ
1589 1260 1767 1320 προόδου
1781 1272 1824 1308 15

312 1334 382 1376 καὶ
411 1333 536 1376 Λέων
565 1331 586 1374 ὃ
615 1332 820 1387 βασιλεύς.
888 1334 930 1376 ἓν
956 1335 1001 1376 δὲ
1026 1338 1084 1392 τῷ
1105 1334 1262 1388 μέλλειν
1287 1331 1500 1376 derodebant
1519 1333 1587 1374 καὶ
1604 1330 1772 1386 πλησίον

314 1402 504 1458 γενέσθαι
522 1405 602 1444 τῶν
621 1399 742 1459 ἇγίων
761 1405 902 1458 θυρῶν
921 1400 1141 1459 ἄνθρωπός
1160 1419 1221 1452 τις
1238 1399 1581 1457 ἓκπεπηδηκώς.ἒκ
1598 1402 1673 1443 τοῦ
1691 1397 1774 1453 ἅμ-

315 1474 448 1525 βωνος
479 1467 620 1527 ῥάβδῳ
655 1471 799 1530 παχείᾳ
828 1472 895 1512 καὶ
924 1472 1071 1530 ἰσχυρᾷ
1102 1469 1262 1512 ἔπαισεν
1293 1470 1415 1512 αὐτὸν
1447 1469 1552 1511 κατὰ
1581 1470 1775 1526 κεφαλῆς.

291 1548 296 1551 ’
318 1539 386 1580 καὶ
407 1536 665 1580 ἐθανάτωσεν
686 1537 737 1581 ἂν
756 1537 943 1596 παρευθύ
953 1571 967 1590 ,
999 1541 1033 1581 εἷ
1049 1538 1107 1593 μὴ
1127 1538 1173 1580 τὸ
1194 1538 1320 1595 ἄκρον
1336 1542 1409 1593 τῆς
1427 1535 1583 1595 ῥάβδου
1599 1540 1657 1594 τῷ
1675 1537 1776 1578 αῗω-

319 1606 479 1665 ρημένῳ
501 1605 633 1664 λύχνῳ
657 1607 976 1664 προσκεκρουκὸς
996 1611 1069 1661 τῆς
1089 1608 1225 1661 βιαίας
1244 1605 1392 1664 μικρὸν
1412 1605 1611 1661 ἀνεσχέθη
1632 1607 1832 1661 ‹popae-20

321 1677 493 1728 αἵματος
521 1675 564 1716 δὲ
593 1677 779 1732 σφοδροῦ
805 1676 848 1718 ἐκ
876 1680 947 1731 τῆς
973 1679 1047 1718 τοῦ
1069 1676 1268 1730 βασιλέως
1289 1674 1580 1731 καταρρέοντος
1601 1675 1781 1730 κεφαλῆς

268 1759 301 1794 1)
325 1741 482 1801 ταραχή
502 1760 544 1786 τι.-
564 1745 631 1784 καὶ
651 1743 759 1800 φυγὴ
778 1749 858 1787 τῶν
877 1743 1082 1802 ἀρχόντων
1099 1744 1262 1800 ἐγένετο.
1326 1744 1587 1800 Ἀλέξανδρος
1606 1741 1650 1784 δὲ
1667 1738 1690 1783 ὃ
1707 1744 1781 1783 τοῦ

413 1872 436 1909 5
458 1869 529 1907 τὸν
550 1868 646 1907 ναὸν
668 1871 699 1907 C
842 1873 866 1909 9
888 1874 971 1915 ταῖς
991 1872 1061 1908 τοῦ
1082 1870 1257 1908 τοιούτου
1279 1885 1333 1908 nv.
1356 1872 1387 1908 C
1534 1871 1578 1909 11
1601 1867 1783 1916 ταυρομέ-

415 1973 518 1998 νειον
541 1963 571 1998 C
708 1962 857 2010 φθόρος
880 1965 911 2000 C
1047 1965 1091 2001 15
1112 1928 1361 2010 ισιτίἶίηκοστῆς
1385 1963 1416 1999 C
1555 1964 1601 2000 19
1623 1960 1686 1998 καὶ
1709 1956 1784 1998 κᾶν

417 2006 654 2044 ἐθανάτωσεν
676 2021 715 2045 π.
739 2010 770 2045 C

326 2121 434 2159 filiam
456 2122 549 2158 Zoes
571 2127 710 2169 neptem
732 2123 888 2159 zautzae
912 2127 1068 2159 coronat.
1115 2123 1262 2169 puellam
1286 2133 1425 2169 quoque
1448 2133 1492 2158 ex
1513 2120 1658 2168 Opsicio
1675 2119 1786 2166 ducit,

328 2169 468 2204 nomine
489 2169 702 2215 Eudociam,
735 2171 845 2204 forma
863 2170 1048 2215 singulari,
1074 2171 1130 2204 cui
1153 2175 1188 2205 et
1211 2169 1280 2216 ipsi
1304 2168 1516 2215 augustalem
1539 2167 1703 2214 imposuit
1725 2178 1788 2202 co-

327 2226 463 2250 ronam.
509 2216 572 2250 sed
603 2216 689 2251 haec
722 2216 760 2250 in
793 2221 894 2261 partu
918 2227 987 2250 una
1008 2227 1084 2251 cum
1107 2217 1204 2251 foetu
1228 2215 1348 2261 periit.
1392 2215 1431 2249 iu
1460 2215 1626 2249 honorem
1655 2213 1789 2260 primae

330 2272 416 2296 suae
451 2261 570 2295 uxoris
604 2261 842 2307 Theophanus
875 2261 1139 2307 pulcherrimum
1174 2263 1219 2296 de
1249 2262 1324 2296 eius
1356 2260 1494 2295 nomine
1515 2260 1679 2306 templum
1700 2259 1790 2303 Leo,

331 2306 482 2341 vicinum
512 2307 591 2341 aedi
617 2314 812 2343 sanctorum
835 2307 1088 2353 apostolorum,
1122 2308 1335 2343 aedificavit.
1381 2307 1510 2342 ibidem
1533 2306 1627 2342 aliud
1651 2315 1792 2351 quoque

331 2352 449 2387 fanum
472 2352 640 2398 condidit,
665 2354 747 2389 divo
768 2355 905 2388 Lazaro
930 2365 1076 2397 sacrum,
1098 2353 1206 2400 inque
1226 2366 1268 2388 eo
1289 2353 1416 2388 Lazari
1437 2358 1475 2388 et
1491 2352 1626 2387 Mariae
1643 2351 1792 2396 Magda-

332 2398 433 2432 lenae
455 2397 621 2443 reliquias
644 2399 788 2444 Epheso
813 2400 936 2434 allatas
961 2401 1131 2445 reposuit.
1180 2399 1358 2434 enimvero
1388 2398 1574 2433 classiariis
1605 2397 1659 2432 his
1691 2395 1792 2431 moli-

331 2443 485 2478 tionibus
517 2445 716 2491 occupatis‚
751 2446 892 2480 interim
924 2446 1161 2491 Agarenorum
1196 2445 1316 2480 classis
1347 2443 1618 2479 Tauronomium
1648 2442 1793 2477 Siciliae

332 2494 534 2533 expugnant
565 2502 690 2536 magna
722 2503 797 2526 cum
831 2492 1065 2527 Romanorum
1095 2493 1223 2538 caede,
1266 2496 1303 2527 et
1334 2490 1466 2526 Lemno
1499 2489 1606 2536 potiti
1635 2499 1793 2534 magnam

334 2534 585 2570 multitudinem
609 2537 826 2582 captivorum
846 2539 1036 2573 abducunt.

426 2580 505 2614 Mos
528 2586 603 2616 erat
625 2589 664 2617 ut
686 2583 743 2617 die
760 2587 986 2628 pentecostae
1008 2596 1107 2619 sacro
1131 2595 1256 2629 pompa
1277 2584 1322 2618 ad
1345 2583 1464 2617 aedem
1487 2581 1529 2616 S.
1551 2579 1660 2616 Mocii
1683 2580 1794 2616 dedu-

336 2630 487 2660 ceretur.
534 2627 570 2660 in
603 2640 646 2663 ea
675 2629 779 2663 etiam
811 2630 886 2663 Leo
918 2630 1108 2676 imperator
1131 2642 1206 2664 cum
1229 2635 1342 2673 esset,
1378 2630 1446 2662 iam
1476 2627 1678 2672 ingressuro
1702 2626 1735 2661 ei
1760 2632 1797 2661 et

338 2671 449 2706 sacris
471 2671 605 2707 foribus
629 2676 832 2710 succedenti
853 2676 954 2710 homo
980 2677 1118 2721 quidam
1142 2676 1186 2710 de
1209 2673 1372 2720 suggesti>
1403 2673 1589 2719 prosiliens
1614 2684 1732 2707 crasso
1755 2683 1798 2707 ac

337 2716 454 2751 valido
486 2717 580 2752 fuste
604 2718 711 2754 ictum
742 2721 779 2755 in
810 2726 915 2766 caput
943 2722 1091 2767 ingerit3
1127 2732 1238 2767 eoque
1263 2721 1335 2755 ictu
1359 2719 1603 2765 imperatorem
1626 2723 1798 2762 necasset,

337 2763 407 2816 nisi
437 2762 529 2796 inter
558 2764 752 2801 feriendum
784 2768 878 2800 fuste
899 2767 936 2801 in
960 2779 1162 2813 suspensum
1185 2768 1333 2813 impacto
1359 2765 1621 2808 candelabrum,
1661 2764 1797 2798 violen-

337 2812 423 2842 tiam
456 2808 546 2843 ictus
578 2811 734 2845 nonnihil
768 2812 974 2848 remisisset.
1022 2814 1203 2859 plurimum
1229 2812 1367 2858 quidem
1388 2811 1569 2856 sanguinis
1592 2821 1636 2845 ex
1655 2809 1801 2845 vulnere

337 2853 496 2897 effluxit3
519 2854 681 2902 interque
704 2869 869 2903 proceres
895 2859 1136 2896 tumultuatum
1158 2863 1195 2895 et
1216 2859 1302 2905 fuga
1322 2858 1419 2894 facta
1439 2862 1507 2894 est.
1553 2858 1599 2893 ab
1616 2867 1660 2892 ea
1673 2865 1802 2903 pompa
