1916 3210
301 167 397 216 846
713 162 1008 208 XYLANDRI
1039 161 1113 204 ET
1148 161 1323 206 GOARI

297 279 394 319 mihi.
421 275 513 316 er..
571 272 750 312 casulam
781 269 1062 310 sacerdotalem
1097 273 1214 310 totum
1242 270 1423 312 hominem
1448 272 1665 313 ambientem
1695 273 1740 311 in

301 334 463 373 brachia
481 337 717 382 retorquens.
776 330 914 367 GoAR.

337 423 347 432 ,
407 394 434 428 t.
454 388 487 425 II
514 401 552 438 p
577 387 654 427 178
677 399 712 424 v.
737 387 798 426 16.
858 390 1009 435 septum
1036 381 1316 428 cancellatum,
1355 383 1431 422 sive
1458 389 1536 422 rete
1561 382 1739 435 ligneum

296 445 467 498 populum
485 456 508 481 a
524 443 679 481 sacrario
696 443 889 492 dirimens,
918 445 1004 479 sunt
1024 440 1218 493 κιγκλίδες
1239 441 1313 480 τοῦ
1332 440 1634 494 θυσιαστηοίου.
1675 441 1741 482 ΔΙ-

298 503 417 541 latius.
473 499 609 537 GoAn.

405 559 433 594 t.
449 555 484 592 ΙΙ
510 569 547 606 p.
569 555 648 594 179
666 566 700 593 v,
722 556 759 595 6.
814 568 884 594 τον
911 547 1196 603 συντακτήριον
1222 550 1452 605 ἐκπληρων]
1493 552 1658 592 Zonaras
1687 556 1741 611 τῇ

297 607 512 663 θεομήτορι
532 606 839 662 συνταξάμενος,
873 609 1013 648 clarius.
1053 609 1117 647 sed
1134 620 1245 660 supra
1261 608 1309 648 D.
1327 609 1526 659 Gregorius
1549 609 1740 661 theologus
1791 657 1794 660 Ι

295 668 505 720 perhibetur
525 667 690 705 oratione
712 667 930 716 syntacteria
957 665 1080 702 habita
1106 664 1313 703 discessisse
1343 664 1390 704 ab
1415 664 1598 704 ecclesiae
1605 666 1741 716 guber-

297 725 468 769 natione3
504 735 598 772 quae
627 723 772 760 videtur
798 723 845 761 de
869 721 1042 761 ecclesiae
1069 720 1261 760 concordia
1289 724 1327 760 et
1348 720 1592 761 incolumitate
1607 721 1743 762 consti-

296 780 434 818 tuenda
451 779 575 817 fuisse.
625 778 746 816 xm*

410 833 463 871 ib.
495 847 532 874 v.
564 832 627 875 14.
685 833 836 885 χαῖρον]
874 833 971 872 idem
998 833 1076 871 fere
1107 833 1287 882 significat
1318 833 1419 884 quod
1450 832 1573 883 locus,
1605 829 1742 882 τόπος.

300 892 366 929 sed
385 894 508 930 tamen
524 889 595 929 hoc
615 902 689 929 non
709 894 784 929 tam
810 890 926 928 visum
953 889 1022 927 fuit
1047 890 1211 941 accipere
1235 902 1304 941 pro
1327 889 1478 941 proprio
1505 902 1613 941 quam
1635 891 1740 931 illud.

296 948 389 986 Xyr..
1735 973 1741 977 -

409 1006 437 1043 t.
452 1002 487 1040 11
513 1015 551 1054 p.
571 1002 651 1045 180
671 1015 706 1040 v.
724 999 789 1043 15.
844 996 1226 1053 παρακοιμῶμενος]
1264 1001 1296 1039 is
1327 1004 1385 1040 est
1410 1002 1476 1052 qui
1497 1001 1741 1054 superioribus

298 1058 448 1098 saeculis
486 1057 613 1110 κόμης
650 1060 731 1098 τῶν
768 1057 1007 1110 ἒξκουβίτων
1049 1058 1259 1106 dicebatur,
1305 1058 1405 1096 cuius
1433 1070 1566 1108 nempe
1597 1059 1742 1101 nomine

300 1116 442 1153 Graeco
477 1115 621 1152 reddito
645 1115 812 1152 Romana
838 1115 912 1152 eius
938 1112 1131 1164 appellatio
1157 1113 1296 1152 destitit
1323 1113 1361 1151 in
1389 1114 1485 1152 curia
1502 1113 1579 1152 GP.
1634 1113 1742 1153 huius

297 1173 395 1209 vices
415 1169 472 1207 ad
487 1170 675 1206 tuendum.
697 1170 902 1220 palatium
921 1169 1205 1221 tutandamque
1226 1182 1308 1206 rem
1318 1169 1524 1220 privatam
1542 1169 1742 1222 Luitpran-

299 1228 367 1264 dus
388 1239 468 1264 esse
487 1227 573 1264 dicit
594 1228 621 1268 3
653 1228 691 1266 7.
730 1230 770 1264 at
786 1238 860 1263 non
879 1227 917 1264 id
937 1230 1192 1276 exsequeretur
1208 1226 1275 1264 nisi
1290 1229 1490 1277 perpetuus
1506 1225 1631 1277 palatii
1648 1227 1744 1266 foret

297 1283 483 1322 excubitor
500 1282 559 1320 vel
577 1282 822 1320 excubitorum
840 1283 1068 1333 praecipuus.
1124 1295 1170 1320 an
1190 1294 1276 1320 vero
1295 1285 1336 1319 ut
1353 1282 1550 1330 excubitor,
1579 1282 1630 1322 sic
1648 1294 1743 1333 quo-

297 1351 369 1388 que
391 1338 624 1375 cubicularius
650 1339 873 1377 asserendus
896 1351 977 1376 cum
998 1336 1214 1388 Xylandro?
1245 1350 1319 1376 non
1340 1350 1483 1376 censeo.
1537 1338 1744 1377 cubicularii

296 1395 432 1432 etenim
452 1394 645 1444 postremis
666 1393 815 1433 saeculis
836 1406 980 1445 semper
1005 1394 1180 1443 eunuchi,
1215 1393 1371 1432 Basilius
1390 1390 1744 1446 παρακοιμῶμενος

293 1451 349 1487 vir
364 1450 510 1498 integer
528 1450 679 1490 exstitit.
733 1449 783 1487 illi
799 1451 837 1487 in
854 1450 1114 1501 penetralibus,
1143 1450 1201 1488 hic
1218 1451 1268 1487 ad
1286 1450 1383 1488 fores
1403 1450 1536 1489 stabat.
1571 1450 1623 1488 illi
1638 1451 1744 1490 deni-

295 1518 369 1556 que
386 1509 630 1552 κοιτωνῖται,
672 1502 994 1558 κουβικουλάριοι
1017 1505 1074 1544 vel
1093 1506 1165 1544 alio
1183 1505 1310 1555 quovis
1331 1506 1478 1544 nomine
1493 1506 1602 1555 dicti,
1638 1506 1742 1546 huius

294 1572 429 1600 nomen
448 1561 499 1598 nil
518 1561 634 1599 simile
654 1566 771 1599 sonat.
827 1563 914 1611 quin
941 1562 1063 1612 potius
1093 1563 1127 1600 ei
1150 1562 1284 1599 subditi
1307 1562 1529 1599 excubitores
1549 1565 1590 1600 ut
1606 1564 1744 1604 variam

295 1617 574 1668 appellationem
603 1617 655 1653 sic
677 1618 858 1655 diversum
884 1630 1013 1655 munus
1040 1618 1136 1655 nacti
1159 1617 1401 1654 ostenduntur
1425 1618 1572 1655 inferius
1591 1631 1626 1669 p.
1648 1618 1743 1666 567,

294 1685 370 1722 qua
398 1673 565 1710 dicuntur
588 1676 825 1725 παρακοῖται
848 1676 886 1711 et
905 1671 1261 1724 παρακοιμωμένου
1280 1672 1432 1722 οἰκεῖοι,
1460 1673 1655 1712 familiares
1678 1675 1745 1712 ad-

296 1728 406 1777 dicti,
441 1740 513 1766 uno
531 1729 643 1767 verbo
661 1729 728 1769 sub
747 1729 824 1767 eius
844 1729 1129 1779 dispositione*
1150 1729 1286 1768 GoAn.
1320 1760 1323 1761 γ

406 1789 434 1823 t.
450 1784 485 1821 ΙΙ
513 1797 551 1834 p.
574 1786 650 1826 181
672 1796 708 1823 v.
731 1784 796 1824 15.
856 1786 1071 1824 Βασιλικοῦ
1096 1782 1329 1837 δρόμωνος]
1372 1784 1423 1822 ad
1447 1783 1622 1824 Basiliam
1648 1785 1745 1826 hunc

298 1852 412 1889 usque
443 1838 692 1876 dromonibus
721 1840 781 1878 vix
810 1841 1008 1879 utebantur
1035 1841 1294 1892 imperatores,
1335 1841 1401 1878 sed
1431 1839 1635 1891 Agranis.
1695 1843 1744 1881 de

297 1897 460 1945 utrisque
489 1896 750 1933 Constantinus
772 1896 821 1934 de
842 1897 987 1935 Admin.
1005 1895 1099 1948 Imp.
1126 1900 1206 1935 toto
1233 1909 1265 1936 c.
1285 1896 1336 1939 51
1363 1897 1565 1947 fusissime,
1595 1898 1745 1936 Cassio-

298 1951 407 1989 dorus
427 1963 573 2001 quoque
593 1951 677 1990 var.
696 1951 720 1989 l.
744 1951 770 1992 5
800 1953 866 1994 16.
923 1953 1062 1991 GOAR.

408 2005 462 2043 ib.
494 2020 530 2046 v.
556 2011 624 2049 22.
682 2008 844 2047 senarius
870 2008 1009 2059 primus
1038 2007 1222 2060 Euripidis
1247 2011 1326 2056 est,
1352 2008 1492 2047 medius
1523 2008 1684 2058 integer,
1713 2009 1744 2047 si

296 2061 398 2111 legas
415 2061 482 2101 καὶ
503 2060 685 2114 δεύτερον
708 2062 760 2103 δέ.
817 2064 959 2103 videtur
985 2068 1106 2103 autem
1138 2064 1298 2102 alludere
1318 2064 1368 2101 ad
1388 2076 1522 2102 nomen
1549 2062 1744 2103 Basilicini.

297 2118 431 2169 alioqui
459 2131 532 2156 non
556 2120 663 2158 video
691 2120 753 2170 qui
776 2132 820 2159 ex
839 2121 1073 2172 imperatoria
1101 2121 1289 2159 credamus
1311 2121 1424 2158 fuisse
1442 2120 1615 2171 remigem
1637 2121 1744 2160 fami-

294 2173 354 2214 lia
410 2175 502 2213 ΧΠ..

405 2233 434 2267 t.
452 2231 484 2267 ll
511 2243 549 2281 p.
569 2232 648 2272 182
665 2243 700 2268 V.
721 2231 786 2272 17.
842 2230 949 2281 quale
967 2231 1136 2282 poculum
1155 2231 1202 2269 sit
1225 2231 1526 2282 discopoterium‚
1554 2243 1628 2269 non
1644 2243 1746 2270 asse-

296 2297 388 2335 quor
409 2289 524 2324 certo.
581 2287 671 2336 quid
701 2288 748 2325 sit
778 2288 917 2335 discus,
952 2287 1038 2325 alibi
1070 2291 1127 2327 est
1159 2287 1387 2338 explicatum.
1444 2291 1482 2326 et
1505 2287 1744 2338 polyeandyla

296 2342 457 2391 suspicor
485 2355 565 2380 esse
592 2347 800 2394 corruptam
824 2356 869 2381 ex
892 2343 1095 2382 semilatina
1115 2356 1264 2392 vocem,
1308 2348 1348 2381 ut
1369 2344 1442 2381 sint
1463 2340 1744 2394 πολυκάνὸηλοι

297 2397 511 2435 candelabra
538 2400 669 2436 multas
701 2400 912 2450 recipientia
939 2399 1121 2438 candelas.
1176 2412 1250 2449 qua
1277 2400 1481 2438 coniectura
1499 2399 1604 2438 facile
1623 2401 1744 2450 patiar

295 2452 430 2489 firmius
471 2453 608 2503 aliquid
642 2456 848 2493 monstrari.
888 2456 980 2492 Xn..
1057 2455 1190 2492 discus·
1229 2456 1443 2506 reponendo
1482 2455 1569 2506 pani
1610 2455 1744 2494 eucha-

296 2508 437 2604 gaico,
481 2513 517 2548 et
549 2509 653 2547 calix
681 2511 765 2549 vino
793 2515 1004 2550 consecrato
1034 2512 1266 2563 recipiendo,
1305 2515 1389 2550 sunt
1424 2507 1743 2563 δισκοπυτήριον.

339 2575 415 2599 OAR

410 2618 464 2655 ib.
496 2632 530 2657 v.
561 2621 624 2660 18.
678 2616 982 2672 πολυκᾶνδυλα]
1014 2634 1058 2661 ex
1086 2621 1250 2674 pluribus
1276 2621 1480 2660 auctoribus
1509 2621 1547 2660 in
1563 2620 1743 2660 Eucholo-

298 2674 360 2722 gio
391 2676 555 2713 adductis
581 2689 720 2727 repono
751 2675 1045 2728 πολυκάνὸηλα.
1100 2678 1224 2716 funale
1251 2677 1359 2716 variis
1390 2676 1528 2726 lychnis
1562 2681 1740 2726 ornatum,
1809 2693 1829 2711 .-

300 2742 338 2821 eG
352 2730 513 2778 laqueati
544 2732 716 2773 ecelesiae
751 2734 919 2787 pendens
954 2745 1001 2773 ac
1034 2733 1227 2774 luminibus
1268 2745 1348 2773 eam
1384 2736 1501 2772 totam
1540 2733 1739 2800 illustrans.

341 2795 433 2822 οΑιι.
