1890 3236
290 182 392 232 402
771 180 1009 226 GEORGII
1044 173 1290 226 CEDRENI

237 285 408 350 D⁶‘P05;,
442 299 578 354 πολλῷ
597 283 677 339 τῶν
691 294 903 352 ’προτέρων
923 295 1097 345 πλείονες
1116 287 1225 345 ὅντες
1233 326 1247 346 ‚
1281 290 1533 340 ἐπιπίπτουσι
1551 302 1638 349 τοῖς
1649 295 1752 341 Ῥω-

288 368 426 423 μαίοις
455 365 696 412 ἀνελπίστως
728 363 796 405 διὰ
825 362 900 417 τὴν
928 361 1053 405 νύκτα
1083 361 1294 419 διάγουσι·
1339 365 1406 405 καὶ
1438 365 1751 422 κατᾶιμὲντὴν

289 431 452 491 πρώτην
474 430 685 486 συμβολὴν
704 429 846 481 ἕδοξαν
868 435 1133 488 προτερῆσαι,
1160 431 1263 484 μετὰ
1289 432 1435 489 μικρὸν
1462 433 1514 475 δὲ’
1531 431 1750 490 ὕπερέᾳχον

282 497 489 555 Ῥωμαῖοι.
557 497 614 550 ὥς
632 498 710 555 γὰρ
730 500 878 554 συνέβη
899 507 1032 542 πεσεῖν
1050 499 1120 542 τὸν
1143 497 1380 556 Σφάγελλον
1398 498 1751 559 ἦρωὶὶιῶς»ἀγωνι-

288 567 475 623 ζόμενον,
502 566 785 622 συνεχύθησαν
813 572 864 624 τῇ
894 572 968 610 τοῦ
997 566 1187 618 πεσόντος
1216 566 1398 625 στερήσει
1426 571 1492 611 καὶ
1522 570 1602 620 τὰς
1619 567 1784 628 ὅρμᾶςἘ

288 635 592 691 ε’χαυνώθησαν.
661 635 772 689 ὅμως
805 635 1009 679 ἀνένδοτοι
1038 637 1140 694 παρ’
1174 635 1272 692 ὅλην
1298 636 1372 692 τὴν
1398 634 1524 680 νύκτα
1552 638 1752 692 διέμειναν
1784 669 1787 673 ,

288 707 356 748 καὶ
385 704 458 759 τὴν
486 705 677 755 ἐπιοῦσαν
697 702 851 760 ἡμέραν
870 704 989 761 μέχρι
1013 709 1229 760 σταθηρᾶς
1248 706 1516 762 μεσημβρίας.
1581 704 1672 750 τότε
1697 705 1750 762 δὴ

271 776 362 816 ’τοῦ
379 773 581 826 βασιλέως
597 771 766 826 δύναμιν
785 771 1044 830 πεπομφότος
1065 774 1132 830 ἐφ’
1157 768 1191 831 ᾤ’
1214 780 1297 823 τοῖς
1312 772 1544 831 βαρβάροις
1563 773 1752 818 ἀποκλεῖ-

287 858 359 884 σαι
377 841 450 896 τὴν
469 842 525 890 εἷς
542 840 615 895 τὴν
632 839 747 882 πόλιν
766 841 943 892 εἴσοδον,
978 840 1134 897 γνόντες
1164 842 1201 884 οἱ
1224 840 1325 892 Ῥιὺς
1349 841 1504 885 ἔκλιναν
1526 843 1582 893 εἷς
1603 841 1750 900 φυγήν,

287 911 354 951 καὶ
373 908 447 959 τὰς
463 908 565 965 πρὸς
582 908 655 963 τὴν
673 908 789 950 πόλιν
807 907 988 960 εἰσόδους
1004 911 1361 965 ε’πιτετειχισμένας
1382 909 1563 969 εὑρόντες
1579 909 1748 969 ἔφευγον
1762 916 1806 953 10

288 977 357 1019 διὰ
385 980 459 1020 τοῦ
489 979 628 1019 πεδίου
658 981 725 1019 καὶ
755 976 1158 1031 καταλαμβανόμενοι
1190 979 1425 1035 ἀνῃροῦντο.
1491 977 1514 1021 ὃ
1542 979 1588 1022 δὲ
1617 981 1752 1037 Σφεν-

288 1044 525 1099 δοσθλάβος
555 1046 698 1095 νυκτὸς
730 1047 1005 1101 ἐπιγενομένης
1038 1045 1204 1103 διώρυγι
1233 1049 1388 1106 βαθείᾳ
1419 1047 1466 1091 τὸ
1495 1051 1570 1103 τῆς
1596 1045 1750 1098 πόλεως

138 1124 172 1160 Ρ
195 1123 264 1160 677
288 1112 539 1171 ἐστεφάνωσε
561 1120 713 1167 τεῖχος,
743 1115 812 1156 ἵνα
828 1115 885 1168 μὴ
905 1114 1076 1170 εὗχεριῦς
1091 1114 1216 1170 ἔχοιεν
1234 1115 1272 1158 οἶ
1288 1114 1477 1169 Ῥωμαῖοι
1495 1115 1599 1169 μεθ’
1618 1113 1749 1173 ὃρμῆς

287 1187 347 1240 τῷ
371 1186 446 1237 τῆς
472 1180 627 1232 πόλεως
651 1183 768 1236 τείχει
795 1181 1094 1239 προσπελάζειν.
1162 1185 1229 1225 καὶ
1254 1182 1360 1226 οὕτω
1379 1184 1453 1239 τὴν
1472 1183 1588 1226 πόλιν
1608 1184 1748 1242 ἀσφα-

286 1249 502 1304 λισάμενος
532 1250 631 1306 ἔγνω
662 1252 745 1292 δεῖν
774 1248 1033 1305 εὐψυχότατοι
1068 1251 1141 1306 τὴν
1173 1254 1407 1308 πολιορκίαν
1435 1253 1805 1308 προσδέχεσθαι.15

288 1318 371 1361 ἐπεὶ
401 1319 446 1360 δὲ
471 1318 515 1361 τὸ
546 1318 666 1360 πλέον
687 1323 759 1374 τῆς
779 1324 973 1375 στρατιᾶς
996 1320 1339 1371 διέκειντοκακῶς
1361 1320 1441 1363 ἀπὸ
1462 1325 1544 1364 τῶν
1562 1319 1750 1377 τραυμά-

286 1403 391 1437 των,
425 1385 751 1440 συνεπελάμβανε
784 1388 828 1429 δὲ
856 1390 923 1429 καὶ
950 1388 1068 1441 λιμὸς
1095 1387 1173 1443 ἤδη
1201 1394 1281 1432 τῶν
1314 1388 1540 1445 ἀναγκαίων
1566 1391 1749 1444 δαπανη-

286 1455 443 1497 θέντων
472 1454 628 1505 αὐτοῖς,
659 1457 727 1497 καὶ
758 1455 860 1510 μηδ’
891 1455 1045 1506 ἔξωθεν
1069 1456 1120 1499 τὰ
1148 1457 1250 1513 πρὸς
1280 1459 1418 1514 χρείαν
1448 1462 1748 1514 συνεχωροῦντο

289 1521 429 1572 αῧτοῖς
460 1524 758 1576 εἶσκομίζεσθαι
788 1523 898 1580 παρὰ
929 1529 1008 1566 τῶν
1034 1523 1269 1578 Ῥωμαίων,
1315 1524 1439 1568 νύκτα
1470 1529 1647 1580 βαθεῖαν
1679 1526 1747 1568 καὶ

288 1591 483 1645 ἀσέληνον
499 1589 741 1647 ἐπιτηρήσας
756 1589 777 1633 ὃ
797 1591 1156 1648 Σφενδοσθλάβος,
1177 1593 1279 1635 καθ’
1300 1592 1351 1647 ἢν
1364 1591 1479 1643 ὖετός
1496 1610 1537 1636 τε
1554 1593 1804 1650 ῥαγδαῖοςὶο

287 1660 331 1709 ἐξ
356 1659 530 1715 οὐρανοῦ
559 1659 788 1714 κατηνέχθη
817 1662 883 1701 καὶ
910 1659 1071 1714 χάλαζα
1093 1662 1250 1718 φοβερὰ
1270 1660 1469 1720 ἓπερράγη
1491 1664 1558 1704 καὶ
1579 1664 1748 1719 βρονταὶ

283 1728 355 1773 καὶ
387 1727 591 1783 ἀστραπαὶ
622 1728 963 1785 φρικωδέσταται,
991 1727 1226 1784 μονοξύλοις
1254 1730 1385 1783 ἐμβὰς
1409 1729 1513 1784 μετὰ
1542 1731 1749 1784 δισχιλίων

237 1798 268 1834 Β
291 1795 450 1853 ἀνδρῶν
469 1794 610 1845 ἔξεισιν
633 1798 687 1846 εἷς
706 1795 968 1850 ἐπισιτισμόν.
1033 1797 1317 1852 συλλεξάμενοι
1343 1799 1388 1841 δὲ
1413 1797 1512 1841 ὅθεν
1531 1797 1750 1856 εὖπόρηκεν

377 1914 402 1950 8
424 1910 635 1958 προσβολήν
656 1913 687 1946 C
842 1914 887 1951 14
907 1914 1072 1958 πελάζειν
1095 1916 1126 1951 C
1272 1917 1315 1953 17
1337 1913 1544 1962 τάναγκαῖα
1566 1926 1688 1962 συνεχ.
1715 1917 1747 1952 0

381 1959 427 1994 22
449 1956 740 2004 φρικωδέστατοι
762 1959 793 1995 C
928 1962 975 1999 23
996 1959 1202 2009 εὐπόρησεν
1226 1963 1258 1999 C

288 2061 446 2097 omnibus
474 2062 572 2098 urbis
601 2063 714 2108 portis
740 2063 892 2110 apertis,
930 2076 1072 2101 numero
1093 2066 1274 2102 admodum
1297 2066 1409 2111 aucti,
1442 2066 1479 2102 in
1502 2067 1677 2102 Romanos
1700 2067 1746 2102 ob

288 2113 424 2143 noctem
447 2108 533 2142 nihil
555 2108 627 2144 tale
649 2109 867 2155 suspicantes
889 2110 1038 2146 irruunt.
1086 2118 1122 2147 et
1149 2113 1287 2157 quidem
1313 2113 1423 2159 primo
1445 2114 1610 2148 conflictu
1630 2112 1748 2147 victo-

286 2166 346 2192 res
369 2155 595 2199 videbantur,
621 2156 786 2200 paulatim
805 2161 922 2191 tamen
943 2158 1091 2192 Romani
1112 2159 1312 2204 superiores
1335 2165 1414 2193 sunt
1437 2159 1536 2194 faeti.
1584 2170 1661 2194 nam
1685 2158 1747 2193 ubi

287 2200 497 2245 Sphagellus
521 2200 713 2236 fortissime
735 2213 894 2247 pugnans
916 2203 1062 2249 cecidit,
1087 2216 1127 2239 eo
1149 2205 1274 2240 amisso
1297 2204 1403 2239 animi
1423 2205 1649 2240 barbarorum
1669 2203 1746 2239 lan-

287 2257 397 2290 guere
427 2251 618 2292 coeperunt
647 2252 683 2281 et
712 2248 847 2282 remisit
875 2249 1038 2294 impetus.
1085 2262 1149 2295 per
1183 2256 1292 2285 totam
1321 2255 1439 2285 tamen
1467 2257 1603 2286 noctem
1630 2251 1746 2285 subsi-

289 2296 403 2335 stunt,
435 2298 540 2338 atque
564 2293 652 2326 adeo
676 2293 720 2327 ad
742 2293 919 2329 meridiem
943 2306 1073 2341 usque:
1107 2302 1178 2331 tum
1206 2297 1342 2330 demum
1364 2297 1678 2332 animadvertentes
1701 2297 1747 2331 ab

286 2335 501 2382 imperatore
530 2338 669 2373 missam
701 2351 779 2373 esse
810 2340 981 2375 exercitus
1013 2346 1146 2387 partem
1179 2353 1269 2388 quae
1292 2342 1424 2377 Rossos
1449 2343 1545 2378 aditu
1567 2342 1604 2377 in
1625 2343 1746 2376 urbem

288 2382 508 2428 excluderet,
542 2384 648 2428 fugae
677 2396 716 2419 se
746 2386 849 2430 dant,
882 2397 1027 2432 cumque
1058 2388 1135 2422 vias
1158 2388 1195 2422 in
1217 2389 1337 2422 urbem
1359 2389 1526 2423 ducentes
1547 2388 1746 2423 invenirent

287 2428 473 2473 obsessas,
496 2440 560 2474 per
583 2441 738 2475 campum
760 2432 846 2476 fuga
869 2432 1038 2479 dispersi,
1061 2435 1104 2468 ab
1123 2434 1385 2479 insequentibus
1408 2434 1505 2469 multi
1527 2433 1743 2469 occiduntur.

288 2484 331 2507 ea
355 2484 444 2517 quae
467 2476 655 2510 subsecuta
676 2477 832 2521 proxime
855 2483 910 2512 est
935 2490 1024 2523 nox,
1047 2479 1370 2525 Sphendosthlabus
1393 2480 1490 2514 urbis
1511 2491 1626 2514 muros
1649 2479 1747 2514 fossa

287 2519 463 2566 profunda
487 2520 742 2567 circumdabat,
772 2535 816 2557 ne
838 2523 941 2558 facile
964 2526 1112 2559 Romani
1134 2537 1209 2560 cum
1231 2526 1362 2571 impetu
1382 2531 1526 2571 possent
1548 2537 1609 2560 eos
1632 2536 1744 2571 oppu—

288 2570 427 2607 gnatum
453 2567 643 2610 accedere;
675 2573 780 2614 atque
814 2570 879 2603 hoc
913 2570 1013 2605 modo
1048 2573 1134 2606 urbe
1156 2572 1361 2606 communita
1382 2572 1506 2606 statuit
1530 2571 1746 2606 obsidionem

287 2610 480 2644 fortissime
509 2613 685 2657 perferre.
727 2614 810 2659 quia
840 2620 952 2650 autem
976 2617 1135 2662 plerique
1157 2617 1299 2652 militum
1323 2618 1397 2651 eius
1422 2619 1466 2652 ob
1488 2617 1634 2652 vulnera
1658 2616 1745 2651 male

288 2654 484 2709 habebant,
518 2662 555 2693 et
577 2657 643 2692 iam
666 2661 877 2705 consumptis
902 2662 1071 2697 alimentis
1092 2664 1237 2709 penuria
1257 2663 1474 2707 imminebat,
1508 2674 1584 2698 cum
1611 2663 1742 2707 impor-

287 2701 356 2735 tari
388 2701 526 2736 abunde
549 2704 731 2749 quicquam
755 2706 903 2740 Romani
925 2719 994 2742 non
1016 2708 1190 2753 sinerent,
1222 2710 1407 2744 observata
1431 2714 1534 2744 nocte
1555 2710 1742 2743 tenebrosa

281 2756 329 2792 'ac
358 2745 474 2790 illuni,
510 2748 546 2781 iu
571 2760 672 2792 quam
695 2750 823 2786 imbres
847 2753 982 2799 magni,
1013 2756 1146 2800 grando
1172 2754 1339 2789 terribilis
1360 2755 1567 2800 fulguraque
1589 2760 1625 2790 et
1647 2752 1740 2788 toni-

283 2796 365 2826 trua
388 2792 560 2828 horrenda
583 2794 793 2840 inciderant,
819 2808 897 2836 cum
916 2800 1050 2834 duobus
1073 2800 1226 2836 virorum
1245 2800 1384 2836 milibus
1402 2801 1523 2836 lintres
1541 2797 1742 2835 conscendit

283 2842 324 2872 et
344 2837 387 2872 ad
412 2840 611 2883 quaerenda
631 2841 740 2877 victui
762 2845 959 2881 necessaria
979 2845 1135 2892 navigat.
1182 2857 1260 2884 cum
1279 2846 1502 2894 collegissent
1519 2852 1624 2893 prout
1641 2843 1739 2890 quia-
