1890 3236
296 203 358 251 52
755 195 992 244 GEORGII
1024 195 1263 243 GEDRENI

296 315 438 375 ydpote
457 314 792 371 ἀναρριπισθῆναι
813 310 881 351 τὸν
901 307 1182 365 προρρηθέντα
1204 306 1389 363 πόλεμον,
1424 308 1498 363 οὔχ
1517 306 1660 364 ἥκιστα
1685 309 1729 361 δὲ

247 392 278 427 D
305 373 370 429 καὶ
401 384 467 426 διὰ
496 382 567 436 τὴν
589 378 845 437 ῥηθήσεσθαι
864 376 1101 430 μέλλουσαν.
1170 374 1400 434 Βούλγαροί
1422 393 1522 427 τινες
1542 377 1594 428 ἐξ
1614 365 1730 431 ἦθὸἷν

300 450 538 498 ἀναστάντες
552 450 631 488 τῶν
646 442 840 502 πατρῴων
859 444 932 499 τὴν
946 442 1151 497 Ῥωμαίων
1168 443 1520 498 καταλαμβάνουσι
1538 444 1730 499 παγγεκεί,

301 523 365 563 καὶ
379 516 487 574 παρὰ
500 518 571 557 τοῦ
581 512 778 568 βασιλέως
793 512 1106 569 προσδεχθέντες
1113 511 1286 567 Μιχαὴλ
1303 514 1344 554 ἓν
1363 511 1573 569 διαφόροις
1590 513 1732 568 ἔγκατψ,

301 588 509 637 οικίζονται
534 580 699 639 χώραις.
771 582 841 622 καί
858 597 958 630 τινες
981 581 1024 622 δὲ
1039 578 1228 634 Ῥωμαῖοι
1249 583 1328 623 τῶν
1345 581 1386 622 ἓν
1402 587 1484 631 τοῖς
1499 596 1731 638 προηγησα-
1743 587 1765 632 ⁵.

299 655 431 711 μένοις
453 647 851 703 αἰχμαλωτισθέντων
867 648 1054 704 πολέμοις
1069 648 1119 691 τὰ
1138 649 1266 702 δεσμὰ
1288 647 1571 706 διαρρήξαντες
1589 651 1644 698 εἲς
1661 648 1734 698 τὰς
1774 686 1777 688 ,

302 711 451 765 ἑαυτῶν
470 719 664 771 ἐπανῆκον
683 718 892 772 πατρίδας.
959 715 1124 767 τούτους
1145 716 1323 767 ἅπαντας
1345 714 1365 759 ὅ
1389 721 1468 759 τῶν
1489 714 1736 772 Βονλγάρων

297 778 471 845 ἅρχηγὸς
495 786 686 842 Κροῦμος
715 784 937 839 ἐκδοθῆναί
963 785 1002 827 οἳ
1032 784 1186 842 ἀπῄτει.
1252 786 1330 828 τισὶ
1351 785 1424 839 μὲν
1446 779 1516 827 οὖν
1537 788 1616 827 τῶν
1634 782 1735 831 Ῥω-

298 858 428 911 μαίων
448 853 629 908 ἐπαινετὴ
648 851 772 895 ἐδόκει
793 850 819 907 ἡ
844 852 1018 904 ξ’κδοσις,
1051 847 1080 909 ᾖ
1101 855 1175 895 τινὶ
1203 855 1269 894 καὶ
1295 851 1316 893 ὃ
1341 851 1531 906 βασιλεὺς
1549 851 1620 893 καί
1638 866 1739 900 τινες

301 923 503 979 ἀξιόλογοι
524 922 849 978 συγκατετίθεντο
871 921 1061 975 μοναχοί·
1096 920 1221 978 ᾤοντο
1243 919 1319 975 γὰρ
1339 919 1405 962 διὰ
1428 924 1498 974 τῆς
1515 923 1594 963 τῶν
1612 935 1738 975 προσ-
1746 924 1805 970 10,

303 991 441 1051 φύγων
481 988 672 1039 ἐκδόσεως
711 993 783 1042 τῆς
821 992 1076 1044 βαρβαρικῆς
1119 986 1479 1048 ἀπαλλαγήσεσθαι
1517 987 1741 1042 λεηλασίας,

162 1074 191 1108 Ρ
215 1072 283 1109 487
306 1061 405 1110 τινὲς
438 1058 478 1101 δ’
511 1057 779 1114 ἀπηρέσκοντο
809 1056 909 1114 πρὸς
936 1057 1009 1111 τὴν
1029 1054 1202 1111 γνώμην,
1237 1050 1292 1098 ὧν
1315 1041 1534 1113 κὀρυφαΐος
1554 1053 1741 1112 ἔτῦγχαηε

305 1124 539 1183 Νικηφόρος
568 1124 589 1167 ὁ
613 1122 862 1181 πατριάρχης
888 1125 954 1166 καὶ
986 1122 1006 1166 ὅ
1027 1122 1245 1180 μάγιστρος
1270 1122 1506 1174 Θεόκτιστος
1528 1122 1594 1166 ἐπ’
1619 1122 1744 1179 ἀρετῇ

307 1199 372 1239 καὶ
393 1194 542 1237 συνέσει
569 1192 781 1249 πρωτεύων
800 1196 856 1249 τῷ
877 1190 987 1243 τότε,
1033 1195 1100 1234 καὶ
1122 1191 1236 1234 ἄλλοι
1258 1193 1302 1233 δὲ
1322 1192 1393 1235 οὐκ
1414 1192 1538 1247 ὀλίγοι
1546 1223 1559 1243 ,
1594 1192 1743 1248 ἐφεῖναι

306 1259 482 1319 λέγοντες
502 1261 553 1304 τὰ
573 1259 677 1302 καθ’
701 1246 868 1310 ἑαυτοὺς
889 1265 945 1317 τῷ
969 1264 1077 1318 θεῷ,
1111 1262 1176 1302 καὶ
1197 1260 1253 1314 μὴ
1278 1260 1345 1302 διὰ
1367 1258 1607 1317 προσφύγων
1629 1257 1743 1302 ἐκδό-
1755 1261 1799 1298 15

306 1348 407 1380 σεως
424 1330 496 1385 τὴν
515 1333 585 1371 τοῦ
606 1332 708 1370 θεοῦ
725 1327 1022 1385 παραλιπόντας
1044 1332 1227 1382 παναλκῆ
1243 1327 1440 1381 βοήθειαν
1459 1327 1531 1382 τὴν
1550 1331 1623 1370 τοῦ
1639 1330 1747 1383 βαρ-

305 1398 438 1455 βάρου
469 1398 784 1450 ἐξευμενίζεσθαι
813 1397 1056 1448 ἀλαζονείαν.
1122 1398 1322 1450 μηδαμῶς
1356 1396 1400 1437 δὲ
1431 1393 1644 1450 συμβάσης
1675 1398 1748 1450 τῆς

306 1464 493 1520 τοιαύτης
513 1463 728 1514 ε’πιτάσεως
743 1469 815 1507 τοῦ
835 1463 1030 1526 Ιζρούμου
1040 1496 1054 1515 ,
1088 1461 1109 1505 ὅ
1131 1465 1368 1520 προλεχθεὶς
1388 1463 1651 1519 ἀνερριπίσθη
1671 1459 1748 1504 πό-

310 1540 449 1589 λεμος,
484 1534 550 1575 καὶ
567 1531 592 1586 ἡ
611 1532 737 1589 τροπὴ
757 1534 822 1575 καὶ
843 1530 864 1575 ὃ
888 1532 1011 1583 πολὺς
1030 1530 1190 1589 φθόρος
1210 1535 1289 1574 τῶν
1305 1529 1512 1585 Ῥωμαίων
1529 1527 1749 1586 ἐπηκολού-

309 1607 451 1657 θησεν,
485 1600 583 1642 ἄλλο
602 1618 640 1642 τι
657 1605 728 1642 τοῦ
748 1604 849 1642 θεοῦ
867 1598 921 1651 ὥς
938 1599 1036 1642 ἴοικε
1057 1603 1451 1656 προοικονομοῦντος.
1758 1601 1804 1637 20

448 1669 560 1719 Τέως
577 1670 620 1710 δὲ
639 1669 711 1723 τὴν
726 1670 927 1721 βασίλειον
947 1667 1074 1724 ἀρχὴν
1092 1666 1407 1724 περιζωσάμενος
1427 1665 1449 1709 ὃ
1462 1665 1586 1709 Λέων
1597 1666 1751 1720 Θωμᾶν

262 1753 291 1788 Β
313 1734 399 1792 μένζ
435 1738 503 1779 ἕνα
522 1740 601 1778 τῶν
628 1740 748 1793 τριῶν
774 1736 870 1779 ὄντα
892 1736 962 1788 οὓς
988 1735 1008 1779 ὃ
1038 1734 1154 1791 λόγος
1180 1735 1364 1792 ἱστόρησε
1386 1732 1555 1792 φθάσας
1580 1741 1754 1778 συνεῖναι

311 1810 369 1864 τῷ
390 1805 604 1862 Βαρδανίῳ
624 1802 791 1859 ὁπηνίκα
810 1805 911 1861 πρὸς
930 1804 998 1847 τὸν
1015 1804 1194 1860 μοναχὸν
1212 1805 1252 1846 ἓν
1273 1808 1331 1862 τῷ
1351 1804 1572 1860 Φιλομιλίῳ
1590 1803 1752 1859 ἐφοίτη-

312 1890 394 1926 σεν,
429 1871 558 1929 ἄνδρα
584 1873 670 1915 νέον
695 1875 760 1915 καὶ
785 1871 978 1930 ὃρμητίαν
998 1871 1255 1931 τουρμάρχην
1278 1871 1444 1923 ἀνέδειξε
1470 1874 1541 1914 τοῦ
1558 1866 1752 1929 φοιδερά-

405 1981 450 2015 16
473 1976 614 2014 ἔκδοσιν
636 1979 666 2014 C
779 1981 822 2016 18
844 1979 1069 2026 προρρηθεὶς
1089 1980 1120 2015 C
1230 1980 1274 2015 21
1297 1978 1482 2025 βασιλείας
1502 1978 1533 2013 C

314 2074 460 2117 perante
483 2070 648 2104 Rancaba
669 2069 985 2114 demonstravimus,
1021 2081 1096 2105 cum
1120 2069 1197 2104 aliis
1221 2070 1264 2104 de
1288 2069 1400 2104 causis
1425 2069 1607 2103 conflatum
1627 2067 1756 2110 fuerat,

314 2124 386 2152 tum
416 2127 490 2150 eam
521 2115 578 2150 vel
611 2117 831 2162 praecipuam
866 2116 986 2151 habuit
1017 2127 1118 2169 quam
1139 2117 1340 2150 referemus.
1385 2114 1570 2158 Bulgarica
1590 2113 1756 2158 quaedam

316 2173 403 2207 gens
434 2161 589 2206 paternis
614 2162 755 2197 sedibus
785 2162 915 2197 relictis
944 2161 981 2196 in
1008 2161 1177 2195 ‹hcionem
1199 2162 1386 2196 Romanam
1411 2159 1686 2205 immigraverat‚
1716 2169 1757 2191 ac

319 2208 530 2242 concedente
557 2207 765 2252 imperatore
792 2209 957 2243 Rancaba
984 2207 1064 2241 hinc
1086 2207 1168 2241 inde
1189 2208 1291 2241 sedes
1311 2209 1486 2252 posuerat.
1533 2205 1596 2239 sed
1619 2208 1656 2238 et
1682 2204 1757 2246 Rq„-

319 2264 494 2290 manorum
514 2252 655 2297 vquidam
678 2253 914 2299 superioribus
938 2253 1037 2288 bellis
1060 2265 1081 2287 a
1102 2252 1260 2297 Bulgaris
1283 2252 1376 2298 capti
1393 2251 1505 2295 ruptis
1525 2249 1671 2285 vinculis
1694 2249 1758 2283 (Τό-

320 2310 410 2332 mum
431 2299 620 2332 redierant.
667 2311 726 2333 eos
760 2299 939 2334 universos
963 2299 1107 2333 Crumus
1130 2299 1354 2343 Bulgarorum
1386 2296 1548 2342 princeps
1582 2295 1663 2330 dedi
1691 2293 1760 2329 sibi

321 2343 569 2389 postulaverat.
618 2349 654 2378 et
683 2356 767 2379 sane
799 2346 933 2390 quidam
963 2345 1192 2378 Romanorum
1222 2343 1396 2378 dedendos
1427 2342 1686 2385 iudicaverant,
1721 2339 1760 2374 in

322 2399 467 2432 eamque
489 2390 695 2424 sententiam
719 2396 754 2424 et
775 2390 961 2435 imperator
984 2396 1020 2424 et
1040 2390 1154 2434 magni
1176 2389 1307 2434 aliquot
1329 2388 1474 2422 nominis
1497 2386 1654 2421 monachi
1676 2396 1760 2419 con-

324 2440 517 2468 cesserant:
541 2437 758 2480 perfugarum
782 2437 871 2471 enim
893 2435 1069 2470 deditione
1092 2447 1131 2470 se
1153 2434 1345 2470 barbaricis
1367 2433 1647 2478 praedationibus
1669 2430 1759 2464 libe-

322 2484 434 2513 ratum
459 2479 503 2513 iri
527 2482 725 2524 sperabant.
772 2482 830 2516 alii
855 2487 966 2517 autem
988 2494 1059 2516 eam
1078 2481 1282 2516 sententiam
1305 2480 1596 2525 improbaverant,
1619 2487 1762 2522 quorum

322 2524 486 2569 princeps
512 2525 731 2571 Nicephorus
766 2528 963 2572 patriarcha
997 2532 1032 2562 et
1061 2527 1284 2561 Theoctistus
1303 2525 1500 2569 magister,
1544 2533 1607 2556 sua
1645 2526 1762 2556 aetate

323 2569 454 2604 virtute
484 2574 519 2603 et
550 2572 734 2615 prudentia
764 2573 1097 2618 praestantissimus,
1132 2572 1260 2616 aliique
1283 2583 1351 2605 non
1373 2569 1487 2615 pauci.
1534 2579 1610 2602 nam
1632 2566 1669 2600 hi
1695 2567 1761 2600 deo

325 2615 600 2650 committendam
623 2628 718 2651 suam
742 2618 884 2654 salutem
910 2619 1128 2662 iudicabant,
1162 2628 1274 2662 neque
1303 2615 1556 2659 transfugarum
1585 2611 1762 2646 deditione

328 2661 547 2695 barbarorum
579 2661 780 2706 placandam
810 2665 1024 2710 superbiam,
1059 2662 1281 2709 omnipotenti
1314 2659 1440 2695 auxilio
1472 2658 1528 2693 dei
1551 2658 1763 2704 posthabito.

328 2705 475 2750 proinde
498 2707 624 2740 Crumo
644 2707 814 2753 repulsam
836 2721 937 2754 passo
961 2710 1085 2744 bellum
1108 2710 1144 2743 id
1168 2707 1318 2751 exarsit,
1350 2716 1418 2750 quo
1441 2705 1564 2749 ingens
1586 2704 1762 2737 Romano-

328 2761 403 2785 rum
426 2751 552 2786 accidit
573 2752 707 2796 clades,
731 2753 824 2788 aliud
847 2755 1000 2789 nimirum
1023 2757 1090 2790 deo
1111 2754 1270 2788 iam¹tum
1294 2750 1423 2805 aliquid
1445 2748 1705 2795 praemoliente.

421 2796 466 2831 At
488 2797 558 2830 Leo
583 2798 726 2842 imperio
750 2799 878 2844 potitus
899 2801 1087 2844 Thomam‚
1118 2809 1220 2834 unum
1253 2809 1296 2831 ex
1317 2797 1429 2832 tribus
1452 2795 1498 2829 iis
1519 2806 1606 2839 quos
1628 2794 1762 2829 Barda-

330 2841 389 2877 nio
411 2843 553 2878 affuisse
575 2844 800 2890 narravimus,
825 2856 899 2880 cum
921 2846 952 2881 is
974 2844 1167 2882 Philomelii
1190 2842 1389 2879 monachum
1414 2839 1630 2886 consuleret,
1663 2840 1762 2874 iuve-
