1916 3210
503 176 900 223 HISTORIARUM
928 174 1318 220 GOMPENDIUM.
1549 173 1612 219 62
1624 175 1647 220 1

184 287 532 354 ἅσφαλισᾶμενοι,
553 292 633 336 ’καὶ
662 295 722 350 τῷ
747 293 915 346 βασιλεῖ’
934 286 1217 347 προσειπόντες
1243 288 1296 332 τὰ
1318 283 1519 347 ἓξιτῆρια,
1554 287 1649 332 ἵκοι·

184 380 281 415 στος
299 362 435 406 οἷ’καδε
454 366 511 421 τῷ
533 362 664 405 δοκεῖν
680 360 961 417 ἇπεφοίτησεν.

251 446 253 449 ·
312 430 446 489 ”Αρτι
476 431 520 474 δὲ
548 431 616 473 καὶ
647 427 669 472 ὃ
691 429 908 486 Βρυέννιος
934 431 1016 471 τῶν
1041 423 1291 483 πραγμάτων
1314 423 1426 484 αὗτῷ
1448 428 1652 468 καθιστα-

182 499 315 556 μένων
333 498 392 551 ὥς
408 517 464 558 πῃ
483 497 613 543 ἐδόκει
630 502 689 557 τῷ
708 500 890 553 βασιλεῖ,
926 498 1098 555 διαπερᾷ
1119 495 1222 552 πρὸς
1241 494 1315 551 τὴν
1335 495 1401 547 ἴω,
1428 492 1528 549 ἔχων
1545 496 1648 548 μεθ’

150 577 173 612 5
184 567 333 612 ἑαυτοῦ
349 570 418 616 καὶ
437 568 506 612 τὸν
523 567 733 624 πατρίκιον
748 563 936 620 Ἰωάννην
954 563 1025 625 τὸν
1040 564 1246 620 Ὂψαρᾶν,
1283 563 1582 618 ἀπεσταλμένον
1603 563 1649 606 ἐκ

180 637 385 693 βασιλέως
413 632 518 692 μετὰ
540 636 713 692 χρυσίου
743 634 812 692 ἐφ’
839 628 873 692 ᾧ
893 639 978 684 τοῖς
995 631 1263 689 στρατιώταις
1283 634 1578 688 διανεμηθῆναι
1600 631 1648 675 τὸ

180 705 422 762 σιτηρέσιον.
487 702 698 762 γενόμενος
720 703 766 746 δὲ
781 700 886 746 κατά
911 719 1001 744 τινα
1020 699 1144 744 τόπον
1162 699 1402 757 ἧπλωμίνον
1420 699 1649 754 καὶ-ὕπτιον

0 807 17 831 4
180 776 224 818 ἐν
244 778 302 834 τῷ
328 774 482 828 θέματι
506 778 589 817 τῶν
611 772 858 815 ἀνατολικῶν
877 777 962 821 τοῖς
978 768 1276 822 Καππαδόκαις
1298 771 1464 825 διένειμε
1483 770 1558 826 τὴν
1577 787 1648 827 φι-

0 842 11 886 ἶ
178 841 452 901 λοφροσῦνην.
519 840 702 892 ἔπαύξων
719 839 855 891 δὲτὰς
874 837 1026 891 δόσεις,
1056 841 1124 881 καὶ
1148 841 1270 882 πλείω
1291 843 1372 882 τιῦν
1395 839 1644 896 τεταγμένων
1666 848 1696 883 Β

126 918 171 954 10
180 912 366 969 παρέχειν
387 907 572 963 κελεύων,
598 910 882 952 ἀντιπίπτοντα
905 906 980 963 εἶχε
1001 907 1071 951 τὸν
1087 907 1280 966 Ὀψαρᾶν
1297 909 1364 950 καὶ
1385 907 1444 965 μὴ
1463 906 1646 951 ὑπακού-

180 993 300 1024 οντα·
330 978 482 1038 ἴφασκε
499 979 578 1036 γὰρ
595 973 713 1029 οὗτος
731 978 790 1032 μὴ
809 981 964 1031 τολμᾶν
980 974 1224 1034 προσθήκας
1242 975 1399 1019 διδόναι
1417 984 1502 1028 τοῖς
1521 970 1647 1034 στρα-

178 1047 362 1101 τιώταις,
396 1048 524 1104 μηδὲν
542 1051 616 1093 τοῦ
634 1047 831 1102 βασιλέως
855 1047 945 1103 περὶ
964 1044 1109 1088 τούτου
1132 1043 1445 1103 προστάξαντος.
1511 1050 1585 1089 τοῦ
1603 1047 1647 1088 δὲ

177 1118 398 1176 Βρυεννίου
416 1116 594 1174 ἀτρέμας
615 1115 718 1172 ἔχειν
739 1114 919 1166 εἰπόντος
938 1116 1007 1158 καὶ
1025 1121 1151 1157 ποιεῖν
1171 1118 1306 1172 σιωπῇ
1322 1113 1367 1157 τὸ
1390 1115 1648 1169 κεκελευσμέ-

176 1204 248 1230 νον
267 1184 645 1244 παρεγγυήσαντος,
682 1184 967 1234 ἀντιτείνοντος
993 1184 1037 1227 δὲ
1063 1188 1138 1226 τοῦ
1155 1182 1326 1241 Ὀψαρᾶ
1346 1185 1415 1226 καὶ
1437 1187 1648 1242 θρασυνο-

123 1261 166 1297 15
175 1255 323 1312 μένου,
354 1255 559 1313 ἀναφθεὶς
579 1255 727 1305 ἐκεῖνος
754 1257 814 1312 τῷ
839 1257 967 1312 θυμῷ
986 1256 1058 1296 τοῦ
1085 1250 1242 1309 θρόνου
1269 1268 1312 1295 τε
1345 1251 1555 1297 ἀνίσταται
1578 1254 1648 1295 καὶ

102 1366 106 1373 ,
140 1326 145 1330 ’
175 1322 396 1374 κονδύλους
413 1321 545 1383 τούτῳ
563 1324 811 1380 προστρίβει.
877 1326 1104 1365 τελευταῖον
1126 1322 1171 1364 δὲ
1201 1322 1269 1364 καὶ
1298 1325 1380 1364 τῶν
1405 1326 1554 1379 τριχῶν
1579 1324 1647 1364 καὶ

174 1397 250 1449 τῆς
279 1391 482 1451 γενειάδος
511 1390 725 1447 ἁψάμενος
753 1389 1002 1446 καταβάλλει
1030 1394 1175 1433 τοῦτον
1208 1392 1265 1440 εἰς
1292 1394 1381 1446 γῆν,
1416 1392 1485 1433 καὶ
1515 1391 1646 1445 δεσμὰ

173 1461 431 1520 περιθεὶςὲν
455 1465 507 1518 τῇ
533 1462 615 1522 ἲδίᾳ
637 1458 828 1519 ἐφρούρει
847 1464 996 1517 σκηνῇ,
1032 1459 1156 1509 αὐτὸς
1181 1460 1226 1502 δὲ
1244 1458 1290 1503 τὸ
1310 1459 1524 1513 βασιλικὸν
1539 1477 1646 1518 χρυ-

174 1531 262 1575 σίον
291 1530 519 1588 ἀνειληφὼς
546 1530 716 1573 ἐποιεῖτο
740 1529 828 1585 τὴν,
845 1528 1041 1584 διανομὴν
1069 1526 1124 1578 ὥς
1148 1527 1345 1583 ἠβούλετο
1364 1529 1470 1583 μεθ’
1493 1526 1642 1585 ὕπερο-

117 1604 271 1656 Ξῡχῶν.
337 1597 451 1655 ἔτυχε
473 1599 518 1642 δὲ
536 1595 626 1643 τότε
642 1596 1086 1656 παραστρατοπεδεύων
1116 1597 1232 1652 ἔγγὺς
1258 1595 1279 1639 ὃ
1311 1599 1521 1656 πατρίκιος
1537 1601 1692 1644 Λυ-.Ο

173 1667 354 1724 κάνθης,
400 1669 467 1711 καὶ
493 1671 576 1712 τῶν
594 1669 781 1712 Πισιδῶν
807 1669 874 1710 καὶ
895 1664 1130 1719 Λυκαόνων
1149 1663 1383 1722 ἡγούμενος.
1452 1661 1570 1718 οὗτος
1589 1666 1642 1710 τὰ

159 1734 232 1789 ,εἷς
249 1737 322 1781 τὸν
335 1738 529 1794 Ὀψαρᾶν
548 1735 835 1793 συμβεβηκότα
857 1736 1127 1787 &nomm-9⁸12,
1156 1737 1224 1778 καὶ
1243 1736 1480 1793 τυραννίδος
1497 1737 1638 1779 ἐπίθε-

171 1823 251 1859 σιν,
287 1804 423 1864 ὥσπερ
455 1799 512 1861 ἦν.
541 1804 669 1858 εῗκός,
714 1806 789 1861 τὴν
809 1809 955 1863 πρᾶξιν
975 1803 1195 1859 ὑπολαβὼν
1223 1799 1304 1860 (ἦν
1333 1805 1413 1862 γὰρ
1442 1809 1523 1849 τῶν
1554 1812 1639 1857 τοῖς

170 1874 288 1936 ἑῴοις
308 1874 479 1934 ἄρχουσι
499 1875 828 1931 βεβουλευμένων
850 1873 1082 1932 ἀμύητος),
1115 1875 1370 1925 καθοπλίσας
1389 1874 1441 1917 τὰ
1463 1873 1536 1918 δύο
1557 1879 1638 1918 τῶν

166 2035 240 2067 tum
261 2029 509 2075 roborassent,
545 2034 690 2076 accepto
714 2030 758 2069 ab
779 2029 990 2077 imperatore
1014 2032 1205 2064 commeatu
1228 2028 1363 2063 domum
1386 2027 1502 2074 quivis
1524 2038 1635 2074 suam,

167 2083 208 2113 ut
229 2078 428 2124 putabatur,
452 2076 702 2113 discesserunt.

258 2121 332 2157 Iam
355 2128 392 2157 et
411 2123 612 2168 Bryennius
638 2123 744 2156 rebus
776 2121 849 2156 suis
881 2132 926 2155 ex
955 2119 1104 2155 arbitrio
1127 2118 1350 2165 imperatoris
1373 2118 1572 2154 constitutis
1596 2119 1634 2154 in

167 2166 350 2203 Orientem
372 2167 507 2203 abibat.
554 2167 783 2203 comitabatur
816 2178 893 2201 eum
924 2166 1092 2212 patricius
1114 2165 1267 2200 Ioannes
1293 2164 1634 2211 Opsarassmissus

166 2215 212 2250 ab
237 2213 448 2259 imperatore
471 2224 546 2248 cum
569 2225 668 2257 auro,
693 2219 732 2248 ut
755 2213 920 2248 militibus
944 2211 1120 2258 stipendia
1147 2216 1358 2246 numeraret.
1406 2222 1481 2246 cum
1502 2222 1633 2257 perve-

165 2261 302 2295 nissent
323 2260 362 2294 in
383 2259 543 2305 supinam
567 2259 736 2305 quandam
760 2259 939 2305 planitiem
961 2259 998 2293 in
1023 2257 1196 2293 Orientali
1216 2256 1410 2304 provincia,
1443 2258 1631 2302 Cappado-

169 2306 268 2342 cibus
290 2305 489 2350 Bryennius
519 2306 672 2351 pendere
705 2306 823 2351 coepit
855 2316 946 2350 quae
978 2317 1022 2339 ex
1044 2304 1257 2339 liberalitate
1279 2303 1500 2349 imperatoris
1522 2304 1631 2338 debe-

167 2354 308 2388 bantur.
355 2351 407 2386 ibi
429 2362 506 2386 cum
529 2351 628 2396 plura
652 2351 729 2385 dari
749 2351 888 2386 iuberet
906 2362 1006 2396 quam
1029 2350 1219 2396 imperator
1242 2350 1481 2394 mandaverat,
1504 2350 1633 2384 adver·

167 2398 296 2434 sarium
319 2397 442 2433 habuit
464 2397 657 2443 Opsaram,
693 2409 762 2432 non
796 2398 926 2432 audere
958 2409 997 2431 se
1020 2396 1191 2431 dicentem
1216 2396 1398 2442 quicquam
1424 2395 1553 2431 addere
1575 2395 1633 2430 in-

163 2445 262 2480 iussu
284 2443 520 2490 imperatoris.
566 2455 712 2489 cumque
734 2442 934 2488 Bryennius
960 2455 1036 2478 eum
1060 2443 1243 2489 quiescere
1277 2447 1312 2476 et
1346 2441 1486 2476 omissis.
1512 2442 1632 2476 verbis

165 2502 264 2526 suum
286 2491 482 2525 mandatum
505 2490 651 2535 exsequi
682 2489 838 2534 iuberet,
874 2501 916 2524 ac
939 2489 1097 2535 Opsaras
1126 2488 1278 2523 ferocius
1307 2492 1542 2534 repugnaret,
1576 2487 1631 2523 ira

163 2537 396 2572 inflammatus
418 2536 618 2581 Bryennius
642 2547 664 2570 a
687 2536 771 2571 sella
792 2535 955 2581 prosiluit
980 2541 1016 2570 et
1039 2535 1211 2582 Opsaram
1234 2534 1359 2580 pugnis
1386 2533 1524 2579 cecidit,
1549 2539 1629 2569 tan-

163 2583 314 2628 demque
331 2582 490 2618 crinibus
514 2587 551 2617 et
573 2582 685 2617 barba
706 2589 902 2628 correptum
926 2581 1021 2616 humi
1044 2581 1255 2628 prostravit,
1291 2586 1326 2615 et
1356 2579 1505 2615 vinculis
1536 2579 1627 2615 inie-

163 2628 230 2664 ctis
260 2629 298 2664 in
329 2640 393 2664 suo
422 2629 576 2664 tentorio
606 2628 815 2664 asservavit.
863 2628 942 2674 ipse
972 2639 1094 2663 aurum
1127 2626 1383 2674 imperatorium
1417 2625 1554 2672 accepit
1585 2638 1626 2661 ac

163 2674 342 2721 stipendia
363 2675 563 2719 distribuit,
598 2686 729 2720 augens
761 2687 803 2710 ea
835 2686 900 2721 pro
933 2686 997 2709 suo
1024 2673 1184 2709 arbitrio.
1230 2674 1267 2708 in
1289 2671 1485 2718 propinquo
1509 2679 1625 2708 castra

161 2727 236 2757 tum
259 2722 353 2757 sorte
375 2721 527 2757 habebat
546 2722 748 2766 Lycanthes
775 2720 964 2768 patricius,
997 2721 1224 2765 Lycaonibus
1255 2724 1291 2754 et
1319 2718 1449 2753 Pisidis
1481 2720 1624 2765 praefe-

161 2774 253 2803 ctus.
299 2768 332 2802 is
353 2767 397 2803 de
421 2767 510 2803 male
531 2772 682 2803 tractato
706 2768 845 2814 Opsara
871 2767 992 2802 nuntio
1017 2772 1184 2813 accepto,
1220 2764 1436 2811 suspicatus,
1468 2765 1506 2800 id
1529 2765 1622 2811 quod

159 2814 345 2860 probabile
367 2819 464 2858 erat,
497 2826 571 2849 rem
592 2826 668 2848 eam
692 2814 738 2850 ad
760 2813 959 2859 tyrannidis
982 2813 1241 2849 affectationem
1263 2817 1444 2858 spectare,
1479 2810 1623 2857 ignarus

158 2860 292 2907 quippe
323 2859 461 2896 consilii
493 2872 516 2897 a
546 2861 694 2897 ducibus
729 2860 957 2897 orientalibus
988 2859 1089 2907 initi,
1130 2859 1217 2896 duas
1248 2857 1435 2894 orientales
1465 2857 1621 2905 legiones
