1916 3210
293 173 392 223 486
760 170 993 219 GEORGII
1026 170 1266 217 GEDRENI

292 289 487 338 ἐδεξιοῦτο
510 284 603 336 τοὺς
623 283 700 329 ὑπὸ
719 289 837 340 χεῖρα
846 315 860 336 ,
895 282 975 327 ἀπὸ
993 286 1066 338 τῆς
1087 282 1287 338 εὖσεβείας
1306 280 1498 342 πρότερον
1515 280 1736 343 ἀρξάμενος

293 356 569 411 ἀγαθοεργεῖν,
634 352 845 396 ἐνδέουσαν
877 351 955 410 γὰρ
984 352 1057 407 τὴν
1087 350 1290 408 πρόσοδον
1317 356 1391 407 τῆς
1419 350 1594 408 μεγάλης
1621 353 1736 404 εἲὸὢς

292 422 501 476 ἐκκλησίας
517 419 587 463 ἅτε
610 417 819 474 οῗκονόμος
836 418 986 474 ταύτης
1005 416 1211 476 γενόμενος
1228 420 1270 462 ἐν
1286 426 1370 470 τοῖς
1390 418 1620 477 ἔμπροσθεν
1633 419 1736 479 χρό-

291 506 396 540 νοις,
430 490 497 530 καὶ
516 492 596 530 τῶν
617 486 748 531 ἄλλων
769 485 935 538 ὁπόσαις
950 485 1237 545 ὑπηρετεῖσθαι
1255 485 1353 538 ἔθος
1372 487 1484 545 παρὰ
1502 491 1575 531 τοῦ
1587 487 1739 544 ταύτης

292 554 466 613 κλήρου,
513 553 757 611 ὀγδοήκοντα
779 557 949 613 χρυσίου
977 557 1115 612 λίτρας
1143 555 1220 598 ἀνὰ
1251 559 1331 598 πᾶν
1356 553 1458 603 ἔτος·
1470 559 1770 612 χορηγεῖσθαιὸ

291 623 449 674 τούτοις
485 621 706 666 τετύπωκεν
743 623 821 666 ἀπὸ
850 627 923 668 τοῦ
950 627 1164 678 βασιλικοῦ
1191 624 1371 677 ταμιείου
1404 624 1460 675 εἲς
1487 621 1744 680 προσθήκῆνι
1782 646 1785 649 ’

154 700 179 732 Ι)
203 701 271 736 723
296 692 460 746 ἐξέκοψε
479 692 524 734 δὲ
551 693 617 735 καὶ
646 691 778 734 τέλεον
803 691 1045 749 ἄπερρίζωσε
1070 691 1117 734 τὸ
1146 690 1424 748 ἀλληλέγγυον,
1459 688 1557 748 ὅπερ
1577 690 1742 746 ἐμελέτα

291 761 366 815 μὲν
382 758 403 802 ὅ
423 760 727 810 Κωνσταντΐνος
742 765 920 812 ποιῆσαι,
946 759 1018 803 οὐκ
1036 758 1195 817 ἔφθασε
1215 759 1272 801 δι’.
1339 759 1501 802 &asarmot
1521 759 1566 802 δὲ
1582 759 1649 802 καὶ
1666 757 1743 809 τὰς

293 826 480 886 φυλακὰς
496 831 576 870 τῶν
595 828 937 885 ἓγκαθειργμένων
966 825 1034 870 διά
1060 844 1172 878 τινας
1203 823 1379 878 εὐθύνας
1385 858 1400 880 ,
1443 825 1494 870 τὰ
1522 826 1597 882 μὲν
1613 823 1743 882 δημό-

293 913 364 939 σια
379 894 482 952 χρέα
500 893 762 951 χαριζόμενος
768 927 782 947 ,
812 895 1023 946 ἄποτιννῦς
1038 895 1083 938 δὲ
1098 894 1152 939 τὰ
1172 893 1366 938 ῗδιωτικά.
1432 893 1798 951 ἄπελυτρῶσατοιο

295 963 341 1006 δὲ
372 965 439 1006 καὶ
467 963 570 1014 τοὺς
591 963 877 1019 κατεχομένους
894 960 1174 1018 αῗχμαλώτους
1194 962 1236 1005 ἐν
1251 963 1516 1022 Πατζινακίᾳ.
1582 963 1741 1018 ἐτίμησε

296 1031 342 1075 δὲ
359 1032 426 1075 καὶ
447 1031 686 1087 συγκέλλους
702 1032 999 1090 μητροπολίτας
1021 1037 1147 1088 τρεῖς,
1180 1030 1251 1074 τὸν
1269 1030 1442 1088 Ἐφέσου
1459 1030 1667 1086 Κυριακὸν
1688 1028 1744 1082 ὥς

293 1103 368 1142 τοῦ
382 1097 635 1157 πατριάρχου
654 1098 857 1155 ὁμαίμονα
866 1131 881 1153 ,
915 1097 1153 1156 Δημήτριον
1171 1097 1242 1141 τὸν
1262 1099 1438 1151 Κυζίκου
1455 1095 1510 1149 ὥς
1528 1098 1617 1141 λίαν
1634 1098 1744 1156 αὐτῷ·

295 1169 363 1210 καὶ
380 1167 459 1224 πρὸ
482 1171 554 1222 τῆς
575 1168 783 1222 βασιλείας
803 1167 1082 1226 πεφιλημένον,
1116 1167 1184 1209 καὶ
1202 1166 1377 1221 Μιχαὴλ
1395 1166 1466 1210 τὸν
1491 1169 1572 1209 τῶν
1591 1166 1743 1221 Εῧχαΐ-

295 1239 377 1278 τῶν
394 1235 498 1278 καθ’
520 1233 623 1290 αἷμα
643 1235 771 1294 τούτῳ
789 1237 990 1293 ἐγγίζοντα
1008 1235 1076 1278 διὰ
1091 1234 1137 1278 τὸ
1156 1234 1370 1292 ἀναφέρειν
1385 1233 1431 1276 τὸ
1449 1232 1563 1290 γένος
1581 1235 1636 1285 εἰς
1649 1234 1744 1285 τοὺς
1755 1242 1799 1279 15

246 1311 275 1346 Β
299 1303 534 1359 λεγομένους
545 1302 777 1359 Ῥαὸηνοῦς.
838 1302 1035 1358 Ἰωάννην
1054 1303 1098 1346 δὲ
1118 1301 1188 1346 τὸν
1208 1306 1282 1345 τοῦ
1300 1302 1516 1345 ,Βασιλείου
1532 1305 1608 1345 voa
1623 1306 1745 1357 βασι-

296 1372 398 1422 λέως
415 1371 748 1429 πρωτονοτάριον,
782 1371 860 1426 ἤδη
887 1371 960 1427 τὴν
987 1369 1182 1425 κοσμικὴν
1198 1368 1430 1428 κειράμενον
1448 1371 1589 1426 τρίχα,
1622 1386 1747 1425 μετα-

297 1436 564 1493 πεμψάμενος
583 1442 650 1483 καὶ
671 1438 884 1496 σύγκελλον
905 1437 1078 1494 τιμήσας
1099 1442 1150 1495 τῇ
1175 1442 1248 1491 τῆς
1273 1437 1418 1480 ἑαυτοῦ
1436 1435 1606 1494 συζύγου
1628 1437 1747 1481 ἀδελ·
1815 1436 1820 1467 ἶ

299 1511 358 1564 φῇ
379 1505 573 1567 Θεοδώρα
593 1507 772 1565 φρουρὸν
791 1508 1019 1562 κατέστησε.
1070 1505 1245 1556 πολλοὺς
1260 1506 1304 1548 δὲ
1325 1507 1392 1548 καὶ
1413 1510 1493 1548 τῶν
1511 1509 1748 1562 λειτουργῶν
1814 1497 1819 1513 ⁰

297 1578 372 1617 τοῦ
389 1578 490 1617 θεοῦ
509 1577 551 1617 ἐκ
571 1579 652 1618 τῶν
670 1573 944 1631 ἀλληλεγγύων
961 1576 1017 1625 εἷς
1034 1572 1204 1628 ἐσχάτην
1215 1571 1413 1623 ἐλθόντας
1429 1573 1565 1615 πενίαν
1580 1571 1802 1629 ἀνεκτή-ΞΟ

298 1658 421 1694 σατο,
455 1644 522 1685 καὶ
554 1643 650 1693 τοὺς
676 1642 823 1694 ἄλλους
855 1645 1160 1700 δυσφοροῦντας
1189 1642 1256 1682 καὶ
1284 1641 1535 1695 πιεζομένους
1561 1641 1748 1699 ἀπορίαις

298 1711 565 1766 παραμυθίας
590 1711 746 1766 ἠξίωσε.
813 1711 985 1767 παρέσχε
1003 1711 1046 1752 δὲ
1065 1711 1130 1752 καὶ
1149 1706 1369 1765 χρημάτων
1388 1712 1549 1764 πλῆθος
1564 1709 1750 1765 ἀριθμοῦ

299 1784 477 1834 κρεῖττον
496 1777 596 1835 ὑπὲρ
617 1779 817 1835 σωτηρίας
835 1783 973 1833 ψυχῆς
989 1782 1060 1820 τοῦ
1082 1777 1230 1820 ἑαυτοῦ
1255 1780 1467 1832 πενθεροῦ.
1533 1776 1678 1832 ἠξίωσε
1703 1778 1749 1820 δὲ

299 1847 587 1902 παραπλησίως
605 1848 671 1888 καὶ
691 1847 784 1897 τοὺς
804 1845 892 1889 ὅσοι
910 1850 1043 1896 κακῶς
1060 1845 1215 1887 ἴπαθον
1231 1842 1306 1886 ὕπ’
1327 1845 1466 1896 αὐτοῦ,
1489 1844 1585 1895 τοὺς
1602 1846 1676 1899 μὲν
1695 1848 1750 1896 εἷς

299 1912 510 1968 ἀξιώματα
531 1912 801 1972 προβιβάσας,
829 1914 926 1965 τοὺς
945 1914 988 1957 δὲ
1005 1916 1046 1958 ἐν
1060 1912 1237 1970 κτήμασι
1254 1913 1322 1956 καὶ
1342 1911 1490 1964 ἄλλους
1507 1913 1548 1956 ἓν
1566 1912 1748 1972 χρήμασι
1758 1924 1804 1963 25

393 2054 436 2091 16
459 2052 635 2100 ῥαδινοῦς
656 2055 687 2090 C

301 2190 369 2213 non
392 2179 573 2225 sufficere,
608 2183 648 2215 ut
677 2179 739 2226 qui
769 2179 1006 2227 superioribus
1037 2181 1251 2226 temporibus
1273 2180 1493 2227 dispensator
1513 2177 1640 2213 fuisset
1661 2177 1751 2222 eius,

301 2231 339 2258 et
369 2224 511 2261 aliarum
541 2225 666 2271 quibus
702 2226 803 2261 huius
836 2226 948 2261 clerus
981 2228 1026 2261 de
1065 2239 1160 2261 more
1190 2227 1424 2271 inserviebat,
1458 2228 1505 2262 80
1534 2224 1611 2259 auri
1644 2223 1752 2259 libras

301 2271 486 2313 quotannis
512 2283 555 2306 ex
579 2272 715 2307 aerario
737 2272 959 2317 imperatorio
982 2273 1015 2307 ei
1037 2273 1143 2318 pendi
1166 2273 1287 2316 iussit,
1311 2273 1451 2307 decreto
1476 2283 1518 2305 ea
1538 2271 1581 2305 de
1604 2281 1644 2304 re
1666 2281 1752 2304 con-

303 2316 390 2349 dito.
438 2317 590 2352 abolevit
620 2317 722 2352 etiam
749 2318 1005 2363 Allelengyum,
1037 2318 1130 2362 quod
1152 2318 1403 2353 Constantinus
1433 2322 1509 2352 erat
1541 2315 1752 2360 sublaturus,

303 2360 372 2394 nisi
393 2373 483 2396 mors
506 2374 582 2397 eum
606 2363 864 2398 antevertisset.
910 2375 1069 2398 carceres
1092 2374 1230 2409 quoque
1253 2363 1402 2408 captivis
1424 2364 1468 2397 ob
1493 2366 1588 2397 certa
1610 2361 1754 2396 crimina

303 2408 510 2451 evacuavit3
543 2409 681 2453 publica
709 2409 825 2443 debita
856 2409 1002 2453 dimisit,
1034 2409 1174 2453 privata
1196 2409 1378 2455 persolvit.
1421 2407 1568 2442 redemit
1595 2406 1754 2452 captivos

304 2463 349 2485 ex
371 2453 585 2489 Patzinacia.
610 2455 697 2488 fecit
721 2454 823 2489 etiam
845 2459 917 2489 tres
940 2454 1112 2498 syncellos
1136 2455 1385 2500 metropolitas,
1406 2453 1590 2497 cyriacum
1605 2452 1753 2498 Ephesi,

303 2502 426 2541 utpote
449 2500 739 2544 consanguineum
762 2500 992 2546 patriarchae,
1015 2501 1227 2535 Demetrium
1247 2500 1382 2544 Cyzici,
1406 2511 1506 2544 quem
1530 2498 1631 2533 etiam
1654 2502 1753 2532 ante-

305 2553 408 2585 quam
439 2545 541 2579 fieret
570 2546 759 2590 imperator
789 2546 967 2580 admodum
989 2546 1178 2590 dilexerat,
1211 2551 1246 2580 et
1267 2545 1473 2580 Michaelum
1494 2543 1753 2588 Euchaitarum,

305 2592 345 2620 ut
366 2600 493 2631 genere
513 2591 593 2625 huic
613 2591 854 2637 propinquum,
879 2593 971 2636 quod
994 2603 1016 2625 a
1034 2592 1189 2626 Redanis
1209 2591 1352 2637 stirpem
1373 2591 1533 2624 ducebat.
1578 2590 1756 2634 Ioannem,

305 2633 368 2675 qui
390 2634 511 2668 Basilii
533 2636 752 2681 imperatoris
780 2637 895 2671 fuerat
922 2637 1180 2682 protonotarius
1203 2636 1340 2682 iamque
1360 2634 1539 2679 religionis
1566 2646 1671 2669 causa
1693 2645 1755 2668 ca-

306 2683 370 2721 put
390 2686 536 2725 raserat,
561 2682 722 2716 evocavit
744 2682 999 2728 syncellumque
1021 2683 1118 2726 fecit,
1143 2687 1179 2716 et
1200 2681 1356 2726 coniugis
1378 2693 1463 2715 suae
1485 2680 1615 2715 sororis
1633 2680 1752 2714 Theo·

306 2722 413 2757 dorae
437 2726 613 2761 custodiae
635 2727 818 2772 praefecit.
865 2728 988 2762 multos
1011 2739 1116 2772 porro
1149 2727 1207 2762 dei
1238 2727 1385 2762 famulos
1416 2726 1460 2760 ad
1488 2731 1672 2761 extremam
1695 2736 1754 2759 re-

306 2767 427 2820 dactos
450 2772 647 2815 pauperiem
670 2773 887 2818 sublevavit,
924 2778 961 2808 et
990 2773 1143 2818 alioquin
1173 2773 1330 2808 adversis
1361 2772 1467 2807 rebus
1489 2782 1629 2817 pressos
1657 2771 1754 2805 refo-

307 2813 450 2850 culavit.
482 2828 544 2860 pro
569 2817 681 2853 salute
702 2818 837 2854 animae
860 2819 972 2857 soceri
992 2819 1046 2854 sui
1068 2820 1265 2855 immensam
1288 2817 1457 2866 pecuniae
1479 2817 1548 2852 vim
1574 2815 1753 2863 impendit.
