1916 3210
22 214 25 221 ·
8 0 48 157 Q

711 145 1158 191 ANNOTATIONES.
1565 144 1662 193 845

315 260 343 298 t.
358 256 395 296 11
420 269 460 309 Ρ.
479 258 556 300 171
580 269 617 297 v.
639 259 703 301 16.
760 261 843 306 τοῖς
859 260 932 300 τοῦ
951 254 1206 312 ἱπποδρόμου
1223 256 1504 312 δικαστηρίοις]
1527 258 1664 298 ibidem

201 313 315 354 fixisse
343 309 587 368 οἷσηκρήτειοι
615 314 780 368 superius
813 329 858 355 ex
888 319 1035 355 auctore
1065 329 1105 368 p.
1134 314 1215 358 543
1243 315 1410 367 legimus.
1466 314 1665 370 Σεκρὲτου

201 374 326 410 autem
355 372 456 420 sive,
493 375 534 410 ut
559 385 641 411 cum
662 372 824 411 Eusebio
845 376 872 414 7
902 375 957 414 80
981 372 1133 437 loquar,
1174 368 1380 426 Σεκρήτου
1408 373 1555 412 nomine
1585 385 1662 411 non

199 429 514 474 «ecretanbrum,
543 433 587 467 ut
607 430 716 468 vertit
734 429 938 481 interpres,
969 431 1149 476 curiam,
1177 431 1266 480 quin
1286 430 1408 482 potius
1429 430 1590 482 ipsorum
1609 430 1665 468 iu-

201 485 334 535 dicum,
363 485 585 524 censendam
602 486 780 524 existimo.
836 490 875 524 et
892 492 933 524 ut
949 486 1019 524 alia
1039 488 1151 525 missa
1169 487 1312 535 faciam,
1334 487 1423 524 satis
1444 487 1491 524 sit
1507 485 1665 525 Nicetae

199 541 240 580 in
265 539 395 580 Alexio
425 540 607 580 Manuelis
635 542 710 580 filio
737 542 1003 582 testimonium:
1043 539 1086 584 τὸ
1105 544 1180 583 τοῦ
1200 538 1414 595 Θεοδώρου
1433 540 1665 596 περικαλλὲς

200 597 371 650 οἴκημα,
410 593 634 652 ἐπαρχου”
612 613 727 647 οντος
754 600 827 651 τῆς
848 594 1002 648 πόλεως
1019 598 1088 640 καὶ
1106 596 1152 640 vo*
1172 602 1253 639 τῶν
1276 599 1488 640 οἰκειακων
1508 598 1664 640 διέπον-

199 668 269 702 τος
285 653 481 708 asamar,
504 657 561 710 τῷ
577 655 858 725 δικαιοδοτικςιῖ
876 670 917 696 τε
936 652 1076 723 θρόνῳ
1093 655 1374 710 ἔμπρέποντος.
1430 656 1589 696 Basilius
1608 660 1665 697 et-

198 710 273 751 iam
292 711 397 750 infra.
410 715 563 751 renovat
579 709 649 752 τὸν
670 697 936 766 ἱππόδρομον,
964 708 1099 755 τόπων
1117 714 1326 754 δικαστῶν.
1385 706 1516 753 Gon.

311 780 339 816 t.
357 777 393 816 11
419 781 610 830 p-172v.
630 779 669 822 5
725 777 998 834 καθηγεμῶν]
1043 781 1242 834 improprie
1267 781 1474 833 princeps,
1511 782 1661 835 proprie

195 835 378 885 superior
395 841 432 871 et
440 837 710 887 praepositus.
772 837 908 876 GoAR.

311 889 366 928 ib.
399 903 435 930 v.
465 895 506 934 7.
561 895 614 949 τῇ
633 892 677 933 δὲ
695 895 768 946 τῆς
787 894 938 942 οἰκείας
958 889 1125 946 νύμφης
1142 893 1389 950 περιπλοκῇ]
1419 898 1457 934 et
1479 895 1531 933 sic
1548 907 1659 946 snpra

197 959 366 999 quoque,
413 948 475 987 ubi
515 949 563 988 de
595 952 859 989 summovendo
886 951 1039 990 Theocti
1044 956 1103 989 sto
1129 951 1272 990 Bardas
1307 953 1440 990 dicitur
1464 951 1658 1002 cogitasse

197 1004 309 1044 filium
327 1004 454 1044 habuit
470 1005 614 1045 Bardas
631 1006 860 1058 Antigonum
878 1009 1119 1048 domesticum
1141 1007 1356 1046 scholarum.
1412 1008 1508 1046 Xn..

307 1077 339 1116 t.
354 1072 391 1111 ΙΙ
418 1086 455 1125 Ρ
473 1075 554 1116 173
573 1087 608 1112 v.
630 1075 692 1115 18.
753 1073 970 1128 ἱδρυμένην
992 1073 1130 1128 νίκην]
1161 1077 1198 1114 in
1229 1076 1359 1114 eadem
1385 1079 1496 1127 porta
1514 1074 1658 1115 labores

194 1127 363 1170 Herculis
383 1129 514 1183 sculpti
532 1143 650 1182 usque
668 1130 780 1170 hodie
797 1133 974 1171 visuntur.
1026 1132 1283 1173 Leunclavius.
1341 1133 1479 1170 Gom.

307 1195 363 1235 ib.
397 1210 432 1238 v.
462 1199 530 1240 19.
555 1194 756 1251 Δεύτερον
772 1200 843 1238 1οεί
861 1213 996 1239 nomen
1017 1204 1087 1250 est,
1116 1204 1157 1239 ut
1178 1203 1217 1239 et
1232 1199 1482 1239 Hebdomum.
1517 1200 1659 1239 Secun-

193 1254 284 1294 dum
305 1258 492 1304 venerea,
519 1259 563 1295 nt
580 1259 620 1295 et
637 1256 812 1305 stonum,
856 1258 958 1307 quod
985 1270 1071 1295 mox
1093 1258 1280 1308 sequitur,
1323 1255 1543 1307 Angustiae,
1587 1258 1658 1295 nisi

194 1312 379 1351 Graecum
393 1313 581 1364 proprium
598 1313 756 1352 retinere
771 1317 991 1365 praestaret.
1047 1309 1193 1366 πάγιαι
1218 1312 1316 1352 forte
1343 1317 1428 1351 sunt
1458 1309 1656 1366 πήγματα

190 1368 288 1409 er..
345 1368 495 1408 obelisci
517 1372 556 1408 et
578 1369 791 1438 pyramides
808 1370 858 1408 ad
872 1369 1063 1409 Deuteron
1083 1374 1239 1410 erectae.
1294 1369 1457 1410 Lexicon
1484 1383 1539 1409 ms
1570 1370 1659 1412 bibl.

191 1424 289 1476 Reg·
308 1419 433 1479 πᾶγοι
452 1441 495 1466 αι
483 1424 643 1478 ἐξοχαὶ
666 1440 745 1465 των
766 1421 876 1478 ὅρων
893 1426 962 1467 καὶ
979 1442 1061 1467 των
1077 1429 1246 1481 πετροῖν.
1304 1427 1443 1468 GOAR.

304 1490 402 1529 ibid.
464 1491 721 1545 διαιταρίοις]
745 1491 930 1530 excubias
940 1501 1158 1545 perpetua-9
1173 1493 1399 1546 agentibus.
1462 1495 1600 1536 GOAR.

301 1565 332 1602 t.
351 1561 384 1600 ll
412 1575 450 1613 Ρ.
478 1560 556 1602 175
579 1572 614 1598 v.
635 1561 677 1600 9.
709 1557 755 1601 τὸ
771 1558 967 1613 Βὲνετον]
999 1575 1047 1601 en
1066 1562 1134 1600 tibi
1153 1567 1328 1614 quattuor
1344 1562 1543 1602 factionum
1562 1564 1658 1602 ludis

189 1619 228 1657 in
244 1618 474 1669 equestribus
498 1616 659 1664 colores,
701 1617 890 1656 caeruleus
907 1619 1035 1656 viridis
1054 1619 1160 1657 albus
1189 1623 1229 1658 et
1257 1631 1408 1668 roseus,
1455 1632 1550 1670 quos
1576 1620 1658 1659 aliis

187 1675 396 1714 nominibus
412 1675 615 1713 simocatta
636 1674 805 1712 Zonaras
826 1679 864 1713 et
884 1675 944 1714 alii
964 1680 1096 1715 vocant
1112 1671 1325 1729 ηἐράνεον,
1353 1671 1533 1728 χλοαζον,
1557 1691 1659 1730 πορ-

189 1733 350 1785 φυροῦν
368 1728 473 1771 xal'
456 1727 625 1784 ἄσπρον.
681 1731 819 1770 GoAn.

301 1786 357 1826 ib.
388 1800 423 1826 v.
453 1789 519 1830 13.
576 1783 921 1841 πρωτονοταριος]
950 1785 1293 1843 ὑπογραμματέων
1323 1791 1502 1843 πρῶτος,
1539 1793 1581 1828 ut
1600 1789 1656 1829 lo-

187 1845 314 1896 quitur
330 1844 578 1884 Damascenus
591 1844 861 1883 Subdiaconus.
919 1846 1059 1886 GoAn.

300 1904 332 1940 t.
348 1901 382 1940 Π
410 1915 449 1954 Ρ.
471 1901 552 1943 176
580 1913 614 1941 V.
645 1902 684 1942 8.
751 1899 925 1953 ψωμοῧ]
967 1902 1015 1940 ab
1044 1902 1114 1940 hac
1147 1914 1239 1941 voce
1270 1915 1423 1952 panem
1457 1904 1652 1941 usitatum

187 1957 305 2011 ψωμί
325 1958 462 1998 Graeci
477 1960 700 2008 nuncupant.
759 1958 823 1994 ins
841 1957 1050 2007 Xylander,
1078 1958 1145 1997 sed
1162 1958 1311 1998 insulse.
1370 1960 1506 1998 GoAn.

299 2013 355 2052 ib.
387 2027 423 2055 v.
454 2016 492 2055 9
549 2012 855 2065 asbestozyrum]
897 2026 1041 2054 caseum
1079 2027 1155 2053 non
1183 2015 1400 2054 exstinctum
1424 2017 1473 2054 ad
1499 2017 1649 2055 verbum

187 2075 317 2111 sonat.
346 2071 434 2122 quid
453 2070 507 2109 rei
525 2071 594 2119 sit,
624 2070 719 2109 malo
738 2071 828 2108 alios
844 2071 1018 2110 iudicare.
1074 2072 1114 2109 id
1134 2071 1282 2122 quidem
1305 2077 1472 2124 apparet,
1502 2085 1650 2112 caseum

186 2129 316 2167 rudem
339 2133 377 2168 et
393 2127 530 2166 minimi
546 2128 656 2195 pretii
675 2127 921 2168 suisse.Xv1..
980 2128 1196 2179 coagulum
1225 2128 1312 2167 calci
1333 2130 1469 2168 dilutae
1488 2130 1650 2168 densiori

187 2184 322 2235 simile,
351 2185 450 2224 unde
469 2185 572 2222 audit
594 2179 895 2238 ἄσβεστότυρον.
954 2198 1113 2222 caseum
1134 2199 1214 2222 non
1233 2186 1472 2223 exetinetum
1493 2186 1650 2238 explicat

185 2241 396 2292 Xylander.
438 2253 487 2280 an
511 2240 563 2279 illi
588 2241 813 2291 quandoque
840 2241 932 2279 arsit
952 2241 1198 2293 coagulum?
1255 2243 1390 2281 utinam
1415 2243 1650 2294 proverbium

186 2299 418 2350 perciperet,
449 2312 530 2345 οτις
549 2292 675 2349 ἕκοῖην
695 2297 751 2345 εἰς
773 2294 816 2338 τὸ
835 2272 1101 2353 ὄξυνόγαλον,
1132 2301 1246 2354 φυσᾷ
1265 2297 1334 2339 καὶ
1356 2296 1400 2340 τὸ
1417 2301 1649 2352 κουρκοῦτι,

180 2354 338 2405 pultem
359 2355 566 2406 exsufflat,
610 2355 683 2405 qui
702 2368 804 2405 evag
781 2354 871 2391 ‘rulo
893 2355 1061 2393 adustus
1090 2363 1168 2393 est:
1206 2358 1243 2394 in
1261 2355 1380 2408 planis
1401 2369 1527 2396 errans
1551 2356 1650 2396 sale·

185 2412 296 2450 brosa
316 2425 391 2450 non
411 2416 629 2463 permearet,
657 2424 730 2450 uno
750 2412 874 2460 verbo,
903 2418 1062 2464 saperet.
1120 2413 1257 2451 GoAn.

297 2473 323 2507 t.
343 2469 376 2506 11
404 2482 441 2520 p.
466 2470 544 2509 177
566 2481 600 2507 V.
619 2466 658 2507 4.
717 2469 947 2516 Κολωνείας
970 2466 1188 2522 πρόεδρος]
1217 2470 1267 2507 ad
1283 2470 1437 2521 patriam
1455 2468 1647 2507 Coloniam

184 2523 296 2564 Asiae
310 2525 458 2574 urbem,
499 2527 553 2566 68
576 2524 693 2562 locum
711 2525 810 2564 inter
829 2527 1064 2578 episcopatus
1085 2528 1185 2579 apud
1204 2527 1388 2565 Codinum
1407 2539 1503 2564 nunc
1520 2529 1650 2564 tenen-

183 2584 278 2629 tem,
312 2580 496 2620 alludebat
520 2580 671 2620 Grillus.
725 2582 862 2620 GoAR.

295 2636 350 2674 ib.
382 2651 418 2676 v.
448 2639 487 2678 8
545 2634 817 2690 ἐκφωνήσεις]
848 2639 1097 2689 orationibus,
1132 2653 1224 2690 quas
1251 2640 1435 2676 collectas
1458 2652 1643 2686 vocamus,

184 2693 364 2732 submissa
384 2707 473 2732 voce
487 2694 675 2745 perlectis,
712 2696 963 2734 conclusiones
982 2709 1116 2735 sonora
1137 2696 1359 2748 modulaque
1376 2710 1463 2736 voce
1480 2710 1502 2736 a
1521 2709 1644 2735 sacer-

181 2750 271 2788 dote
288 2751 458 2802 prolatae
476 2755 564 2789 sunt
581 2748 840 2817 ἐκφωνήσεις.
896 2754 1035 2791 GOAR.

294 2805 349 2845 ib.
380 2820 415 2846 v.
447 2807 514 2850 14.
572 2803 745 2861 φελόνην
770 2805 1001 2858 ἀναστείλας
1027 2806 1226 2863 κρούμασι
1256 2808 1456 2864 χρῆσθαι]
1486 2810 1642 2850 obscura
