1916 3210
767 198 1048 244 HISTORIA.
1530 193 1627 242 643

173 314 323 360 animm·
341 310 516 374 τρυφήν,
550 314 618 357 καὶ
636 313 741 369 μηδὲ
761 316 842 357 τῶν
867 312 969 371 πρὸς
993 312 1131 371 χρείαν
1159 311 1389 368 ἐπιτηδείων
1412 310 1478 353 καὶ
1505 308 1627 367 ἀναγ-

172 385 299 428 καίων
324 383 586 439 ἀποστεροῦν,
626 383 692 425 καὶ
721 381 817 432 τοὺς
845 381 1123 440 ἀγρογείτονας
1154 386 1227 437 τῆς
1258 381 1301 423 ἐκ
1329 383 1410 424 τῶν
1439 383 1628 434 μοναχιῦν

171 449 395 507 κακότῃ-ος
418 453 486 494 καὶ
506 452 733 501 πλεονεξίας
750 450 1002 507 ἐλευθεροῦν.
1070 449 1094 493 ὃ
1111 451 1179 493 καὶ
1202 449 1288 492 εἴθε
1308 451 1364 499 εἷς
1384 448 1497 498 τέλος
1517 447 1631 505 αὐτῷ

172 519 441 578 κατώρθωται,
470 518 543 562 οὔκ
561 520 624 562 ἐπὶ
644 526 728 569 τοῖς
751 520 943 573 σεμνείοις
959 516 1098 572 μόνοις
1117 517 1213 560 ἀλλ’
1233 519 1297 560 ἐπὶ
1315 524 1398 567 τοῖς
1416 517 1628 571 ἐκκλησια-

137 595 166 632 ‘5
176 595 326 640 στικοῖς
342 591 464 632 πᾶσιν
480 585 632 638 ἅπλῶς.
699 585 827 637 οὕτως
843 587 917 641 μὲν
937 581 1006 630 οὗν
1022 591 1151 629 ταῦτα
1167 589 1226 645 τῷ
1243 589 1408 640 βασιλεῖ’
1419 584 1628 643 ᾠκονόμη-

173 674 266 710 ται,
298 658 367 700 καὶ
385 654 412 712 ἦ
434 649 597 711 βασιλὶς
613 659 755 698 τοῦτον
777 653 854 710 εἶχε
877 659 958 697 τῶν
973 653 1140 698 πόλεων.
1207 652 1229 697 ὃ
1248 655 1293 697 δὲ
1309 652 1560 711 πατριάρχης
1577 658 1627 710 τῇ

173 729 250 770 τοῦ
267 725 466 780 βασιλέως
479 721 671 782 ἀπλήστῳ
689 722 819 783 εὐνοίᾳ
834 721 1053 780 θαρρήσας
1069 724 1416 781 ε’φρονηματίσατο
1435 722 1528 765 κατ’
1552 722 1626 764 αὗ-
1652 730 1685 763 C

172 798 269 846 τοῦ,
295 793 368 836 οὒκ
389 791 569 848 αῖτήσεσι
587 793 654 835 καὶ
675 791 931 849 παραινέσεσι
947 789 1177 849 χρώμενος,
1206 791 1356 834 εἴποτέ
1373 807 1480 842 τινος
1500 792 1628 834 δέοιτο

173 863 243 906 καὶ
258 860 360 919 ὖπέρ
379 877 508 913 τινος,
543 860 646 903 ἀλλὰ
667 858 859 911 πολλάκις
875 858 1161 916 ἀποτυγχάνων
1181 859 1250 902 διὰ
1267 860 1313 903 τὸ
1332 864 1412 902 τῶν
1434 858 1629 914 αἲτήσεων

119 944 167 982 10
176 930 337 986 συνεχὲς
363 931 431 972 καὶ
457 928 648 987 φορτικὸν
669 928 852 979 ἀπειλαῖς
869 929 1012 985 ἐχρῆτο
1031 930 1097 971 καὶ
1118 929 1326 983 ἐπιτιμίοις
1343 926 1526 980 ἀτόποις,
1562 930 1629 970 καὶ

174 998 252 1056 εἷ’γε
272 997 331 1054 μὴ
353 998 557 1050 πείθοιτο,
592 999 658 1040 καὶ
686 1002 759 1050 τῆς
786 999 995 1051 βασιλείας
1021 996 1216 1041 ἔκπτωσιν
1241 995 1546 1050 ἀπειλούμενος,
1580 997 1627 1055 τὸ

174 1069 363 1123 δημῶδες
395 1070 514 1110 τοῦτο
551 1067 619 1109 καὶ
659 1066 1018 1122 καθημαξευμένον
1052 1066 1240 1122 ἐπιλέγων
1272 1063 1357 1108 “εἰῦ
1392 1082 1437 1108 σε
1476 1064 1627 1116 braca,

174 1140 324 1194 φοῢρνε
337 1147 349 1159 ·
385 1135 439 1178 365
453 1135 523 1178 ‘lm
543 1150 587 1178 σε
608 1132 791 1189 χαλάσω.
799 1133 827 1151 ²³
871 1132 1084 1189 ἐπεβάλετο
1108 1136 1152 1177 δὲ
1172 1135 1240 1177 καὶ
1260 1138 1500 1191 κοκκοβαφῆ
1514 1151 1628 1190 περι-

173 1208 314 1259 βαλεῖν
333 1203 498 1256 πέδιλα,
530 1207 603 1259 τῆς
622 1207 799 1254 παλαιᾶς
819 1202 1036 1261 ἱερωσύνης
1058 1201 1226 1261 φάσκων
1249 1201 1349 1246 εἶναι
1372 1202 1419 1245 τὸ
1446 1207 1629 1245 τοιοῦτον

119 1281 166 1319 15
175 1271 296 1326 ἔθος,
330 1273 398 1315 καὶ
416 1273 499 1315 δεῖν
517 1270 675 1322 τούτοις
693 1271 769 1314 κάν
789 1276 840 1328 τῇ
856 1272 925 1331 νέᾳ
945 1276 1169 1329 κεχρῆσθαι
1186 1271 1257 1314 τὸν
1276 1271 1484 1328 ἀρχιερέα·
1512 1271 1630 1327 ἱερω-

173 1339 299 1397 σύνης
318 1340 399 1398 γὰρ
416 1342 483 1383 καὶ
500 1342 710 1395 βασιλείας
728 1340 773 1382 τὸ
794 1339 992 1398 διάφορον
1006 1341 1120 1383 οὐδὲν
1138 1340 1164 1394 ἢ
1184 1342 1250 1383 καὶ
1271 1339 1404 1396 ὀλίγον
1419 1338 1519 1382 εἶναι
1537 1338 1623 1382 ἕλε-
1647 1343 1678 1377 D

173 1427 256 1468 γεν,
289 1411 332 1453 ἐν
364 1410 413 1453 δέ
437 1425 482 1466 γε
510 1415 595 1460 τοΐς
623 1409 871 1462 τιμιωτέροις
901 1410 969 1450 καὶ
998 1409 1042 1451 τὸ
1075 1410 1194 1451 πλέον
1222 1406 1328 1463 τάχα
1349 1410 1416 1450 καὶ
1439 1409 1629 1464 ἐρίτιμον.

171 1483 304 1522 ταῦτα
326 1479 371 1522 δὲ
393 1475 416 1521 ὅ
439 1477 631 1532 βασιλεὺς
646 1476 924 1531 ἐνωτιζόμενος
950 1475 1023 1520 ὑπ’
1049 1476 1195 1520 ὀδόντα
1213 1475 1442 1531 λαλούμενα
1461 1476 1627 1520 ἔσπευσε

171 1551 329 1602 μᾶλλον
349 1548 498 1604 δρᾶσαι
520 1545 548 1601 ἢ
569 1549 733 1588 παθεῖν.
801 1545 902 1588 ὅθεν
929 1550 1001 1601 τῆς
1025 1550 1105 1588 τῶν
1132 1546 1387 1602 ἀρχαγγέλων
1407 1545 1628 1601 ἐφισταμέ-

117 1626 247 1672 ωνης
260 1614 402 1673 ἑορτῆς
419 1612 539 1665 ἔξεισι
557 1615 630 1668 μὲν
651 1612 672 1657 ὃ
693 1612 945 1671 πατριάρχης
965 1616 1021 1664 εἷς
1037 1615 1082 1657 τὸ
1102 1615 1181 1668 πρὸ
1203 1620 1275 1669 τῆς
1298 1611 1471 1665 πόλεως,
1507 1618 1623 1671 φιλο-

173 1685 300 1739 τίμως
330 1683 382 1727 τὰ
414 1687 488 1738 τῆς
519 1681 660 1740 ἑορτῆς
683 1683 884 1726 ἐκτελέσαι
913 1682 1173 1735 σπουδάζων·
1219 1681 1241 1725 ὃ
1272 1683 1316 1725 δὲ
1342 1681 1534 1735 βασιλεὺς
1556 1683 1627 1725 τὸν

173 1753 316 1812 καιρὸν
337 1749 392 1803 ὥς
411 1751 577 1810 ἕρμαιον
592 1749 801 1809 ἁρπάσας,
829 1752 898 1794 ἵνα
916 1751 975 1808 μὴ
993 1750 1175 1811 θόρυβος
1190 1752 1258 1794 καὶ
1272 1749 1450 1810 τάραχος
1469 1751 1627 1807 γένηται

265 1861 291 1898 6
310 1859 447 1897 τοῦτον
468 1861 625 1907 Goarus,
648 1859 786 1897 τοῦτον
807 1861 836 1895 Ρ

171 1963 304 2000 ‘euque
336 1951 481 1989 delicias
514 1953 715 1998 auferebat,
751 1963 864 1998 neque
892 1955 1006 1988 tamen
1038 1952 1085 1988 iis
1119 1962 1208 1998 quae
1237 1953 1281 1988 ad
1307 1962 1404 1987 usum
1432 1951 1630 1987 necessaria

174 2003 293 2035 essent
314 1999 496 2046 privabat3
528 2004 565 2033 et
583 1999 768 2043 finitimos,
799 1999 837 2033 id
859 2005 914 2034 est
936 1998 997 2044 qui
1022 1999 1236 2044 propinquos
1260 2011 1363 2043 agros
1386 1998 1575 2042 haberent,
1607 2010 1630 2032 a

170 2045 415 2080 monachorum
438 2044 596 2080 molestia
615 2050 652 2080 et
673 2045 822 2080 avaritia
844 2045 1028 2080 liberabat.
1062 2045 1156 2090 quod
1178 2045 1307 2079 utinam
1331 2045 1374 2078 ad
1398 2044 1527 2079 exitum
1549 2044 1628 2089 ipse

171 2091 326 2127 feliciter
343 2090 575 2137 perduxisset,
608 2102 677 2125 non
697 2090 806 2126 solum
827 2091 865 2125 in
887 2091 1107 2125 monasteriis
1130 2092 1193 2125 sed
1214 2090 1252 2124 in
1275 2091 1431 2124 omnibus
1454 2091 1559 2124 rebus
1582 2090 1628 2124 ad

172 2137 355 2173 ecclesiam
378 2137 515 2172 omuino
537 2136 788 2183 spectantibus.
817 2136 867 2171 ita
889 2136 999 2182 igitur
1021 2148 1078 2171 res
1104 2137 1148 2171 ab
1170 2137 1214 2170 im
1242 2142 1379 2170 eratore
1403 2135 1628 2170 administra-

171 2189 233 2219 tae
255 2188 358 2228 suut,
387 2187 425 2217 et
442 2182 542 2228 regia
561 2183 644 2217 urbs
664 2183 701 2216 in
724 2182 790 2217 hoc
813 2187 907 2217 statu
928 2187 1015 2216 erat.
1063 2149 1265 2227 patriarciia
1286 2188 1398 2216 autem
1421 2181 1626 2226 inexplebili

172 2228 418 2264 benevolentia
437 2229 550 2263 fretus
572 2228 793 2274 imperatoris
812 2234 933 2262 contra
955 2228 1067 2273 ipsum
1091 2227 1200 2262 elatus
1225 2233 1289 2271 est,
1313 2239 1382 2262 non
1398 2227 1628 2272 petitionibus

172 2275 276 2310 modo
300 2279 337 2309 et
357 2273 648 2308 admonitionibus
670 2280 784 2318 utens,
816 2273 848 2307 si
871 2275 1007 2318 quando
1036 2273 1182 2308 alicuius
1204 2273 1258 2307 rei
1281 2277 1318 2308 et
1343 2285 1408 2319 pro
1432 2273 1548 2318 aliquo
1570 2273 1627 2306 in-

173 2321 325 2366 digeret,
346 2331 466 2355 verum
489 2331 596 2364 saepe
615 2319 753 2353 minime
775 2319 849 2353 voti
873 2331 1013 2364 compos
1037 2325 1183 2365 propter
1203 2319 1406 2365 frequentes
1430 2325 1466 2354 et
1487 2318 1626 2353 odiosas

200 2366 386 2411 etitiones,
420 2365 530 2400 minas
554 2371 591 2400 et
611 2365 779 2400 absurdas
800 2365 1056 2410 increpationes
1081 2364 1289 2410 adhibebat,
1321 2376 1363 2399 ac
1384 2364 1453 2399 nisi
1474 2371 1627 2411 pareret,

173 2412 313 2459 imperii
335 2411 554 2447 amissionem
577 2411 790 2455 minabatur,
821 2411 966 2455 vulgare
997 2417 1033 2445 et
1062 2411 1180 2446 tritum
1204 2411 1270 2446 hoc
1292 2411 1420 2446 dictum
1444 2411 1628 2457 proferens

171 2455 263 2504 “ego
288 2463 325 2493 te
346 2458 498 2499 condidi,
525 2458 639 2501 furne,
663 2469 728 2502 ego
752 2462 788 2491 et
809 2461 846 2491 te
868 2453 1066 2492 deiiciam.”
1109 2468 1295 2502 aggressus
1318 2464 1371 2492 est
1394 2457 1497 2491 etiam
1521 2468 1626 2491 cocco

172 2505 284 2540 tincta
306 2504 452 2539 induere
474 2502 715 2546 calciamenta,
756 2502 889 2548 antiqui
910 2502 1098 2537 sacerdotii
1116 2514 1243 2538 morem
1267 2503 1358 2537 hunc
1380 2514 1563 2547 asserens,
1591 2508 1627 2537 et

173 2555 339 2597 oportere
363 2549 416 2584 his
438 2549 489 2585 uti
512 2560 637 2584 novum
660 2561 728 2595 quo
757 2561 799 2584 ue
820 2548 1141 2595 archiepiscopum:
1170 2560 1248 2583 nam
1279 2549 1373 2584 inter
1394 2549 1626 2584 sacerdotium

174 2602 212 2632 et
229 2607 372 2642 regnum
394 2595 480 2630 nihil
501 2595 672 2630 interesse
694 2607 738 2630 ve
771 2595 951 2630 admodum
973 2606 1114 2641 parum,
1146 2600 1182 2630 et
1211 2595 1248 2630 in
1277 2597 1382 2630 rebus
1403 2595 1624 2641 pretiosiori-

172 2643 239 2678 bus
262 2642 409 2688 amplius
429 2642 581 2677 fortasse
602 2646 639 2676 et
661 2641 771 2687 magis
793 2640 970 2675 colendum
991 2641 1235 2676 sacerdotium.
1282 2642 1370 2684 haec
1391 2641 1536 2676 audiens
1558 2641 1625 2675 im-

171 2694 316 2734 perator
347 2687 440 2722 illum
469 2687 703 2723 mussitantem
735 2687 868 2722 studuit
897 2687 1012 2732 potius
1035 2686 1167 2732 aliquid
1193 2687 1270 2733 ipse
1293 2693 1496 2733 perpetrare
1521 2698 1624 2732 quam

171 2734 261 2780 pati.
307 2744 415 2779 quare
444 2745 519 2768 cum
551 2733 836 2778 archangelorum
866 2733 941 2768 dies
973 2733 1084 2768 festus
1106 2733 1324 2778 advenisset,
1357 2733 1536 2778 egreditur
1559 2745 1623 2778 pa-

171 2779 327 2815 triarcha
349 2781 394 2815 ad
416 2781 613 2815 suburbana
634 2780 722 2824 loca,
746 2784 786 2814 ut
808 2778 858 2814 ibi
881 2779 1036 2814 studiose
1058 2790 1100 2814 ac
1121 2779 1256 2814 solenni
1274 2779 1346 2814 ritu
1367 2791 1456 2824 quae
1472 2780 1515 2814 ad
1532 2780 1623 2814 diem

171 2826 299 2861 festum
317 2825 534 2872 pertinerent
554 2830 752 2872 perageret.
799 2825 988 2871 imperator
1009 2831 1123 2860 autem
1146 2832 1185 2861 ut
1206 2826 1302 2860 lucro
1325 2826 1393 2860 sibi
1422 2825 1536 2861 oblata
1561 2838 1623 2859 oc-

171 2871 313 2908 casione
333 2877 486 2920 arrepta,
511 2871 644 2909 veritus
667 2883 711 2908 ne
730 2870 809 2918 quis
830 2870 995 2908 tumultus
1017 2877 1077 2908 aut
1100 2872 1318 2920 perturbatio
1340 2872 1454 2918 fieret,
1478 2879 1623 2908 turmam
