1890 3236
1649 152 1659 169 <

302 184 402 232 360
765 181 1018 227 GEORGII
1046 181 1288 226 GEDRENI

302 298 439 347 αὐτοῖς
463 292 756 352 ἀπαρασκεύοις
775 298 1002 350 γειτονῆσαι
1019 294 1116 346 τοὺς
1134 292 1372 350 πολεμίους,
1404 295 1574 352 Πανικῷ
1592 295 1752 350 &apaan

302 363 563 419 συσχεθέντες
590 364 657 405 καὶ
684 363 730 405 τὸ
761 361 915 406 ἑαυτῶν
945 360 1228 413 καταλιπόντες
1251 359 1522 420 στρατόπεδον
1542 361 1694 420 ἔφυγον
1707 362 1752 406 ἐκ

301 436 376 476 τοῦ
399 431 558 485 Ῥηγίου
588 431 656 473 καὶ
684 430 785 487 πρὸς
815 431 889 486 τὴν
914 432 1099 474 Σικελίαν
1123 428 1484 488 διεπεραιώθησαν.
1529 429 1753 489 «ἔνκδὲεἶςῷ

302 500 404 556 πρὸς
434 497 656 554 Πάνορμον
690 499 881 542 ἀποπλεῖν
910 497 1128 559 βαρυτάτῳ
1154 503 1323 554 χειμῶνι
1357 494 1753 557 metuendam-,maz

301 571 383 611 τῶν
414 570 580 623 σκαφῶν
607 564 686 609 ’ὑπὸ
718 571 791 611 τοῦ
818 565 1020 618 κλύδωνος
1057 568 1366 625 συντριβέντων,
1412 569 1568 622 μᾶλλον
1599 566 1644 610 ὀὶ
1672 563 1786 610 MS

303 638 489 692 Χριστοῦ
506 638 580 678 τοῦ
597 638 698 678 θεοῦ
717 640 790 679 τοῦ
809 637 911 693 παρ’
930 636 1069 680 ,αὐτῶν
1090 635 1457 694 βλασφημουμένου
1467 665 1483 688 ,
1516 632 1774 678 &comta-w„

305 703 490 753 ἅπαντες.
557 704 792 747 σπένδονται
818 706 951 748 τοίνυν
982 711 1066 756 τοῖς
1085 703 1316 760 Ῥωμαίοις,
1350 705 1418 747 καὶ
1449 699 1775 759 διετηρῆθη.τᾶ.

302 775 376 827 τῆς
406 769 564 829 εῗρήνης
590 772 709 830 μέχρι
737 777 810 828 τῆς
837 771 1094 831 ἀναρρήσεως
1122 778 1196 817 τοῦ
1230 775 1372 816 Φωκᾶ.
1437 770 1530 830 ἄρτι
1561 772 1605 815 δ’
1637 764 1765 823 οὗτος-

305 839 593 897 ἀναγορευθεὶς
619 839 832 896 βασιλεύς,
871 842 975 900 πέρα
1001 844 1141 885 δεινῶν
1166 839 1416 898 ἡγησάμενος
1441 841 1760 898 δασμοφορῆσαι
1786 901 1789 903 Β

305 910 577 965 Σαρακηνοΐς,
610 909 680 952 τὸν
698 906 927 966 Μανουήλ,
961 908 1016 960 ὥς
1037 910 1216 965 εἴπομεν,
1250 910 1482 953 ἀποστέλλει
1503 906 1754 963 μετὰδυνά-
1765 912 1825 948 10·

304 993 412 1031 μεως
431 977 525 1020 κατ’
551 976 699 1021 αὐτῶν.
765 973 883 1029 οὗτος
901 979 946 1021 δὲ
961 979 1053 1021 νέαν
1073 978 1182 1036 ἄγων
1202 977 1275 1033 τὴν
1293 975 1451 1034 ἡλικίαν
1467 978 1536 1020 καὶ
1556 977 1758 1035 στρατιώ-

304 1062 396 1096 ταις
417 1044 739 1102 κατατετάχθαι,
773 1046 822 1089 οὖ
847 1045 928 1102 μήν
950 1063 993 1103 γε
1019 1048 1086 1090 καὶ
1113 1054 1346 1104 στρατηγεῖν
1375 1045 1487 1096 ἄξιος
1511 1043 1591 1098 ὤν,
1622 1042 1758 1103 ὑπάρ-

300 1130 388 1168 χων
420 1114 465 1156 δὲ
496 1116 562 1157 καὶ
592 1119 755 1165 πολλοῖς
782 1114 920 1166 ἄλλοις
940 1113 1092 1159 πάθεσι
1113 1113 1354 1170 κατάσχετος
1374 1115 1440 1157 καὶ
1459 1114 1585 1169 μηδὲν
1604 1117 1685 1158 τῶν
1703 1115 1754 1157 τὰ

164 1182 192 1216 Ρ
216 1182 282 1219 654
305 1183 471 1239 κρείττω
500 1183 858 1238 συμβουλευόντων
884 1182 1240 1242 ἐπιστρεφόμενος,
1274 1183 1315 1225 ἕν
1335 1199 1416 1227 τισι
1437 1180 1574 1233 τόποις
1592 1183 1758 1240 τραχέσι

305 1267 349 1293 τε
385 1252 452 1293 καὶ
490 1250 710 1306 δυσβάτοις
743 1257 816 1308 τῆς
849 1255 1031 1303 Σικελίας
1068 1252 1170 1307 μετὰ
1205 1251 1354 1302 παντὸς
1380 1251 1660 1302 ἀποκλεισθεὶς
1681 1254 1756 1294 τοῦ
1767 1253 1812 1291 15

307 1322 484 1376 στρατοῦ
508 1322 778 1377 παραδίδοται
803 1322 1077 1380 πανωλεθρία.
1145 1318 1250 1362 ἑάλω
1275 1321 1317 1362 δὲ
1345 1320 1513 1376 ζωγρίας
1538 1321 1604 1362 καὶ
1627 1316 1760 1375 Νική-

305 1403 381 1436 τας
410 1389 617 1444 πατρίκιος
645 1391 712 1431 καὶ
743 1394 816 1432 τοῦ
848 1387 992 1433 στόλου
1027 1387 1293 1447 δρουγγάριος
1319 1386 1340 1431 ὃ
1370 1388 1581 1442 εὐνοῦχος,
1613 1389 1681 1430 καὶ
1703 1390 1780 1439 εἷς.

301 1455 497 1511 Ἀφρικὴν
523 1457 684 1511 δέσμιος
711 1458 919 1512 πέμπεται.
987 1460 1053 1500 καὶ
1077 1456 1097 1499 ὃ
1119 1458 1191 1512 μὲν
1212 1456 1417 1512 Μανουὴλ
1439 1453 1627 1511 τοιαύτης
1646 1455 1760 1512 ἔτυχε

307 1526 381 1578 τῆς
412 1530 719 1583 καταστροφῆς,
753 1527 963 1584 παραίτιος
996 1526 1195 1577 ἀπωλείας
1224 1522 1432 1582 γενόμενος
1462 1525 1531 1568 καὶ
1555 1525 1676 1568 παντὶ
1701 1529 1759 1585 τῷ

307 1595 484 1649 στρατῷ.
1765 1597 1834 1633 20.

438 1658 488 1702 ‘O
515 1660 563 1717 δὲ
584 1660 775 1714 βασιλεὺς
799 1661 841 1704 ἐν
868 1659 997 1720 τούτῳ
1019 1664 1078 1719 τῷ
1091 1658 1226 1719 χρόνῳ
1247 1660 1433 1715 ἐκπέμπει
1454 1660 1556 1703 κατὰ
1576 1661 1760 1711 Κιλικίας

305 1724 493 1782 Ἰωάννην
514 1726 737 1786 μάγιστρον
755 1731 823 1772 καὶ
843 1730 1077 1784 δομέστικον
1097 1734 1178 1772 τῶν
1197 1733 1352 1783 σχολῶν
1373 1732 1445 1783 τῆς
1465 1727 1662 1784 ἀνατολῆς
1679 1727 1760 1784 ἤδη

309 1796 656 1851 προβεβλημένον,
689 1797 759 1840 τὸν
787 1799 1021 1852 Τζιμισκῆν.
1087 1795 1295 1853 γενόμενος
1320 1799 1345 1839 δ
1352 1797 1363 1812 ’
1391 1791 1508 1847 οὗτος
1526 1797 1628 1853 πρὸς
1644 1795 1781 1840 πόλιν.

258 1867 288 1902 Β
303 1862 475 1907 Ἄδαναν
483 1895 497 1916 ,
527 1866 594 1906 καὶ
614 1869 772 1919 πλῆθος
788 1866 1028 1920 καταλαβὼν
1045 1867 1255 1908 ἐπιλέκτων
1269 1866 1496 1923 Ἀγαρηνῶν
1513 1866 1764 1922 συνειλεγμέ-

404 1992 423 2026 1
446 1990 628 2036 πολέμους
651 1993 681 2029 C
802 1994 825 2029 Β
847 1991 917 2039 τὴν
940 2006 993 2029 om
1017 1994 1047 2029 C
1162 1991 1443 2040 ἐπεραιώθησαν
1467 1993 1498 2028 C
1609 1994 1633 2030 7
1657 1990 1764 2030 σπέν-

401 2038 529 2079 δοντες
550 2039 582 2073 Ο
718 2039 762 2075 12
785 2043 998 2086 στρατηγοῖς
1019 2041 1050 2075 C

311 2149 514 2195 ingruerent
536 2151 581 2186 de
603 2151 715 2187 salute
745 2163 808 2188 sua
840 2153 988 2198 soliciti,
1025 2152 1155 2188 Panico
1189 2156 1326 2188 terrore
1355 2152 1522 2188 concitati
1551 2155 1668 2189 castra
1698 2164 1781 2190 sua-

310 2196 559 2242 deseruerunt,
593 2197 784 2243 relictoque
816 2199 930 2244 Regio
962 2201 1047 2244 fuga
1075 2200 1113 2234 in
1133 2199 1288 2233 Siciliam
1311 2199 1574 2235 contenderunt.
1620 2210 1785 2246 eumque.

310 2242 380 2275 iam
410 2243 582 2277 Panormo
614 2245 838 2288 accederent,
880 2245 1094 2280 atrocissima
1132 2247 1254 2280 oborta
1284 2250 1511 2290 tempestate,
1549 2243 1694 2290 eiusque
1726 2246 1766 2280 vi

313 2288 404 2331 (aut
429 2289 562 2323 Christi
582 2290 718 2334 verius,
743 2290 799 2324 cui
823 2290 875 2325 illi
894 2291 1000 2337 impie
1022 2291 1295 2336 maledicebant)
1329 2291 1478 2326 navibus
1503 2290 1663 2326 contritis
1684 2291 1766 2326 uni-

313 2333 409 2367 versi
438 2335 630 2380 perierunt.
677 2336 759 2370 inde
791 2348 926 2371 rursum
957 2349 1027 2383 pax
1054 2339 1149 2372 faeta
1182 2348 1256 2371 cum
1286 2337 1470 2381 Romanis,
1506 2347 1598 2381 quae
1626 2337 1781 2372 duravit.-

310 2387 422 2422 usque
456 2381 500 2414 ad
533 2381 726 2427 Nicephori
757 2382 950 2429 imperium.
996 2383 1029 2417 is
1064 2382 1268 2427 simulatque
1297 2382 1476 2429 imperium
1505 2381 1659 2428 occepit,
1691 2393 1766 2417 rem

312 2423 586 2469 indignissimam
616 2428 818 2463 existimans
850 2429 1036 2464 Saracenis
1057 2429 1222 2464 tributum
1245 2429 1417 2473 pendere,
1452 2434 1574 2463 contra
1598 2439 1659 2462 eos
1685 2428 1767 2462 Ma-

314 2471 470 2516 nuelum,
502 2477 541 2506 ut
563 2473 630 2507 iam
652 2485 757 2518 supra
778 2474 947 2519 diximus,
984 2486 1060 2509 cum
1083 2474 1193 2521 copiis
1215 2474 1320 2509 misit.
1367 2473 1550 2509 Manuelus
1571 2473 1707 2508 iuvenis
1729 2477 1767 2508 et

315 2515 435 2550 militis
458 2528 560 2562 quam
583 2519 680 2553 ducis
702 2520 820 2554 officio
842 2521 948 2555 multo
972 2520 1108 2566 aptior,
1138 2519 1252 2554 multis
1279 2521 1382 2555 etiam
1410 2519 1488 2553 aliis
1518 2519 1686 2554 obnoxius
1708 2518 1766 2553 vi·-

313 2559 394 2604 tiis,
429 2574 542 2607 neque
572 2565 768 2600 sanioribus
793 2567 1035 2612 obtemperans
1060 2565 1232 2610 consiliis,
1267 2571 1304 2600 et
1325 2578 1364 2600 se
1383 2564 1496 2610 ipsum
1518 2569 1555 2599 et
1576 2565 1766 2600 exercitum

315 2609 424 2640 totum
447 2609 619 2653 perdidit,
647 2611 780 2655 asperis
804 2613 1007 2657 quibusdam
1031 2612 1174 2646 Siciliae
1198 2616 1234 2646 et
1253 2611 1359 2646 inviis
1381 2610 1467 2645 locis
1487 2610 1638 2645 inclusus
1659 2616 1767 2656 atque

315 2651 426 2686 exitio
445 2654 633 2689 demersus.
681 2663 802 2701 captus
822 2658 891 2692 fuit
910 2658 1054 2692 Nicetas
1076 2657 1252 2692 eunuchus
1268 2657 1437 2703 patricius
1457 2668 1499 2691 ac
1518 2655 1639 2692 classis
1657 2657 1766 2692 drun-

313 2697 450 2741 garius,
475 2703 511 2732 et
532 2699 568 2732 in
591 2701 744 2736 Africam
765 2703 803 2737 in
826 2704 973 2739 vinculis
996 2704 1176 2738 abductus.

406 2743 480 2778 Sub
503 2744 593 2778 idem
615 2751 748 2792 tempus
770 2749 958 2794 imperator
980 2749 1018 2783 in
1040 2749 1197 2784 Ciliciam
1220 2746 1346 2782 emittit
1364 2746 1528 2782 Ioannem
1546 2746 1766 2790 Tzimiscam,

314 2787 515 2832 magistrum
551 2791 775 2828 domesticum
809 2795 1003 2829 scholarum
1035 2795 1193 2829 Orientis
1226 2793 1294 2828 iam
1328 2797 1494 2827 creatum.
1548 2793 1580 2827 is
1612 2804 1688 2827 cum
1721 2792 1768 2827 ad

314 2833 437 2869 Adana
470 2837 708 2883 pervenisset,
744 2839 783 2874 in
812 2841 1063 2877 multitudinem
1087 2840 1212 2876 incidit
1234 2851 1278 2875 ex
1298 2838 1391 2874 omni
1411 2838 1622 2875 delectorum
1643 2837 1769 2874 cilicia
1787 2868 1790 2869 γ
