1916 3210
347 201 446 249 676
733 196 971 244 ‘IOANNIS
1006 198 1398 243 CUROPALATAE

344 312 512 370 Ἰβήρων
538 311 583 355 τὸ
610 309 721 366 γένος
746 309 910 354 ἕλκοντα
922 341 936 362 ,
967 309 1107 368 χώραν
1134 310 1282 354 δέδωκε
1313 316 1397 362 τοῖς
1426 309 1616 364 ἐναντίοις
1641 311 1799 356 ἀνακα-

352 371 554 424 λέσασθαί
578 396 619 421 τε
651 371 722 433 τὴν
749 373 872 432 ἧτταν
904 380 971 421 καὶ
998 378 1213 421 ἀντίπαλον
1245 379 1459 436 φέρεσθαι.
1526 382 1592 422 καὶ
1623 380 1700 432 ἕως
1725 381 1800 436 μὲν

352 446 760 506 ἐστρατοπεδευμένος
796 445 817 488 ὃ
852 450 931 489 τῶν
958 444 1165 501 Ῥωμαίων
1192 447 1364 503 στρατὸς
1391 447 1667 501 διεδείκνυτο.,ς
1695 448 1799 492 κατὰ

208 535 240 569 p
265 534 331 568 323
348 516 488 572 χώραν
506 513 669 556 ἐδόκουν
689 513 818 568 μένειν
839 514 876 556 οἱ
895 513 1087 571 Ἄραβες·
1122 512 1178 565 ὥς
1198 515 1241 556 δ’
1266 513 1496 569 ἀναστήσας
1514 515 1588 570 τὴν
1609 516 1801 572 στρατιὰν

353 584 454 627 εὐθὺ
475 586 547 625 τοῦ
560 582 763 639 φρουρίου
786 586 857 624 τοῦ
875 581 989 634 Ἀζᾶς
1010 581 1180 637 ἤλαυνεν
1187 614 1201 634 ,
1229 581 1399 639 ἤρξαντο
1422 581 1631 640 σποράδην
1647 583 1833 639 &edm-5

352 650 556 706 στήματος
578 650 679 692 κατὰ
707 649 752 692 τὸ
778 650 1004 704 εἰθισμένον
1026 651 1161 701 αὐτοῖς
1180 651 1488 709 ἐπιφαίνεσθαι,
1521 652 1588 694 καὶ
1616 652 1706 708 περὶ
1729 651 1814 706 τὴν

353 720 545 776 οὐραγίαν
574 714 766 769 πολλάκις
794 718 1087 772 ἐπιτιθέμενοι,
1131 718 1226 768 τοὺς
1255 719 1307 762 τὰ
1335 720 1442 762 σιτία
1470 720 1805 773 μετακομίζοντας

353 791 587 837 κακοῦντες,
615 784 785 828 ἐλύπουν
806 786 900 836 τοὺς
911 784 1134 841 Ῥωμαίους
1154 784 1209 837 ὥς
1230 785 1280 829 ἂν
1299 787 1341 837 ἐξ
1359 787 1578 844 ἐπιδρομῆς
1596 788 1666 830 καὶ
1681 785 1804 842 λόχου

353 857 428 905 τὰς
453 854 649 904 ἐπιθέσεις
668 854 708 895 ἐν
730 857 788 911 τῷ
805 852 994 908 λεληθότι
1014 853 1254 908 ποιούμενοι.
1320 847 1681 912 καταφραξάμενος
1699 855 1744 898 δὲ
1763 847 1812 898 ἐνῥ

355 930 439 973 τοῖς
465 920 671 977 ἑκηβόλοις
693 923 759 964 καὶ
782 925 1021 972 πελτασταῖς
1039 921 1060 965 ὃ
1077 922 1268 976 βασιλεὺς
1287 923 1331 965 τὸ
1351 921 1642 980 στρατόπεδον,
1671 926 1805 966 τεθω-
1815 931 1860 966 10

356 991 592 1049 ρακισμένος
610 994 665 1048 τῷ
686 991 868 1047 φρουρίῳ
888 989 1132 1047 προσβάλλει
1146 991 1261 1043 Ἀζᾶς
1277 991 1377 1045 μεθ’
1401 990 1497 1046 ὅλης
1513 995 1584 1046 τῆς
1600 995 1806 1048 στρατιᾶς,

357 1062 412 1110 εἷς
433 1058 637 1113 ’ὑποδοχὴν
656 1057 806 1112 μαθὼν
829 1056 926 1100 εἶναι
949 1058 1018 1101 τὸν
1041 1057 1163 1102 τόπον
1182 1058 1414 1114 ἐπιτήδειον.
1481 1056 1537 1110 ὥς
1562 1060 1607 1102 δὲ
1633 1075 1806 1117 προσεγ-

355 1130 470 1184 γίσας
507 1126 617 1183 αὐτῷ
654 1124 923 1182 ἐρυμνότατον
953 1125 1030 1169 εἶδε
1059 1129 1126 1170 καὶ
1153 1125 1434 1184 ὀχυρώτατον,
1481 1126 1548 1169 ἐπ’
1585 1126 1807 1184 ἀκρωρείας

306 1204 336 1238 Β
359 1195 487 1252 λόφου
530 1192 766 1248 ἱστάμενον,
811 1195 955 1249 τείχεσι
1001 1196 1154 1246 διπλοῖς
1191 1195 1501 1253 περιεζωσμένον
1539 1196 1606 1238 καὶ
1643 1195 1819 1252 πέτραις

357 1263 491 1319 ὥσπερ
522 1261 852 1320 γεγομφωμὲνον,
886 1264 1044 1318 λιθίνην
1073 1264 1148 1318 τὴν
1175 1261 1320 1306 ἄνοδον
1346 1262 1446 1319 πρὸς
1465 1262 1536 1318 τὴν
1557 1261 1684 1318 πύλην
1701 1262 1806 1305 ἀπο·
1818 1268 1861 1304 15

358 1330 602 1390 φερόμενον,
636 1329 781 1387 μικρόν
799 1348 842 1374 τε
862 1330 974 1388 ὕδωρ
997 1331 1194 1388 ἀπορρέον
1211 1333 1276 1374 καὶ
1296 1330 1355 1386 μὴ
1375 1332 1566 1388 ἐξαρκοῦν
1585 1331 1689 1388 πρὸς
1702 1328 1808 1374 ὕπο-

358 1399 483 1454 δοχὴν
500 1396 693 1441 τοσούτου
711 1403 899 1455 στρατοῦ,
929 1397 1145 1451 ἀναζεύξας
1162 1401 1218 1450 εἷς
1235 1398 1356 1442 τόπον
1372 1397 1544 1454 ἐπήξατο
1561 1398 1635 1454 τὴν
1651 1415 1809 1460 παρεμή

356 1467 483 1522 βολὴν
512 1466 614 1509 ἔνθα
643 1466 688 1509 τὸ
717 1467 829 1524 ὕδωρ
857 1466 1146 1524 ἀφθονώτερον
1174 1467 1317 1524 ἔρρεεν.
1387 1467 1564 1522 ἀναστὰς
1589 1467 1633 1511 δὲ
1656 1468 1810 1510 ἐκεῖθεν

358 1534 521 1591 ὥρμησε
551 1534 652 1590 πρὸς
680 1534 732 1577 τὰ
759 1539 832 1590 τῆς
860 1536 1126 1586 Αὖσονίτιδος
1152 1534 1267 1592 ὅρια,
1300 1537 1366 1578 καὶ
1387 1533 1647 1592 πυρπολήσας
1659 1536 1810 1593 χωρίον

358 1603 543 1658 μέγιστον
573 1600 723 1656 Κάτμα
750 1600 981 1658 λεγόμενον,
1014 1607 1071 1662 τῷ
1101 1603 1241 1663 ἀμηρᾷ
1267 1608 1340 1646 τοῦ
1360 1602 1508 1646 Χάλεπ
1527 1603 1864 1661 ἀφωρισμένονξο

360 1673 404 1713 ἐκ
435 1674 610 1712 παλαιοῦ
618 1701 630 1720 ,
667 1671 722 1720 εἷς
752 1671 885 1726 ἕτερον
909 1672 1058 1727 χωρίον
1084 1672 1271 1714 κατέλυσε
1303 1671 1510 1728 Ταρχωλὰ
1535 1669 1808 1727 κατονομαζό-

359 1755 492 1792 μενον.
560 1737 803 1791 κοπτομένου
824 1739 868 1780 δὲ
886 1743 958 1782 τοῦ
972 1737 1172 1795 χάρακος,
1207 1740 1274 1782 καὶ
1293 1744 1364 1782 τοῦ
1380 1739 1580 1794 βασιλέως
1596 1740 1808 1794 ἱσταμένου

308 1818 340 1852 (3¹
363 1806 465 1849 κατὰ
497 1805 543 1848 τὸ
571 1805 698 1855 δεξιὸν
723 1806 867 1862 μέρος,
892 1805 1063 1864 Ἄραβες
1085 1806 1158 1850 δύο
1184 1805 1377 1858 λαθόντες
1397 1806 1563 1850 κατόπιν
1585 1811 1657 1863 τῆς
1675 1807 1809 1863 ἄκρω-

363 1875 496 1933 ρείας,
530 1875 598 1916 καὶ
630 1873 725 1924 τοὺς
751 1875 900 1926 ἵππους
921 1875 1001 1919 ἀπὸ
1024 1873 1205 1934 ῥυτήρων
1222 1875 1455 1929 ἐλάσαντες,
1489 1874 1562 1919 δύο
1585 1881 1664 1920 τῶν
1683 1877 1809 1929 πεζῶν

362 2083 406 2106 ex
428 2069 542 2104 Iberis
564 2081 673 2116 genus
697 2071 864 2118 ducente,
894 2073 1045 2119 spatium
1075 2072 1174 2109 dedit
1205 2073 1362 2113 hostibus
1393 2077 1432 2109 et
1458 2072 1574 2108 damni
1598 2071 1812 2108 resarciendi

361 2123 398 2151 et
419 2116 589 2151 victoriae
610 2117 654 2151 de
677 2118 886 2153 adversariis
908 2131 947 2154 re
973 2119 1152 2154 ortandae.
1199 2125 1236 2155 et
1257 2120 1371 2166 quoad
1388 2120 1619 2155 Romanorum
1636 2118 1811 2154 exercitus

359 2162 550 2197 instructus
576 2162 627 2197 ibi
649 2163 915 2209 ostendebatur,
988 2166 1070 2200 abes
1093 2165 1337 2211 quiescebant:
1371 2165 1433 2200 ubi
1455 2177 1539 2201 vero
1561 2170 1684 2200 coacto
1707 2175 1810 2200 exer-

361 2207 434 2242 citu
457 2208 573 2253 coepit
595 2212 694 2243 recta
716 2210 760 2243 ad
783 2210 946 2255 oppidum
970 2211 1063 2246 Azae
1084 2212 1312 2256 contendere,
1339 2215 1530 2258 coeperunt
1549 2209 1665 2257 sparsi
1687 2221 1732 2246 ex
1752 2209 1809 2245 in-

362 2252 530 2297 tervallo,
562 2264 626 2287 suo
648 2265 742 2288 more
763 2255 799 2289 in
823 2256 918 2301 ipsos
939 2256 1126 2301 invadere,
1162 2263 1198 2292 et
1219 2263 1407 2293 extremum
1429 2268 1552 2303 agmen
1571 2267 1677 2302 saepe
1696 2254 1812 2291 adorti

361 2304 569 2333 commeatus
599 2299 799 2335 deferentes
826 2313 978 2347 vexare,
1013 2308 1050 2337 et
1079 2303 1217 2340 laedere
1244 2304 1440 2347 Romanos,
1473 2303 1575 2349 quasi
1603 2313 1648 2337 ex
1673 2299 1811 2337 insidiis

361 2344 447 2378 clam
467 2344 695 2389 irruptionem
716 2346 898 2382 facientes.
944 2347 1139 2394 constipato
1160 2354 1271 2385 autem
1290 2349 1482 2395 sagittariis,
1497 2354 1533 2384 et
1549 2347 1694 2383 scutatis
1709 2356 1811 2382 exer-

361 2389 455 2434 citu,
488 2390 679 2435 imperator
709 2396 860 2427 armatus
892 2404 968 2428 curn
998 2398 1072 2428 toto
1102 2395 1258 2430 exercitu
1289 2395 1333 2430 ad
1365 2395 1527 2440 oppidum
1547 2395 1642 2430 Azae
1663 2391 1811 2437 accedit,

361 2439 458 2469 ratus
491 2434 601 2469 locum
632 2437 678 2470 ad
709 2448 749 2471 se
778 2437 1014 2483 recipiendum
1043 2440 1216 2475 idoneum.
1262 2441 1326 2476 sed
1357 2440 1416 2475 ubi
1438 2440 1506 2494 ipsi
1529 2439 1810 2486 appropinquans

360 2480 569 2514 tutissimum
590 2481 680 2516 vidit
698 2493 739 2517 ac
762 2484 1022 2519 munitissimum
1042 2485 1079 2519 in
1101 2497 1229 2521 summo
1254 2486 1340 2520 colle
1365 2490 1577 2530 consistens,
1611 2483 1810 2531 duplicique

361 2537 458 2560 muro
489 2525 657 2570 cinctum,
692 2534 728 2562 et
749 2528 922 2574 lapidibus
943 2530 1044 2575 quasi
1067 2531 1174 2566 clavis
1195 2532 1398 2577 quibusdam
1422 2536 1653 2577 compactum,
1686 2540 1809 2573 ascen-

362 2582 436 2604 sum
460 2571 504 2605 ad
526 2578 660 2616 portam
683 2574 859 2619 referens,
883 2580 919 2609 et
940 2587 1059 2620 parum
1082 2588 1193 2622 aquae
1215 2577 1296 2612 inde
1320 2578 1485 2622 effluens,
1516 2587 1606 2622 quae
1626 2583 1695 2619 non
1717 2577 1810 2618 esset

363 2615 408 2649 ad
430 2620 562 2650 tantum
587 2618 826 2663 excipiendum
852 2621 1037 2656 exercitum
1059 2621 1203 2667 idonea,
1226 2623 1307 2659 inde
1330 2623 1526 2668 profectus,
1557 2621 1617 2656 ubi
1637 2619 1811 2667 copiosior

362 2672 453 2714 aqua
483 2662 627 2707 flueret,
665 2670 779 2700 castra
802 2666 932 2711 posuit.
979 2672 1017 2702 et
1038 2667 1120 2702 inde
1145 2679 1283 2715 quoque
1305 2669 1486 2704 discedens
1509 2667 1639 2703 invasit
1659 2664 1810 2702 Ausoni-

362 2707 450 2740 tldes
472 2707 579 2750 fines,
605 2708 815 2755 incensoque
839 2723 922 2756 agro
947 2712 1110 2757 maximo,
1135 2714 1271 2749 nomine
1290 2715 1427 2758 Cama,
1451 2712 1640 2759 antiquitus
1659 2710 1812 2758 principi

363 2751 495 2796 Chalep
521 2754 715 2798 assignato,
741 2756 776 2789 in
800 2756 901 2791 alium
925 2757 1034 2793 locum
1059 2760 1097 2793 se
1120 2760 1273 2806 recepit,
1296 2759 1468 2795 Tarchola
1491 2758 1640 2794 nomine.
1686 2767 1812 2802 perru—

363 2800 499 2841 ptoque·
524 2798 637 2850 vallo,
674 2808 709 2834 et
742 2801 951 2847 imperatore
983 2804 1026 2838 ad
1059 2804 1212 2840 dextram
1244 2811 1376 2851 partem
1406 2806 1641 2847 incumbente,
1677 2803 1811 2837 Arabes

363 2841 453 2887 duo,
487 2853 546 2889 qm
574 2843 726 2881 latebant
757 2858 779 2882 a
806 2853 906 2893 tergo
929 2849 1074 2895 montis,
1108 2850 1292 2896 concitatis
1316 2851 1415 2898 equis
1437 2849 1572 2898 pedites
1595 2850 1681 2886 duos
1702 2847 1810 2884 hastis
