1916 3210
341 173 436 219 908
942 171 1189 217 FABROTI

337 284 419 320 sias
437 282 620 320 camisias
635 280 796 318 multas.
855 278 1027 319 Alcuinus
1048 282 1097 320 de
1116 282 1226 321 divin.
1248 281 1364 321 offic..
1354 295 1365 305 ·
1393 283 1528 320 tuniba
1541 283 1648 323 linea
1663 287 1781 324 vestis

339 354 370 375 et
374 346 421 375 αι
454 339 637 383 interior,
677 350 799 388 quam
830 338 1020 374 camisam
1055 337 1223 376 dicimus
1249 338 1314 377 vel
1336 352 1570 389 supparum..
1596 340 1780 394 Papias:

335 394 449 438 alba,
491 395 606 431 vestis
629 392 899 438 sacerdot-alis,
937 393 1043 430 linea
1070 395 1224 441 stricta,
1263 408 1365 446 qaae
1390 396 1597 433 camisiam
1618 396 1776 436 dicitur.

337 464 370 487 v.
389 451 496 488 eund.
515 451 551 487 iu
565 450 725 501 poderis.
783 450 882 488 unde
897 446 1162 502 ὖποκάμισον.
1220 451 1374 503 Cyn-illus
1391 452 1461 504 Cp.
1488 453 1631 493 advers.
1654 453 1780 494 Indae.

336 520 366 544 c.
386 508 414 545 2
439 519 475 556 q.
498 506 535 545 1.
593 506 809 544 Codinusin
827 507 1035 559 παρεκβολ.
1051 507 1191 545 Mosch.
1206 521 1237 546 c.
1259 509 1351 549 186

445 575 647 612 καμπος
673 574 832 614 campus.
887 562 967 602 Leo
994 563 1100 602 Taet.
1124 577 1155 602 c.
1173 565 1201 604 7
1225 561 1252 615 §
1268 563 1342 606 30:
1371 559 1428 616 μή
1451 558 1595 618 ἐλάσῃς
1613 561 1783 617 ἰσχυραῖς

332 617 376 658 ἐν
395 619 450 673 τῷ
468 614 624 670 κάμπῳ.

447 689 470 713 κ
483 674 575 713 ανδ
585 674 668 714 ιδ
642 688 730 713 ατο
742 688 770 714 ι.
826 674 975 713 militum
1001 687 1117 725 genus
1142 687 1234 726 quos
1254 675 1365 714 robur
1382 687 1573 726 corporum
1591 678 1628 713 et
1642 674 1782 714 animo-

333 744 412 768 rum
437 730 734 778 commendabat,
765 735 939 780 erantque
965 731 1060 769 inter
1084 732 1279 782 stipatores
1299 731 1486 783 principis.
1543 732 1582 772 b.
1599 731 1783 782 Hierony-

331 800 410 824 mus
434 787 471 824 in
493 786 701 825 Hilarione:
731 787 969 824 candidatus
989 787 1208 825 Constantii
1224 788 1482 838 imperatoris.
1517 810 1519 812 -
1540 787 1698 826 Michael
1714 787 1783 826 im-

332 847 484 894 perator
521 842 674 893 epistola
707 843 756 880 ad
793 843 938 882 Ludov.
969 843 1077 894 imp.:
1120 850 1159 881 et
1186 844 1271 881 ideo
1298 846 1447 881 iustam
1474 844 1782 882 existimavimus

333 900 481 935 mittere
501 899 560 935 ad
576 906 746 936 vestram
761 899 936 950 gloriam
966 899 1208 937 Theodorum
1224 899 1588 950 protospatharium
1605 906 1782 937 nostrum.

333 962 372 991 et
387 956 559 992 Leonem
575 962 750 992 nostrum
770 955 1041 993 candidatam.
1071 957 1162 996 Acta
1178 957 1326 995 sutrina
1344 957 1410 995 sub
1423 957 1584 995 Henrico
1601 969 1654 996 r.:
1675 969 1781 1006 pon-

334 1012 431 1063 lijbx
447 1012 553 1048 misit
573 1012 615 1048 in
633 1025 838 1048 occursum
854 1014 936 1049 eius
956 1013 1000 1049 in
1016 1020 1184 1050 montem
1209 1013 1378 1058 Gaudii,
1408 1014 1479 1063 qui
1504 1019 1541 1049 et
1562 1012 1692 1049 Marii
1715 1011 1781 1050 di·-

333 1070 453 1114 υἱίιιν,
492 1066 664 1114 haizclos,
702 1070 1007 1114 cereo-statarios,
1045 1070 1292 1115 candidatos,
1319 1069 1554 1119 defensores,
1581 1075 1775 1106 stratores.

332 1124 583 1175 Luitprandus
603 1138 723 1163 rerum
744 1126 911 1177 Europae
927 1125 954 1163 l.
969 1127 994 1165 3
1018 1139 1050 1164 c.
1073 1125 1118 1167 5:
1148 1125 1265 1163 turba
1284 1132 1377 1176 post
1399 1125 1470 1162 hos
1495 1126 1686 1163 immensa
1708 1137 1781 1163 νο-

334 1188 464 1226 catur,
488 1180 915 1231 protospathariorum,
943 1181 1253 1231 spathariorum,
1279 1181 1594 1219 candidatorum.
1651 1182 1781 1220 horum

331 1238 496 1275 meminit
524 1238 677 1288 Procop.
705 1240 729 1279 3
761 1239 808 1277 de
834 1238 928 1276 bello
947 1239 995 1276 G.
1021 1239 1146 1276 Ioann.
1171 1239 1344 1277 Moschus
1369 1251 1401 1277 c.
1423 1237 1522 1278 185:
1565 1235 1779 1304 διηγήσατο

330 1291 429 1345 ’ἡμῖν
458 1310 483 1345 η
510 1293 697 1342 θεοφιλὶς
718 1293 785 1335 καὶ
807 1291 1053 1346 φιλόπτωχος
1078 1295 1221 1345 Μαρία
1238 1311 1264 1346 η
1287 1289 1414 1346 μήτηρ
1432 1296 1504 1334 τοῦ
1521 1296 1647 1344 κυροῦ
1666 1287 1781 1334 Παυ-

330 1353 403 1389 λου
422 1352 495 1390 τοῦ
512 1346 763 1390 κανδιδατου.
819 1350 1047 1402 Nicephorus
1072 1351 1318 1402 Cpolitanus‘
1308 1364 1347 1388 m
1366 1350 1553 1390 Breviario
1573 1350 1679 1393 hist.:
1704 1364 1780 1402 την

329 1402 548 1454 ὸὲοῖξίαν
530 1421 584 1458 ην
603 1402 844 1447 κανδιδᾶτον
860 1406 1060 1458 Ῥωμαίοις
1077 1404 1305 1458 κικλήσκειν
1325 1405 1434 1452 ἔθος.

442 1463 770 1503 κανίκλειον.
828 1464 1037 1502 Cedrenus:
1067 1463 1293 1503 κανικλείου
1313 1457 1420 1513 τιμή,
1449 1457 1614 1513 ἆξίωμα.
1657 1462 1780 1512 Syno-

330 1519 399 1556 dus
415 1519 439 1558 8
465 1523 553 1557 tom.
574 1521 598 1560 3
623 1520 738 1558 Cone.
753 1533 790 1571 p.
807 1517 889 1561 413
901 1520 957 1558 ed.
972 1519 1055 1559 R.:
1083 1516 1325 1572 γεγραφότος
1348 1515 1628 1571 Χριστοφόρου
1649 1532 1778 1570 πρωτ-

328 1587 556 1627 ασηκρητης
582 1573 648 1614 καὶ
677 1574 742 1615 ἐπὶ
771 1577 844 1616 τοῦ
861 1575 1099 1616 κανικλείου.
1160 1576 1262 1617 Ioan.
1285 1577 1432 1614 Cantae.
1455 1574 1482 1616 4
1511 1571 1682 1615 40:1011
1710 1573 1777 1615 ἐπὶ

329 1633 403 1670 τοῦ
425 1629 673 1670 κανικλείου’
673 1628 852 1683 Ἀγγελον
870 1629 970 1683 πρὸς
988 1629 1148 1682 βασιλέα
1166 1630 1328 1682 πέμψας
1346 1626 1603 1696 πρεσβευτήν.
1658 1630 1777 1668 Chro-

328 1687 398 1724 nic.
430 1688 522 1737 Cp.:
561 1683 627 1726 δια
663 1684 902 1739 Νικηφόρου
931 1687 1157 1727 κανικλείου
1189 1689 1261 1727 τοῦ
1282 1683 1478 1728 ’Al-:drov-
1535 1685 1776 1724 caniclinus.

325 1755 361 1780 v.
393 1742 609 1791 Meursium‚
636 1743 805 1781 vossium
833 1745 881 1783 de
912 1744 1008 1782 vitiis
1036 1744 1231 1794 sermonis,
1261 1742 1498 1783 Alemannum
1526 1743 1577 1781 ad
1607 1742 1775 1795 Procopii

325 1811 459 1836 arcana
478 1813 515 1850 p.
536 1800 603 1839 19.

440 1869 534 1894 καν
548 1851 581 1894 ω’
592 1868 629 1894 ν.
684 1854 784 1905 quod
814 1854 895 1905 quis
924 1854 1024 1894 velut
1051 1868 1096 1894 ex
1121 1854 1247 1904 regula
1272 1856 1392 1894 facere
1422 1855 1550 1894 debet.
1606 1852 1776 1893 Moschus

327 1924 360 1950 c.
384 1913 461 1952 98:
491 1907 679 1950 οὐδέποτε
702 1912 831 1951 ποιῶν
856 1907 922 1950 τὸν
948 1909 1103 1951 κανόνα
1123 1926 1219 1962 μου,
1251 1907 1390 1962 ἅφῆκα
1411 1907 1482 1951 τὸν
1505 1912 1606 1950 νοῦν
1626 1909 1682 1957 εἰς
1700 1906 1778 1959 τὴν

326 1969 418 2018 γῆν.
474 1967 561 2005 item
590 1967 750 2018 psalmus
777 1971 816 2005 et
841 1968 1018 2005 canticum
1046 1968 1149 2006 statis
1171 1968 1300 2006 diebus
1319 1968 1398 2005 cani
1417 1967 1571 2004 solitum.
1627 1971 1666 2004 et
1684 1965 1775 2004 divi-

329 2035 414 2060 num
444 2023 612 2062 officium.
667 2024 750 2062 vide
779 2023 929 2061 Meursii
959 2024 1082 2064 Gloss.
1107 2027 1146 2061 et
1171 2024 1341 2074 Hugonis
1359 2023 1529 2062 Menai-di
1547 2025 1622 2060 not.
1639 2026 1678 2060 et
1694 2022 1774 2060 obs.

328 2080 378 2117 ad
401 2080 640 2118 Concordiam
662 2079 886 2130 regularum,
915 2093 945 2118 c.
966 2079 1019 2121 55
1044 2078 1070 2131 ξ
1090 2082 1130 2121 3.

438 2150 626 2175 καπνικ
637 2150 690 2175 ον
718 2136 895 2174 tributum
917 2136 1121 2175 fumarium.
1177 2135 1353 2174 videndus
1375 2133 1654 2186 Theophanes
1643 2145 1682 2170 in
1701 2130 1774 2171 Ni-

326 2191 487 2242 cephoro
505 2191 726 2241 Logotheta.

442 2262 467 2287 κ
477 2263 502 2286 α
512 2263 533 2301 ρ
544 2249 567 2288 δ
575 2263 599 2287 α
610 2263 631 2298 ρ
641 2249 657 2287 ἰ
664 2263 686 2299 χ
697 2264 721 2287 α
731 2263 762 2295 ς.
791 2247 990 2286 Cedrenus.
1018 2245 1230 2285 Anastasius
1244 2246 1408 2284 biblioth.
1424 2245 1648 2294 cardarigam
1665 2246 1774 2282 vocat

327 2304 365 2340 in
394 2303 520 2343 histor.
550 2304 808 2343 ecclesiastica:
837 2303 1068 2354 cardarigas
1092 2316 1199 2348 vero,
1229 2303 1366 2353 inquit,
1395 2315 1475 2338 non
1496 2307 1552 2337 est
1566 2300 1773 2350 proprium

328 2373 485 2405 nomen,
514 2360 585 2397 sed
604 2360 779 2411 dignitas
799 2361 974 2396 maxima
993 2359 1107 2410 apud
1123 2361 1285 2397 Persas.
1344 2371 1389 2396 ex
1410 2357 1648 2408 Theophane.

437 2415 737 2457 καστέλλιον
775 2415 971 2455 castellum.
1028 2415 1288 2453 Constantinus
1321 2413 1499 2465 Porphyr.
1528 2413 1576 2451 de
1605 2412 1716 2450 them.
1746 2412 1767 2450 1

323 2471 433 2509 them.
461 2472 509 2511 9:
548 2471 781 2541 παρέδωκαν
816 2488 864 2512 τα
901 2471 1023 2512 ἐκεῖσε
1049 2470 1267 2511 καστέλλια.
1322 2470 1588 2521 Theophanes:
1626 2466 1670 2507 ἐκ
1698 2480 1770 2506 του

321 2528 548 2568 §morsm-lov
578 2524 789 2570 απέλυσαν.
846 2529 999 2566 Ioannes
1027 2528 1199 2566 Moschus
1225 2526 1368 2564 Limon·
1394 2540 1427 2567 c.
1452 2526 1544 2565 167.
1600 2523 1771 2574 Synodus

327 2584 357 2620 l
360 2583 554 2623 larentina:
584 2585 640 2632 εἷς
657 2582 700 2626 τό
716 2582 894 2626 namma
915 2584 1127 2650 Φραγκολί.
1181 2584 1336 2621 Ioannes
1354 2582 1631 2621 Cantacuzenus
1648 2578 1675 2622 4
1698 2577 1770 2620 40:

325 2635 370 2679 τό
395 2635 603 2692 λεγόμενον
625 2641 848 2683 καστέλλιον
872 2636 1159 2691 διεπόρθησαν.

438 2693 503 2734 κοί
493 2708 666 2760 στρον
693 2698 897 2745 castellum,
928 2696 1186 2747 ἐπιτείχισμα,
1213 2694 1312 2733 locus
1329 2694 1438 2732 muris
1457 2692 1627 2732 munitus.
1682 2687 1770 2726 Sui·-

329 2751 414 2787 das:
452 2747 622 2804 κᾶστρον
652 2751 862 2818 φρούριον.
926 2751 1080 2791 Achmes
1110 2765 1140 2790 c.
1167 2754 1269 2794 283:
1311 2746 1340 2801 ἢ
1375 2745 1498 2802 ἆγρόν
1529 2743 1556 2798 ἢ
1585 2740 1770 2810 καστρον.

329 2804 589 2858 Theophanes:
617 2806 745 2864 τούτῳ
770 2812 828 2865 τῷ
857 2807 941 2849 ε’θει
970 2807 1122 2861 Πέρσαι
1141 2804 1184 2848 τὸ
1206 2802 1412 2855 Βεδζάκιδι
1431 2800 1676 2855 καλούμενον
1697 2795 1770 2840 κᾶ-
