1916 3210
329 168 427 216 894
932 167 1178 210 FABROTI

324 279 461 331 posuit
494 281 794 315 armamentum.
827 305 829 307 v
870 276 1183 314 armamentarium
1219 272 1374 328 ὁπλοθή
1349 291 1440 344 ηκη.
1513 277 1623 327 gloss.
1661 275 1771 327 cyra
1834 266 1842 274 ⁴'

329 330 536 386 ὁπλοθήκη
558 331 886 371 armamentarium.
942 331 1116 382 Iosephus
1139 328 1223 384 ἆρχ.
1247 334 1273 373 9
1302 334 1347 373 7·
1377 327 1552 380 ἀνοίξας
1558 330 1601 372 δέ
1615 329 1773 379 Ἰοὸαδος

327 390 401 443 τήν
421 391 463 431 έν
482 391 538 443 τῷ
558 388 652 440 ἷερςό
675 386 928 438 ὁπλοθήκην.
956 387 1125 426 Ruffinus
1141 387 1260 438 Aquil.
1276 389 1327 426 ita
1344 388 1474 427 vertit:
1498 389 1644 431 interea
1660 388 1772 426 Jam-

327 448 402 485 das
420 447 600 495 aperiens
620 444 984 480 armamentarium.
1045 444 1144 482 adde
1161 443 1303 483 Novell
1320 446 1371 485 81
1395 443 1773 496 e.1.Theopl1.‘m

325 503 517 543 Mauricio.
575 499 772 537 interdum
801 495 1050 565 αρμάμεντον
1085 500 1259 566 accipitur
1298 512 1366 568 pro
1403 499 1491 564 ipsis
1520 499 1640 538 armis.
1694 497 1774 538 Leo

326 559 434 598 Tact.
455 570 486 597 c.
507 557 534 596 6
555 553 850 623 {28:3159019
863 552 1018 608 ἁμάξας
1046 552 1251 608 φερούσας
1274 551 1318 596 τὸ
1341 550 1591 607 αρμοὲμεντον
1609 549 1774 596 ἑκάστου

327 609 509 666 αριθμοῦ
527 614 608 652 τῶν
629 613 886 680 στρατιωτῶν.
924 612 1118 650 Constant.
1135 612 1264 652 Tacta
1293 610 1352 664 ἔχε
1373 608 1416 652 δὲ
1433 610 1501 652 καὶ
1521 608 1699 665 ἑτέρας’
1671 607 1776 663 σιμά·-
1793 647 1796 651 ,

328 671 399 719 ξας
417 662 683 737 βασταζούσας
701 664 746 708 τό
766 663 1030 720 οἲρμοὶμεντον.

443 721 641 777 αρματα
667 735 779 762 arma.
834 723 914 762 Leo
942 723 1046 762 Tact.
1075 735 1107 761 c.
1136 723 1187 764 19
1218 719 1240 775 ἓ
1273 725 1345 765 13:
1389 719 1543 776 αρματα
1571 719 1776 774 ἐχέτωσαν.

331 781 616 820 Constantinus
607 792 644 818 ιιι
659 778 788 818 Tacta
818 781 1022 846 φοροῦντα
1039 777 1088 818 τὰ
1109 794 1276 843 αρματα.
1332 779 1462 818 Codin.
1482 780 1543 819 de
1549 777 1677 817 offic..
1698 776 1778 819 εἴτε

331 835 423 889 περὶ
453 831 604 902 αλὸγων
630 834 704 875 εἴτε
733 850 944 903 αρματων,
985 836 1067 873 sive
1089 835 1137 872 de
1155 836 1265 886 equis
1290 836 1373 873 sive
1399 835 1448 872 de
1474 835 1611 872 armis
1670 835 1777 873 item:

333 888 587 946 στερούμενοι
606 887 800 945 ἀλόγων
779 889 808 942 η’
827 906 1036 959 αρματων,
1079 893 1150 943 qui
1180 892 1290 943 equis
1318 897 1392 928 aut
1418 892 1540 928 armis
1575 888 1779 928 nonnullis

335 963 407 986 ca]
407 955 510 986 eant
570 948 683 987 utitur
707 947 860 986 Achmes
887 943 1007 1000 ὀνειρ.
1042 961 1075 985 c.
1101 947 1178 995 24,
1214 945 1290 996 54,
1329 950 1383 992 69
1405 951 1442 987 et
1466 948 1559 990 156.
1614 945 1778 985 Thomas

334 1005 535 1054 Magister·
582 1000 684 1044 οπλα
716 1018 764 1044 ου
794 999 922 1055 μόνον
950 1001 998 1043 τὰ
1025 1005 1169 1051 κοινῶς
1196 1001 1363 1055 α’ρματα.
1420 1005 1565 1054 glossae
1585 1000 1779 1042 Nomione-

337 1058 446 1114 ἅρμα
466 1060 648 1112 σημαίνει
665 1057 733 1099 καὶ
752 1055 890 1100 ὁπλον.
947 1060 1077 1098 Graeci
1095 1060 1205 1109 igitur
1221 1061 1439 1099 recentiores
1455 1056 1500 1100 τό
1519 1073 1628 1126 αρμα
1645 1056 1711 1100 καὶ
1730 1053 1780 1097 vo?

337 1131 493 1182 αρματα
513 1118 698 1158 dixerunt.
726 1116 950 1167 Harmenop.
972 1117 994 1156 1
1015 1118 1068 1156 26
1087 1113 1110 1167 §
1135 1118 1203 1156 12.
1231 1114 1253 1156 6
1271 1114 1420 1166 κλέψας
1438 1110 1690 1183 αλλὸτριον”
1662 1129 1780 1166 αρμα,

337 1175 408 1239 qai
428 1173 561 1210 aliena
579 1185 694 1210 arma
711 1170 921 1222 subripuit.
981 1171 1128 1211 Alexius
1146 1171 1367 1210 Rharturus·
1404 1168 1447 1212 τὸ
1471 1168 1578 1224 ὅίρμα
1597 1166 1643 1211 16
1669 1170 1782 1222 ίσχυ-

335 1225 424 1281 ρόν.
480 1229 588 1268 item.
627 1227 713 1268 ἔναι
733 1224 949 1281 μέγιστον’
933 1224 1039 1280 α’ρμα
1056 1242 1155 1267 κατα
1173 1229 1252 1268 τῶν
1272 1226 1475 1269 ἐναντίων.
1529 1227 1679 1266 Manuel
1695 1226 1782 1265 Mo-

335 1286 478 1336 schopa
523 1281 631 1337 ἅρμα
664 1283 804 1331 ἑνικῶς
835 1282 877 1324 τό
910 1283 1152 1352 τέθριππον,
1182 1281 1336 1335 ἅρματα
1361 1282 1404 1324 δέ
1429 1284 1711 1335 πληθυντικῶς
1732 1278 1782 1322 τοὶ

336 1338 453 1382 όπλα.
511 1347 608 1380 errat
625 1341 880 1389 grammaticus
899 1341 961 1391 qui
979 1344 1092 1391 negat
1108 1355 1151 1380 το
1173 1337 1278 1393 ἅρμα
1296 1329 1435 1387 ἔνικῶς
1451 1353 1552 1379 arma
1567 1339 1782 1389 significare.

335 1396 502 1435 Eustath.
526 1398 575 1435 ad
599 1395 760 1448 11.2;η
783 1399 856 1436 τοῦ
877 1394 1050 1447 ἅρματος
1069 1395 1168 1445 λέξις
1186 1395 1254 1436 καὶ
1273 1395 1338 1436 ἐπὶ
1358 1393 1482 1437 όπλον
1500 1394 1650 1449 λέγεται
1664 1423 1676 1444 ,
1714 1392 1783 1434 καὶ

334 1450 546 1505 Ρωμαϊκόν
581 1454 712 1492 τοῦτο.
778 1451 1007 1504 Nicephorus
1045 1452 1267 1491 Blemmidas
1294 1453 1454 1504 Epitom.
1486 1451 1561 1502 log.
1590 1464 1622 1490 c·
1651 1451 1700 1492 8.
1738 1465 1781 1490 το

336 1507 444 1562 ἅρμα
466 1508 530 1548 ἐπὶ
551 1523 633 1548 των
654 1505 788 1548 όπλων
806 1511 864 1562 τῷ
882 1511 960 1548 τῶν
975 1507 1173 1560 Ῥωμαίων
1193 1507 1289 1548 ε’θει.
1346 1508 1649 1560 quemadmodum
1662 1509 1783 1546 autem

335 1565 509 1604 citerioris
544 1565 623 1603 aevi
654 1565 847 1615 scriptores
870 1562 914 1604 τό
937 1562 1042 1616 ἅρμα
1065 1569 1104 1603 et
1122 1579 1170 1603 τα
1192 1562 1344 1615 ἅρματα
1371 1564 1559 1613 dixerunt,
1598 1564 1650 1602 ita
1672 1562 1783 1602 etiam

333 1625 522 1685 postrema
543 1620 725 1658 Latinitas
747 1633 847 1658 arma
870 1622 1062 1671 usurpavit.
1118 1620 1317 1659 Dositheus
1349 1620 1530 1669 Magister
1556 1620 1595 1657 in
1623 1617 1782 1656 Glossis·

337 1677 497 1714 inermis
523 1677 606 1712 sine
636 1688 764 1712 ar.ma
825 1675 925 1725 leges
955 1676 1279 1725 Longobardorum
1305 1677 1365 1715 tit.
1388 1673 1467 1715 42:
1513 1689 1605 1712 cam
1633 1675 1783 1725 sagitta

336 1732 403 1770 vel
428 1731 604 1783 qualibet
630 1745 747 1768 arma
765 1730 936 1782 plagam
946 1732 1106 1782 fecerit.
1165 1732 1248 1770 hinc
1271 1727 1440 1784 ἆρματοι
1458 1732 1496 1769 ἰιι
1517 1731 1615 1770 libris
1636 1729 1782 1769 Basilic-

339 1795 378 1827 et
404 1789 612 1827 Cedrenum
641 1788 800 1824 armati.
862 1786 1041 1838 Georgius
1064 1788 1324 1826 Alexandrinus
1353 1788 1391 1825 in
1414 1787 1660 1856 Chryspstomi
1689 1787 1783 1824 vita:

340 1841 431 1885 ου’τε
460 1859 534 1896 γαρ
562 1842 604 1883 ἐν
631 1846 682 1899 τῇ
706 1841 875 1912 ημετέρα
897 1839 1066 1895 δυνάμει
1083 1846 1197 1883 τοῦτο
1218 1840 1452 1911 πράττομεν,
1487 1841 1579 1884 ου’τε
1598 1842 1642 1884 ἒν
1659 1842 1784 1883 δυνα-

341 1900 452 1955 στεία
485 1898 635 1939 ἱππέων
668 1899 735 1939 καὶ
769 1914 955 1952 αρματων
989 1901 1204 1951 βασιλικῶν
1232 1898 1300 1940 καὶ
1330 1896 1479 1951 πλήθει
1508 1901 1688 1951 στρατοῦ.
1744 1906 1784 1938 et

341 1952 546 2007 αρματοῦν
563 1969 732 1992 armare.
765 1956 966 1994 Concilium
985 1957 1233 1995 Florentinum
1253 1970 1291 2008 p.
1311 1955 1390 1998 567
1416 1957 1476 1997 ed.
1499 1957 1554 1996 R:
1585 1955 1655 1996 ἴνα
1674 1950 1784 2009 &aion

341 2026 512 2064 κατεργα
542 2011 666 2052 εἰκοσι
695 2026 789 2063 μετα
817 2008 949 2063 πάσης
982 2008 1121 2060 ἐξόδου
1153 2010 1423 2078 ἄρματωμένα.
1483 2012 1630 2051 Alexius
1654 2011 1783 2050 Rhart.

342 2070 458 2108 doctr.
479 2069 518 2106 in
541 2069 583 2106 S.
611 2072 647 2106 et
672 2081 795 2118 magn.
821 2068 964 2106 Parasc.
991 2074 1030 2107 et
1056 2065 1284 2133 έξαρμᾶτος.
1342 2068 1490 2107 Corona
1511 2072 1690 2120 pretiosa:
1725 2066 1784 2116 ἐξ·

342 2120 537 2192 αρμάτος,
560 2119 851 2176 ἅθωροῖκιστος,
880 2131 1120 2171 exarmatus,
1150 2125 1320 2161 inermis.

457 2176 801 2246 ἆσηκρητεῖον
830 2182 1077 2219 secretarium.
1133 2182 1304 2232 Synodus
1331 2181 1357 2221 8
1393 2180 1591 2219 Oecumen.
1625 2183 1697 2218 act.
1732 2178 1783 2221 4·

346 2233 472 2283 ου’τως
504 2232 763 2290 ωμολόγησαν
792 2236 860 2276 καὶ
878 2234 973 2288 χθὲς
993 2237 1048 2284 εἰς
1067 2233 1114 2276 τὰ
1135 2233 1370 2288 ἆσηκρήτης.
1425 2237 1567 2274 videtur
1589 2235 1786 2286 legendum

346 2289 605 2344 ἄσηκρητεῖα.
637 2295 817 2344 interpres
839 2295 933 2332 enim
952 2295 1060 2332 vertit
1079 2294 1122 2330 in
1140 2294 1368 2331 secretariis.
1428 2294 1526 2332 varia
1545 2297 1667 2332 autem
1683 2295 1788 2331 erant

346 2349 562 2398 secretaria,
591 2350 639 2388 de
657 2350 813 2399 quibus'
803 2362 842 2388 ιιι
863 2348 1054 2401 σε’κρετον.

459 2400 549 2456 οέση
562 2420 615 2456 κρ
628 2421 761 2457 ητης.
818 2406 961 2455 glossae
989 2406 1182 2444 Nomicae:
1220 2400 1446 2456 ἆσηκρήτης
1464 2401 1490 2444 o‘
1507 2405 1586 2444 τῶν
1606 2398 1786 2456 απορριὶ-

346 2475 426 2501 των
444 2459 713 2514 γραμματεύς,
742 2476 769 2499 α
785 2463 956 2508 secretis,
982 2476 1009 2499 α
1027 2468 1190 2507 secreta,
1217 2468 1448 2498 secretorum
1465 2461 1654 2498 notarius.
1695 2460 1787 2498 Pro·-

346 2517 471 2567 copius
505 2520 623 2570 Περσ.
655 2515 709 2570 β’-·
753 2515 936 2587 ἐτύγχανε
954 2534 1029 2570 γαρ
1046 2513 1323 2565 Ἰουστινιανὸς
1341 2513 1522 2568 βασιλεὺς
1540 2511 1727 2567 Ἰωαννην
1745 2530 1786 2555 τε

346 2569 418 2612 τόν
438 2571 648 2624 Ῥουφῖνον
668 2572 735 2613 καὶ
763 2570 976 2615 Ἰουλιανόν
995 2572 1066 2615 τὸν
1092 2576 1172 2614 τῶν
1174 2569 1432 2640 απορρήτων
1450 2570 1674 2642 γραμματέα
1692 2569 1787 2624 πρέ-

348 2629 455 2679 σβεις
475 2643 582 2694 παρα
609 2627 790 2683 Χοσρὸην
810 2631 984 2677 στείλας·
1030 2625 1255 2681 ασηκρήτης
1273 2631 1436 2669 καλοῦσι
1455 2644 1499 2669 το
1519 2624 1679 2698 α’ξίωμα
1689 2626 1785 2667 Ῥω·-

349 2687 480 2735 μαῖοι·
510 2681 685 2737 σήκρητα
701 2702 775 2739 γαρ
795 2690 928 2726 καλεῖν
946 2701 994 2726 τα
996 2682 1212 2752 απόρρητα
1231 2686 1511 2753 νενομίκασιν.
1533 2685 1630 2724 idem
1652 2680 1786 2724 ἄνεκδ.

349 2753 388 2806 Ρ
412 2743 464 2781 63
487 2742 524 2778 ἱιι
546 2742 638 2780 fine:
680 2746 764 2789 τοῖς
786 2740 829 2782 δὲ
852 2738 1077 2812 ἆσηκρήτης
1099 2740 1355 2794 καλουμένοις
1387 2757 1462 2782 ουκ
1485 2735 1719 2810 απεκέκριτο
1739 2755 1783 2779 το

351 2790 505 2847 ἀξίωμα
525 2796 581 2845 είς
602 2795 646 2840 το
668 2813 716 2840 τα
740 2797 928 2851 βασιλέως
950 2795 1152 2853 απόρρητα
1171 2812 1353 2853 γραφειν,
1395 2793 1463 2848 ἐφ’
1483 2811 1610 2851 ωνπερ
1629 2793 1673 2837 τό
1693 2792 1786 2836 ανέ-
