1916 3210
321 198 421 245 750
723 193 1016 239 XYLANDRI
1047 194 1140 238 ΕΤ·
1158 193 1332 238 GOARI

320 319 430 360 quem
451 304 743 346 administros-um
767 303 950 354 designet.
1005 302 1053 341 a'd
1073 297 1269 344 ἕνδιδόναι
1293 302 1422 352 deest,
1448 302 1595 369 opinor,
1617 303 1766 357 partici-

320 364 443 417 pium,
474 365 602 413 utpote
622 356 864 412 βουλόμενος
882 364 947 399 aut
962 359 1093 398 simile.
1121 360 1229 414 ΧΥι..
1287 359 1459 398 Ioannem
1479 359 1595 399 inan
1605 360 1767 399 ende-

321 432 403 458 esse
421 418 483 467 qui
505 416 612 466 vulgo
631 415 857 468 curopalata,
885 414 1016 468 probat
1035 416 1186 465 nomen,
1217 415 1432 454 confirmant
1448 415 1607 469 scripta,
1638 419 1768 455 netu

320 475 398 525 ipse
414 473 603 512 cedrenus
625 485 701 510 non
724 472 877 511 obscure
902 473 1078 521 suggerit.
1134 483 1271 512 nomen
1293 471 1335 511 in
1361 467 1554 515 manifesto
1581 472 1663 512 est·
1685 471 1766 511 eius

318 529 468 568 historia
487 529 535 567 ab
555 528 653 568 exitu
670 526 890 579 Nicephori,
927 540 951 567 a
965 527 1152 569 Michaelis
1173 527 1345 569 videlicet
1362 530 1608 577 cognomento
1620 526 1769 569 ΒΙΙΟ-

318 585 375 624 bis
396 584 577 637 imperio,
608 584 737 623 sumit
742 583 952 630 exordium3
990 596 1057 623 nec
1081 587 1141 625 est
1167 584 1378 635 scriptorum
1406 583 1466 622 hic
1483 587 1768 624 memoratorum

318 640 413 690 ullus
430 652 453 679 a
472 652 545 691 quo
565 639 671 691 plura
685 633 873 706 collegisse
891 640 1082 679 Cedrenus
1105 641 1350 691 convincatur,
1380 640 1443 691 qui
1460 637 1770 694 compendiosam,
1789 665 1792 668 -

320 709 393 747 qua
415 696 582 746 graditur
599 695 682 745 ille,
706 696 802 734 viam
818 700 963 736 secutus
980 701 1059 742 est;
1087 708 1156 735 nec
1174 696 1225 736 ad
1247 696 1490 735 damnandam
1512 695 1569 735 vel
1585 707 1770 736 commen-

321 753 480 791 dandam
501 752 605 790 ullius
629 753 851 801 memoriam,
883 752 1012 803 quod
1002 765 1040 790 ιιι
1061 751 1122 791 illo
1142 751 1279 800 laudat,
1306 764 1454 791 manum
1473 752 1523 792 ad
1538 747 1770 792 scribendum

322 821 362 847 se
382 809 586 847 admovisse
608 812 772 850 testatur.
829 809 1043 847 adversatur
1057 807 1299 856 nihilominus,
1323 809 1424 859 quod
1442 813 1558 847 nemo
1571 807 1678 847 facile
1694 819 1786 855 non?

323 864 594 915 deprehendat,
623 864 800 916 Scylitzae
820 877 1022 915 cognomen
1043 868 1080 903 et
1100 864 1257 903 officium
1279 863 1532 916 curopalatae,
1560 875 1583 903 a
1604 863 1772 904 Thmce-

324 919 371 958 sii
397 924 435 959 et
458 921 724 972 protovestiarii
743 921 877 959 notatis
902 920 960 959 hic
984 933 1059 959 non
1081 921 1225 959 modico
1247 921 1368 972 spatio
1389 920 1531 962 dissita.
1587 923 1630 960 at
1651 920 1684 959 si
1702 919 1773 972 pa-

324 976 417 1014 triae
434 975 513 1026 hic,
552 976 635 1014 alibi
663 977 821 1016 familiae
846 989 979 1015 nomen
993 1007 1004 1026 ‚
1040 976 1090 1015 nil
1112 977 1210 1029 quod
1232 989 1354 1016 secum
1376 976 1646 1029 oppositionem
1663 976 1773 1017 vehat

323 1033 547 1086 producitur.
603 1033 724 1072 officia
759 1046 846 1072 vero
882 1033 1149 1086 quantumlibet
1177 1033 1277 1072 varia
1308 1033 1555 1072 diversitatem
1585 1033 1772 1072 hominnm

325 1101 401 1126 non
418 1091 576 1138 arguunt
590 1089 821 1139 frequenter,
855 1102 936 1128 cum
960 1090 991 1127 is
1010 1089 1109 1129 idem
1130 1090 1247 1141 primo
1274 1089 1483 1141 curopalata
1505 1089 1692 1128 historiam
1713 1091 1772 1127 te-

324 1157 433 1192 xere,
460 1149 538 1183 tum
555 1146 685 1184 secutis
709 1146 813 1184 annis
837 1145 885 1185 ad
907 1145 1172 1197 protovestiarii
1192 1146 1409 1196 dignitatem
1428 1146 1636 1196 promoveri
1654 1156 1775 1196 eoque

324 1200 430 1238 titulo
450 1212 473 1238 a
487 1201 656 1240 Cedreno
673 1202 834 1252 potuerit
851 1202 1028 1241 decorari.
1083 1201 1220 1240 alicnus
1242 1202 1381 1253 quippe
1398 1213 1477 1240 sum
1496 1210 1568 1251 ego
1587 1201 1635 1240 ab
1649 1212 1774 1241 eorum

323 1257 550 1307 coniectura,
594 1258 657 1308 qui
689 1258 936 1309 curopalatam
964 1257 1135 1297 Cedreno
1166 1259 1406 1310 posteriorem
1438 1257 1633 1298 affirmant.
1687 1269 1773 1295 nam

323 1325 404 1351 cum
432 1314 621 1364 utriusque
646 1313 696 1351 sit
725 1315 854 1353 eadem
885 1314 1047 1353 narratio
1072 1314 1213 1362 verbis,
1255 1315 1285 1352 si
1311 1325 1428 1365 pauca
1461 1313 1608 1362 demas,
1628 1313 1774 1352 :iisdem

322 1372 516 1417 contexta,
543 1369 641 1408 hunc
665 1382 710 1408 ex
736 1370 806 1408 alio
835 1382 901 1409 sua
931 1370 1090 1409 mutuari
1109 1371 1178 1409 fuit
1195 1382 1360 1410 necesse.
1416 1370 1627 1408 memoratis
1651 1373 1776 1408 autem

323 1426 362 1463 in
385 1424 572 1476 utriusque
595 1427 784 1477 prooemio
804 1426 932 1465 iisdem
949 1426 1177 1465 historiarum
1195 1427 1418 1472 auctoribus,
1445 1426 1589 1464 loannis
1611 1425 1776 1465 'sbrace-

323 1481 369 1520 sii
397 1493 539 1519 nomen*
557 1485 595 1520 et
621 1494 733 1534 opera
765 1483 956 1522 Cedrenus
986 1483 1176 1534 exprimit,
1219 1484 1319 1522 cuius
1349 1483 1449 1521 velut
1477 1482 1591 1534 ipsius
1615 1481 1776 1521 Cedreni

324 1537 426 1589 apud
448 1537 694 1588 curopalatam
712 1538 811 1577 nulla
830 1539 991 1585 menti03
1028 1539 1128 1589 quod
1156 1543 1369 1588 argumento
1396 1543 1454 1577 est
1471 1538 1646 1577 Ioannem
1663 1537 1776 1586 illum,

325 1594 489 1644 quisquis
517 1593 644 1643 fuerit,
686 1594 876 1641 cedreno,
914 1607 989 1633 non
1019 1594 1226 1646 curopalata
1254 1597 1433 1646 priorem·
1469 1594 1559 1633 alias
1589 1594 1775 1644 quomodo

327 1648 565 1700 curopalatae
585 1651 758 1700 ignotm,
787 1651 818 1689 si
837 1650 1129 1703 praecessisset?
1157 1651 1218 1690 vel
1247 1664 1319 1702 qua
1346 1651 1488 1690 ratione
1514 1662 1538 1689 a
1565 1651 1776 1704 curopalata

325 1706 495 1767 praevios
524 1706 697 1745 historiae
730 1707 924 1773 scriptores
954 1711 1189 1746 enumerante
1214 1712 1291 1746 tum
1320 1706 1476 1746 Ioannes
1500 1705 1582 1754 ille,
1623 1707 1654 1745 si
1679 1707 1778 1745 soret

327 1754 451 1800 alius
429 1789 440 1810 ,
481 1764 559 1799 tum
579 1761 799 1802 Cedrenus’
789 1776 868 1815 ipse
888 1763 1075 1811 sileretur,
1116 1763 1146 1800 si
1163 1763 1323 1803 cedreni
1341 1764 1450 1801 verba
1471 1762 1652 1814 sigillatim
1672 1775 1779 1803 secu-

330 1821 391 1856 tus
411 1821 558 1856 cunctos
576 1818 666 1857 alios
683 1823 851 1859 auctores
868 1819 994 1858 ordine
1015 1823 1239 1869 recenseret,
1268 1819 1395 1858 horum
1413 1820 1560 1858 nomina
1575 1831 1779 1872 suppressa

330 1873 439 1912 vellet
465 1886 510 1912 ex
532 1875 669 1913 invidia
693 1875 749 1915 vel
775 1889 825 1915 ex
844 1874 1021 1925 ignavia?
1049 1877 1163 1914 satius
1181 1876 1305 1927 itaque
1325 1875 1538 1926 dicendum,
1567 1876 1778 1915 Cedrenum

253 1976 255 1978 ι
331 1933 453 1968 aetate
474 1931 704 1982 curopalatae
726 1944 921 1984 supparem
947 1931 1109 1970 nondum
1134 1932 1332 1971 absolvisse
1350 1932 1559 1980 historiam,
1586 1931 1779 1984 wropala·

332 1988 408 2024 tam
429 1998 516 2025 vero
537 1988 687 2026 ulterius
706 1989 921 2035 deduxisse,
950 1991 987 2027 et
1009 2001 1055 2027 ex
1082 2001 1126 2027 eo
1154 2001 1224 2028 nec
1249 2001 1324 2027 non
1347 1988 1427 2027 aliis
1443 1987 1548 2040 plura
1566 1988 1706 2039 absque
1724 1987 1780 2026 la·-

258 2088 260 2090 v
331 2041 422 2081 bore
452 2046 490 2081 et
517 2043 705 2083 immutato
724 2045 939 2083 narrationis
961 2045 1079 2094 stylo,
1109 2044 1148 2082 in
1168 2057 1270 2083 suam
1293 2045 1478 2109 synopsim
1498 2044 1729 2084 Cadmum
1718 2056 1778 2082 m-

331 2101 440 2149 tegre
458 2102 496 2138 et
512 2099 688 2150 plagiario
702 2101 942 2141 transtulisse.
999 2102 1138 2140 GoAR.
1166 2104 1169 2106 ’

443 2168 481 2206 p.
504 2158 532 2198 6
563 2169 596 2194 v.
624 2157 664 2196 2.
715 2170 849 2207 parva
874 2156 1040 2208 Genesi]
1069 2158 1167 2196 idem
1194 2156 1284 2195 liber
1311 2154 1548 2207 Apocalypsis
1572 2154 1689 2195 Mosis
1707 2168 1781 2194 no-

332 2210 500 2257 minatur,
528 2215 568 2250 ut
586 2213 696 2263 paulo
712 2219 799 2265 post
814 2214 1003 2253 cedrenus
1022 2218 1158 2253 monet.
1188 2213 1291 2251 huius
1310 2213 1419 2251 etiam
1438 2212 1635 2252 meminere
1654 2212 1780 2252 Theo-

332 2267 444 2305 dorus
460 2267 678 2308 Metochites
689 2299 700 2319 ‚
729 2270 909 2318 Zonaras,
943 2271 1018 2320 Gly
1019 2282 1079 2308 cas
1095 2273 1133 2308 et
1148 2268 1348 2320 Syncellus.
1405 2272 1464 2308 est
1482 2273 1604 2308 autem
1624 2281 1781 2321 apocry-

331 2323 445 2373 phus3
477 2336 586 2374 quem
617 2338 691 2363 non
723 2339 858 2376 magno
886 2327 1071 2377 religionis
1103 2330 1139 2365 et
1172 2326 1355 2364 literarum
1387 2324 1606 2364 detrimento
1630 2336 1780 2377 prorsus

331 2379 532 2429 interiisse,
568 2394 640 2419 una
659 2395 739 2421 cum
760 2383 900 2421 Enochi
922 2382 1142 2434 Apocalypsi
1163 2382 1314 2432 aliisque
1339 2381 1504 2421 eiusdem
1523 2382 1662 2420 farinae
1679 2393 1781 2420 com-

334 2436 480 2484 mentis,
508 2437 674 2476 arbitror.
729 2439 847 2489 qualis
867 2440 963 2487 enim
978 2440 1108 2488 fuerit,
1138 2438 1226 2477 satis
1247 2450 1292 2476 ex
1310 2437 1353 2475 iis
1376 2449 1471 2492 quae
1485 2437 1573 2476 inde
1585 2439 1781 2505 proferun-

333 2494 392 2528 tur
405 2491 533 2542 liquet
589 2494 756 2532 Zonaras
778 2496 954 2547 principio
984 2508 1130 2534 suorum
1159 2494 1342 2532 annalium
1365 2487 1565 2545 prudenter
1582 2506 1666 2533 eum
1681 2488 1781 2534 dno-

337 2546 626 2615 ὃιοπομπεῖται.
684 2551 809 2590 Iudaei
843 2564 1014 2602 magnam
1043 2551 1239 2598 Genesim,
1280 2561 1453 2600 magnum
1479 2548 1682 2589 Leviticum
1709 2554 1781 2588 etc.

336 2601 496 2651 habent,
524 2605 561 2643 in
584 2607 698 2657 iisque
718 2608 828 2647 miras
851 2621 982 2657 nugas.
1037 2608 1138 2658 quod.
1161 2608 1210 2645 de
1233 2606 1405 2645 alimento
1427 2606 1611 2656 sequitur,
1635 2607 1684 2645 ad
1701 2618 1783 2644 ver-

339 2658 425 2697 bum
443 2661 600 2701 reddidi.
658 2667 713 2701 est
735 2668 856 2702 autem
881 2677 997 2716 prope
1021 2663 1090 2702 hoc
1115 2664 1215 2714 quod
1233 2662 1383 2712 vulgato
1408 2662 1603 2714 proverbio
1630 2661 1783 2702 extulis-

341 2718 415 2762 set,
454 2728 494 2754 se
519 2719 623 2766 quasi
650 2732 901 2769 praemansum
925 2721 963 2759 in
988 2733 1029 2758 os
1049 2720 1182 2758 nobis
1172 2731 1357 2769 ingerere,
1385 2717 1783 2770 compendioomnium

340 2774 501 2810 aetatum
531 2773 698 2813 historias
729 2776 950 2815 tradentem.
1005 2777 1043 2814 in
1075 2788 1148 2826 quo
1179 2780 1303 2814 tamen
1334 2774 1440 2826 plura
1464 2773 1577 2812 multo
1603 2774 1784 2827 promittit

340 2837 449 2877 quam
465 2834 652 2880 praestare
671 2832 853 2884 potuerit,
871 2836 920 2872 *ut
936 2832 976 2872 in
992 2832 1218 2885 praefatione
1239 2831 1439 2871 docuimus..
1495 2831 1603 2872 Χγι..
