1916 3210
468 150 864 196 HISTORIARUM
905 148 1293 196 COMPENDIUM.
1513 149 1610 196 539

153 269 328 311 πολιτῶν
343 262 412 311 οἶα
425 269 588 324 γυμνῶν
604 266 672 310 καὶ
689 263 851 310 ἀόπλων
867 264 969 319 πρὸς
986 263 1177 317 ἐνόπλους
1197 263 1496 322 ἀγωνιζομένων
1509 264 1612 319 μετὰ

154 333 286 387 ξύλων
300 337 368 380 καὶ
385 337 516 380 λίθων
531 337 599 378 καὶ
614 340 695 379 τῶν
710 333 1023 392 παρατυχόντων
1041 335 1157 378 εἲδῶν
1167 346 1181 361 ·
1209 334 1312 391 φασὶ
1329 332 1408 391 γὰρ
1428 330 1484 384 ὥς
1498 330 1614 376 ἀπώ-

144 407 274 448 λοντο
302 404 406 449 κατὰ
433 402 584 461 ταύτην
610 404 684 460 τὴν
714 402 869 461 ἡμέραν
903 398 984 459 (ἦν
1010 403 1055 446 δὲ
1076 402 1103 459 ἥ
1125 403 1239 460 τρίτη
1259 405 1333 446 τοῦ
1357 401 1614 458 ἀντίπασχα)

157 471 301 530 ἄνδρες
332 473 440 532 ἀμφὶ
468 473 544 525 τὰς
568 479 676 532 τρεῖς
696 470 899 530 χιλιάδας.
967 471 1081 522 τέλος
1107 470 1278 527 ἴσχυσαν
1306 471 1347 515 οἱ
1373 474 1534 515 πολῖται
1560 474 1619 530 τῷ

104 559 106 562 ·
125 540 308 597 ὄπλήθει
339 540 648 601 ὗπερτεροῦντες
671 541 990 599 ἐπικρατέστεροι
1011 544 1092 584 τῶν
1110 544 1184 584 τοῦ
1203 540 1404 596 βασιλέως
1419 540 1622 598 γενέσθαι.

157 611 225 654 καὶ
244 609 532 670 διαρρήξαντες
547 610 622 662 τὰς
639 608 770 661 πύλας
788 614 862 653 τοῦ
879 609 1077 653 παλατίου
1095 610 1162 652 καὶ
1181 608 1274 654 εἶ’σω
1291 607 1492 667 γενόμενοι
1509 607 1558 654 τό
1575 626 1619 653 τε
1639 615 1670 652 P
1693 615 1762 655 752

158 679 460 735 ἐναποκείμενον
477 680 519 722 ἐν
531 684 590 739 τῷ
606 679 743 738 Σέκτῳ
761 675 1027 736 διαρπάζουσι
1037 678 1208 736 χρυσίον
1225 678 1360 722 καὶτὰ
1378 678 1501 722 λοιπὰ
1519 678 1620 734 εἶ’ὃη,

159 746 453 806 διαρρήσσουσι
482 748 528 792 δὲ
552 749 621 792 καὶ
649 747 725 799 τὰς
753 748 952 803 δημοσίας
975 744 1239 806 ἀπογραφάς,
1274 749 1342 791 καὶ
1362 747 1433 792 τὸν
1450 747 1622 803 βασιλέα

159 819 375 872 συλλαβεῖν
392 815 598 861 ἔσπευδον.
665 815 687 859 ὃ
707 816 751 859 δὲ
768 817 923 873 ἐπείπερ
944 815 1042 872 ἔγνω
1061 813 1392 872 κατισχυόμενος,
1421 821 1481 876 τῷ
1498 821 1622 872 βασι-

106 893 154 930 10
162 888 262 944 λικῷ
292 885 434 941 ἐπιβὰς
455 883 633 944 δρόμωνι
655 884 760 940 μετὰ
779 889 850 928 τοῦ
872 887 1163 939 νωβελισσίμου
1190 886 1262 928 καί
1280 902 1399 929 τινων
1425 883 1622 930 οἰκειοτά-

158 970 241 998 των
259 953 392 1014 αῧτῷ,
419 952 650 998 καταλιπὼν
667 954 709 997 ἓν
726 958 784 1013 τῷ
803 956 986 1013 παλατίῳ
1004 953 1079 1010 τὴν
1095 952 1242 1010 Ζωήν,
1269 954 1395 1014 ᾤχετο
1416 955 1549 1014 φυγὰς
1565 957 1621 1006 εἷς

157 1022 234 1078 τὴν
254 1021 384 1080 μονὴν
402 1027 484 1068 τῶν
506 1022 706 1066 Στουδίου
726 1026 778 1081 τῇ
798 1020 961 1080 τετράδι
987 1025 1168 1080 πρωίας,
1204 1025 1270 1065 καὶ
1307 1023 1432 1076 εὐθὺς
1459 1022 1621 1083 ἧμφιά-

159 1107 262 1135 σατο
285 1091 332 1136 τὸ
353 1096 643 1148 τῶνμοναχῶν
662 1095 802 1147 σχῆμα
822 1089 986 1147 συνάμα
1005 1095 1064 1150 τῷ
1085 1093 1186 1150 θείῳ
1209 1091 1349 1136 αὐτοῦ.

295 1162 382 1204 Καὶ
400 1158 422 1204 ὃ
440 1161 515 1217 μέν
532 1159 730 1216 πόλεμος,
760 1159 985 1219 ἀρξάμενος
1002 1159 1081 1203 ἀπὸ
1103 1161 1291 1219 δευτέρας
1307 1159 1419 1219 ὥρας
1436 1163 1510 1215 τῆς
1525 1161 1618 1204 dev·
1639 1163 1669 1199 Β

110 1233 154 1271 15
163 1228 284 1287 τέρας
311 1227 466 1288 ἠμέρας
495 1234 568 1274 τοῦ
601 1230 851 1285 ἄντίπασχα,
884 1229 998 1286 ἔληξε
1028 1228 1172 1281 νυκτὸς
1194 1234 1268 1286 τῆς
1288 1232 1425 1287 τρίτης
1445 1227 1623 1288 ἡμέρας·

161 1295 189 1353 ἦ
219 1298 264 1341 δὲ
292 1298 393 1355 Ζωὴ
420 1297 543 1343 πάλιν
572 1298 768 1357 ἐγκρατὴς
793 1300 982 1355 γενομένη
1012 1302 1086 1354 τῆς
1110 1300 1320 1353 βασιλείας
1343 1296 1530 1353 ἐβούλετο
1553 1297 1627 1354 μέν

163 1365 238 1423 τὴν
268 1366 394 1423 αῧτῆς
423 1367 605 1426 ἀδελφὴν
635 1365 858 1425 Θεοδῶραν
887 1365 1188 1425 παρώσασθαι,
1225 1364 1414 1422 ἐκωλύθη
1443 1367 1489 1410 δὲ
1513 1367 1629 1425 παρὰ

163 1439 237 1480 τοῦ
256 1434 444 1492 πλήθους
458 1434 770 1492 συμβασιλεύειν
789 1437 894 1494 αὐτῇ
908 1438 975 1479 καὶ
992 1434 1143 1492 ταύτην
1162 1436 1447 1492 αἰτησαμένου.
1514 1433 1628 1493 ἴρχε-

163 1521 232 1548 ται
255 1499 327 1548 οὖν
345 1506 412 1548 καὶ
431 1503 458 1562 ἦ
485 1503 682 1563 Θεοδώρα
706 1504 785 1547 ἀπὸ
807 1509 880 1560 τῆς
899 1502 1077 1561 μεγάλης
1098 1507 1322 1557 ἐξελθοῦσα
1345 1505 1555 1561 ἐκκλησίας
1575 1506 1630 1556 εἷς

109 1572 212 1618 zora
238 1571 447 1618 παλάτιον.
515 1575 888 1632 συναθροισθείσης
912 1574 957 1617 δὲ
978 1575 1045 1616 καὶ
1069 1578 1144 1630 τῆς
1167 1571 1412 1631 συγκλήτου,
1445 1576 1630 1630 δημηγο-

60 1636 69 1643 ”
167 1640 329 1701 ρήσασα
347 1641 373 1700 ἦ
390 1643 490 1699 Ζωὴ
507 1641 704 1701 πρότερον
719 1643 794 1699 μέν
809 1643 911 1700 πρὸς
925 1642 999 1699 τὴν
1015 1641 1251 1700 σύγκλητον,
1271 1641 1355 1686 εἶτα
1373 1644 1440 1685 καὶ
1460 1641 1502 1686 ἴκ
1522 1660 1631 1694 τινος

166 1716 370 1768 περιωπῆς
388 1712 491 1770 πρὸς
508 1712 555 1756 τὸ
578 1716 764 1769 πλῆθος,
801 1711 936 1763 αὗτοῖς
955 1711 1029 1767 μὲν
1049 1713 1305 1771 εὐχαριστίας
1327 1709 1383 1761 ὥς
1402 1711 1507 1763 εἰκὸς
1527 1711 1630 1755 ἀπέ-

167 1781 264 1826 δοτο
295 1783 363 1825 καὶ
390 1781 512 1838 εὐχὰς
537 1785 616 1838 τῆς,
632 1783 690 1834 εἷς
711 1781 837 1838 αὐτὴν
858 1781 1034 1835 εὐνοίας,
1067 1781 1140 1839 τὴν
1161 1783 1252 1842 περὶ
1271 1785 1342 1826 τοῦ
1362 1780 1562 1837 βασιλέως
1583 1780 1629 1825 δὲ

258 1923 282 1961 7
305 1925 385 1967 τοῖς
405 1923 587 1972 σεκρέτοις
608 1925 639 1962 C
778 1925 823 1963 12
844 1923 912 1961 τοῦ
938 1924 969 1961 C
1106 1924 1152 1962 17
1174 1921 1311 1971 ἑαυτῆς
1332 1924 1363 1960 C

166 2061 240 2086 mes
260 2049 436 2098 lapidibus
458 2051 564 2098 lignis
586 2054 691 2099 atque
714 2051 792 2087 aliis
814 2050 851 2086 id
873 2061 983 2096 genus
1005 2050 1111 2084 rebus
1134 2049 1307 2096 correptis
1330 2052 1454 2085 contra
1477 2052 1628 2084 armatos

166 2098 419 2144 depugnarent.
467 2105 504 2133 et
526 2098 625 2134 aiunt
645 2099 690 2133 ad
714 2098 784 2133 tria
809 2098 963 2132 virorum
986 2096 1080 2131 milia
1101 2107 1142 2130 eo
1164 2096 1221 2130 die
1246 2096 1303 2140 (is
1324 2096 1394 2130 fuit
1415 2095 1540 2130 tertius
1564 2107 1628 2130 an-

167 2143 376 2198 tipaschatis
397 2143 500 2189 dies)
532 2144 649 2179 occisa
670 2145 792 2179 fuisse.
838 2143 978 2178 tandem
1001 2141 1220 2177 multitudine
1241 2142 1483 2187 imperatorios
1507 2141 1634 2176 urbani

169 2195 354 2235 vicerunt,
386 2201 428 2225 ac
458 2190 636 2236 perruptis
667 2190 780 2237 portis
813 2189 976 2235 palatium
1002 2188 1154 2233 ingressi
1183 2199 1302 2222 aurum
1335 2194 1371 2223 et
1401 2188 1570 2233 quidquid
1595 2187 1634 2222 in

170 2235 278 2270 Secto
302 2240 379 2270 erat
400 2248 515 2271 rerum
539 2236 778 2282 diripuerunt,
806 2235 962 2281 publicas
996 2245 1134 2279 quoque
1156 2234 1364 2269 tributorum
1388 2234 1523 2269 tabulas
1546 2246 1633 2269 con-

169 2281 368 2327 sciderunt,
391 2282 574 2328 ipsumque
595 2283 838 2329 imperatorem
860 2281 1154 2326 comprehendere
1177 2280 1292 2314 conati
1310 2286 1402 2316 sunt.
1452 2281 1512 2326 qui
1535 2286 1574 2315 ut
1596 2292 1636 2315 se

169 2333 370 2373 superatum
402 2327 513 2372 vidit,
546 2327 590 2362 im
619 2329 772 2363 eratoria
794 2327 910 2362 celoce
933 2338 1009 2361 cum
1033 2326 1247 2361 nobilissimo
1271 2338 1462 2362 conscensa
1485 2326 1634 2372 aliisque

169 2373 321 2417 intimis,
345 2373 469 2409 relicta
489 2374 525 2408 in
550 2386 573 2421 p
609 2374 680 2409 atio
700 2374 798 2418 Zoa,
825 2379 949 2419 quarta
970 2373 1059 2407 seria
1082 2384 1212 2407 summo
1235 2384 1335 2407 mane
1359 2373 1395 2406 in
1419 2373 1537 2408 Studii
1559 2385 1636 2407 mo-

171 2419 361 2501 na‘isterium
393 2421 568 2467 perfugit,
605 2426 642 2456 et
675 2431 751 2455 cum
783 2420 862 2466 ipse
884 2425 956 2455 tum
979 2418 1232 2464 nobilissimus,
1268 2419 1425 2454 monachi
1448 2419 1572 2455 habitu
1594 2431 1636 2454 se

168 2466 206 2501 in
231 2466 297 2503 uit.

261 2513 342 2547 Hoc
372 2512 473 2548 modo
503 2524 638 2559 pugna,
672 2523 763 2558 quae
788 2511 876 2547 hora
901 2512 1054 2547 secunda
1084 2510 1258 2547 secundae
1289 2510 1539 2557 antipaschatis
1562 2510 1636 2546 diei

171 2563 357 2604 coeperat,
392 2563 496 2594 nocte
529 2559 630 2594 finita
661 2565 716 2594 est
751 2559 879 2594 tertiae
910 2558 994 2593 diei.
1042 2563 1080 2593 at
1102 2569 1188 2592 vero
1214 2558 1288 2592 Zoe
1313 2569 1431 2593 rursus
1454 2557 1637 2604 imperium

171 2605 320 2651 adepta,
355 2605 399 2640 de
431 2617 553 2640 sorore
584 2605 776 2640 Theodora
805 2605 1052 2640 summovenda
1084 2616 1160 2639 cum
1183 2604 1372 2650 cogitaret,
1410 2604 1637 2639 multitudinis

173 2649 343 2686 voluntati
376 2652 571 2697 concessit,
604 2650 696 2697 qua'e
721 2651 810 2686 hanc
835 2651 974 2699 imperii
998 2656 1191 2686 consortem
1214 2650 1355 2686 volebat
1378 2663 1468 2687 esse.
1516 2650 1637 2695 itaque

173 2696 278 2731 etiam
300 2697 490 2733 Theodora
513 2710 534 2733 a
556 2709 681 2743 magno
705 2698 832 2744 templo
857 2698 892 2732 in
915 2697 1078 2744 palatium
1102 2696 1211 2732 venit.
1258 2703 1383 2732 senatu
1412 2697 1517 2732 etiam
1550 2708 1635 2731 con-

171 2748 316 2787 vocato,
340 2742 415 2778 Zoe
440 2755 505 2790 pro
529 2744 696 2779 concione
716 2745 761 2779 ad
778 2751 933 2779 senatum
956 2744 1121 2790 primum,
1146 2743 1274 2779 deinde
1294 2744 1338 2778 ad
1359 2743 1521 2790 populum
1545 2754 1633 2788 quo-

172 2799 242 2834 que
264 2801 284 2823 e
305 2790 383 2824 loco
407 2790 593 2835 conspicuo
618 2790 752 2834 locuta,
786 2791 938 2835 gratias,
969 2796 1008 2825 ut
1031 2802 1096 2836 par
1118 2795 1215 2834 erat,
1249 2789 1301 2825 eis
1326 2789 1400 2835 egit
1422 2802 1485 2835 pro
1509 2801 1573 2825 sua
1596 2789 1633 2823 in

171 2834 281 2882 ipsam
304 2836 568 2884 benevolentia,
601 2850 642 2872 ac
666 2839 754 2873 bene
778 2843 833 2872 est
855 2842 1018 2884 precata:
1053 2842 1123 2872 tum
1146 2837 1230 2884 quid
1253 2837 1298 2872 de
1322 2837 1533 2883 imperatore
1555 2835 1634 2872 fieri
