1916 3210
440 173 840 219 HISTORIARUM
874 170 1262 217 COMPENDIUM.
1488 166 1586 216 561

125 293 266 350 τηρῶν
287 288 331 342 ἔς
360 286 504 334 αὖτόν·
539 287 585 334 οἳ
603 287 654 346 δὴ
677 289 743 332 καὶ
767 287 872 331 κατὰ
889 284 1033 345 χώραν
1056 283 1258 344 γενόμενοι
1281 285 1348 329 καὶ
1371 284 1445 336 τὰς
1465 282 1590 328 δυνά-

125 377 218 416 pst:
231 356 557 418 4ιινυνηθροαιότες
578 357 695 416 ἔργον
717 357 882 413 εἴχοντο.
949 358 1015 400 καὶ
1038 360 1090 414 τῇ
1109 356 1183 411 μὲν
1201 354 1314 398 πόλει
1333 359 1408 398 τοῦ
1428 354 1590 410 Τιβίου,

127 426 219 485 ἥτις
233 422 285 484 ἦν
299 432 372 470 τοῦ
388 427 537 479 παντὸς
556 426 702 477 ἔθνους
715 423 963 484 μητρόπολις
970 457 984 478 ,
1014 429 1259 482 προσβαλεῖν
1279 423 1350 467 οῧκ
1366 423 1590 479 ἠθέλησαν,

128 496 428 556 ἅποπειρῶνται
453 497 500 540 δὲ
526 500 607 540 τῶν
635 499 785 538 λοιπῶν
815 495 1022 552 φρουρίων
1050 497 1131 537 τῶν
1162 492 1240 537 ὅσα
1269 497 1326 552 τῷ
1346 492 1462 551 Ἀνίῳ
1485 490 1588 536 ὖπό-
1609 496 1732 533 Ρ’764

21 596 24 597 ⁷
94 572 272 610 ῦκειται.
338 565 407 610 καὶ
448 565 610 623 αἱροῦσι
637 564 712 620 μὲν
742 563 817 620 τὴν
850 561 967 619 ἆγιάν
995 563 1171 621 Μαρίαν
1200 563 1267 605 καὶ
1301 561 1347 605 τὸ
1383 559 1592 618 λεγόμενον

122 633 290 692 Ἄμπίερ
318 635 388 679 καὶ
417 633 488 678 τὸν
519 631 632 690 ἅγιον
665 634 707 675 Γ
703 630 891 690 ρηγόριον
899 663 912 684 ,
951 632 1042 674 λίαν
1071 630 1224 689 ἐρυμνὰ
1254 632 1323 673 καὶ
1350 628 1591 687 ἀπόκρημνα

129 699 393 762 ὀχυρώματιζ.
419 705 495 747 τοῦ
514 699 782 759 Ἀπλησφάρη
810 697 1005 751 πολλάκις
1029 697 1354 758 ἐπιχειρήσαντος
1380 703 1591 755 βοηθῆσαι

124 771 270 823 αὗτοῖς
297 770 673 828 πολιορκουμένοις,
717 772 784 812 καὶ
811 767 1056 819 τοσαυτάκις
1085 767 1342 825 ἡττηθέντος.
1408 767 1593 826 ἔρχονται

126 839 178 883 δὲ
195 841 274 884 καὶ·
292 840 357 883 ἐπὶ
376 839 424 883 τὸ
445 836 643 896 φρούριον
663 838 711 882 τὸ
729 835 979 892 καλούμενον
999 835 1262 890 Χελιδόνιον,
1297 837 1360 879 ἐπὶ
1379 841 1532 891 βουνοῦ
1549 855 1593 881 τε

71 906 396 966 ἱθοίποκρῆμνου
425 907 637 966 ἱδρυμένον
665 908 733 950 καὶ
761 905 811 950 οὗ
841 903 982 964 πόρρω
1010 907 1188 962 κείμενον
1214 910 1286 949 τοῦ
1315 908 1460 960 Τιβίου
1475 920 1488 933 ·
1523 907 1591 949 καὶ

122 974 432 1032 κυκλωσάμενοι
447 980 568 1019 ,τοῦτο
584 974 758 1034 τάφροις
773 976 841 1018 καὶ
851 973 1004 1034 χάραξι
1023 976 1092 1019 διὰ
1107 976 1369 1033 προσεδρειάς
1383 976 1592 1032 ἠπείγοντο

127 1043 502 1104 παραστήσασθαι·
528 1046 596 1088 καὶ
612 1045 692 1102 γὰρ
713 1044 764 1100 δὴ
786 1045 854 1087 καὶ
874 1042 1085 1098 ἐσπάνιζον
1100 1049 1182 1088 τῶν
1201 1045 1426 1101 ἀναγκαίων
1443 1045 1481 1087 οἶ
1500 1045 1595 1088 εἶ’σω

129 1118 207 1159 τοῦ
226 1115 404 1170 τείχους,
437 1114 497 1170 μὴ
522 1113 759 1172 φθάσαντες
780 1114 1095 1168 εἲσκομίσασθαι
1125 1114 1178 1157 τὰ
1211 1111 1415 1172 ἐπιτήδεια
1447 1113 1517 1156 διὰ
1545 1113 1591 1157 τὸ
1614 1120 1645 1157 Β

129 1187 206 1240 τῆς
232 1187 466 1242 προσβολῆς
493 1181 732 1241 ὀξύρροπον.
798 1183 866 1225 καὶ
894 1180 1197 1240 παρεστήσαντο
1220 1181 1270 1226 ἃν
1290 1184 1358 1225 καὶ
1381 1187 1525 1235 τοῦτο,
1561 1184 1597 1226 εἰ

76 1252 192 1309 ίὸμὴ
214 1253 428 1311 αἰφνιδίως
449 1250 477 1308 ἦ
497 1256 572 1295 τοῦ
589 1251 801 1307 πατρικίου
821 1251 1006 1302 Λέοντος
1026 1255 1100 1294 τοῦ
1123 1252 1336 1309 Τορνικιόυ
1361 1252 1403 1303 ἐξ
1426 1250 1596 1309 ἑσπέρας

131 1318 303 1380 ἀνήφθη
331 1321 574 1367 ἀποστασία.
641 1315 760 1370 οὗτος
785 1320 864 1376 γὰρ
895 1326 1131 1378 στρατηγῶν
1161 1321 1204 1363 ἓν
1227 1320 1382 1381 Ἰβηρίᾳ
1411 1323 1478 1364 καὶ
1502 1323 1597 1364 δια-

130 1391 306 1446 βληθεὶς
334 1387 392 1442 ὥς
418 1392 640 1447 τυραννιῶν
658 1393 731 1445 τῆς
759 1406 801 1431 τε
830 1389 960 1446 ἀρχῆς
988 1389 1305 1447 παραστέλλεται
1327 1391 1396 1432 καὶ
1418 1390 1598 1445 μοναχός

132 1460 386 1518 ἀποκείρεται
411 1461 479 1502 καὶ
507 1461 564 1511 εἰς
591 1458 666 1514 τὴν
693 1455 810 1501 πόλιν
841 1458 986 1512 ἀχθεὶς
1016 1458 1118 1501 οἴκοι
1147 1458 1279 1514 μένειν
1302 1458 1344 1501 ἒν
1360 1458 1598 1517 Ἀδριανου-

131 1525 246 1573 πόλει
272 1525 576 1584 προστάττεται.
642 1526 702 1582 μὴ
727 1526 893 1583 ἐνεγκὼν
914 1527 960 1570 δὲ
981 1525 1164 1585 εὗφόρως
1181 1527 1234 1571 τὰ
1256 1530 1312 1578 εἷς
1335 1528 1459 1571 αὐτὸν
1480 1546 1597 1585 γεγο-

76 1594 442 1654 ίθνότα,.ἀνιαρά,
487 1595 629 1656 λάθρᾳ
667 1596 734 1638 καὶ
768 1595 871 1638 κατὰ
905 1595 1051 1652 μικρὸν
1078 1595 1175 1648 τοὺς
1201 1596 1245 1639 ἓν
1268 1597 1598 1654 Ἀδριανουπόλει

133 1664 329 1724 πρότερον
350 1663 600 1709 ὗποποιεῖται
621 1662 894 1722 στρατηγούς,
927 1662 1070 1709 ὁπόσοι
1091 1663 1232 1721 ἔτυχον
1252 1664 1362 1717 ὄντες
1381 1683 1597 1725 παρεωρα-

132 1735 248 1791 μένοι
266 1735 335 1778 καὶ
353 1733 572 1792 ἄπρακτοι·
607 1735 676 1777 διὰ
696 1735 740 1777 δὲ
759 1732 913 1777 τούτων
936 1735 1003 1776 καὶ
1025 1737 1105 1778 τῶν
1126 1735 1254 1779 αὐτοῦ
1275 1740 1476 1792 συγγενῶν
1495 1734 1599 1779 ὓπο-

135 1805 313 1863 φθείρας
340 1804 410 1866 καὶ
439 1804 536 1855 τοὺς
562 1800 651 1847 ὅσοι
679 1807 760 1846 τῶν
794 1805 1092 1847 Μακεδονικῶν
1120 1799 1247 1863 ἦρχον
1278 1803 1495 1861 ταγμάτων
1529 1807 1598 1848 καὶ

223 1948 251 1984 4
269 1945 464 1984 ὖπέκειντο
485 1945 517 1981 C
610 1946 655 1982 10
670 1941 862 1992 οἷκρήμνου
879 1945 911 1981 C
1003 1946 1048 1982 13
1061 1946 1132 1982 τοῦ
1147 1957 1201 1982 om
1217 1947 1248 1982 C
1342 1947 1386 1985 15
1400 1947 1549 1994 τορνίκη
1565 1947 1596 1983 C

227 1992 266 2039 ἐξ
289 1992 448 2040 ἑσπέρας
467 2005 520 2029 om
540 1992 572 2028 C
709 1995 752 2031 17
773 1990 1002 2039 παραλύεται
1025 1993 1056 2028 C

135 2131 239 2168 qnam
259 2120 304 2156 ad
324 2118 507 2167 imperium
529 2117 738 2154 eveheretur
753 2130 837 2154 usus
854 2119 983 2155 fuerat.
1030 2119 1067 2154 hi
1085 2122 1198 2154 autem
1215 2118 1430 2165 provinciam
1444 2119 1598 2166 ingressi

135 2166 362 2213 collectisque
382 2165 595 2201 exercitibus
617 2165 661 2200 ad
683 2177 754 2200 rem
779 2167 966 2211 gerendam
990 2166 1164 2210 conversi,
1188 2167 1307 2201 urbem
1326 2166 1482 2211 Tibium‚
1505 2178 1597 2212 quae

135 2218 216 2248 eret
245 2213 321 2248 eins
352 2212 468 2257 gentis
499 2211 720 2258 metropolis,
754 2223 958 2258 oppugnare
988 2212 1237 2247 incommodum
1269 2212 1357 2256 rati,
1392 2212 1529 2258 reliqua
1551 2213 1596 2248 ad

134 2259 264 2295 Anium
291 2257 504 2305 pertinentia
535 2257 679 2292 castella
708 2262 865 2301 tentant,
902 2258 1112 2304 capiuntque
1133 2264 1287 2293 sanctam
1309 2258 1477 2304 Mariam,
1511 2259 1596 2295 Am-

134 2305 293 2352 pierum,
318 2309 474 2339 sanctum
498 2303 727 2348 Gregorium,
760 2305 939 2339 admodum
963 2304 1110 2339 munitas
1134 2309 1172 2339 et
1196 2303 1393 2350 praeruptis
1415 2304 1596 2351 impositas

134 2351 232 2388 saxis
260 2362 382 2395 ποοῦ,
416 2349 647 2396 Aplesphario
679 2361 784 2395 saepe
815 2362 914 2396 opem
939 2350 984 2384 iis
1006 2351 1085 2385 dum
1109 2355 1394 2396 oppugnarentur
1415 2351 1510 2386 ferre
1534 2364 1595 2387 co-

136 2402 240 2442 nato,
275 2407 480 2442 semperque
501 2395 610 2430 victo.
656 2395 739 2430 inde
762 2397 805 2431 ad
829 2396 1006 2431 castellum
1030 2396 1271 2431 Chelidonium
1294 2397 1459 2442 veniunt,
1493 2397 1598 2433 situm

135 2443 177 2479 in
195 2442 383 2490 praecipiti
404 2441 492 2476 colle
516 2441 606 2476 baud
629 2440 733 2487 longe
756 2453 778 2476 a
801 2442 924 2477 Tibio.
970 2442 1006 2477 id
1041 2454 1117 2477 cum
1145 2443 1237 2477 vallo
1260 2443 1426 2488 fossaque
1449 2443 1598 2478 circum-

136 2490 341 2533 venissent,
372 2487 554 2524 obsidione
583 2499 709 2533 capere
736 2488 938 2534 intendunt,
975 2489 1067 2534 quod
1098 2489 1168 2524 iam
1202 2489 1450 2535 praesidiarios
1473 2501 1530 2524 res
1553 2490 1598 2525 ad

137 2535 268 2572 victum
293 2534 509 2570 necessariae
530 2534 784 2580 destituebant,
817 2536 931 2570 subita
963 2534 1147 2570 obsidione
1179 2540 1389 2582 praeventos
1412 2547 1456 2570 ne
1479 2547 1598 2571 earum

138 2581 274 2628 copiam
302 2581 542 2627 importarent.
590 2580 809 2625 fuissentque
841 2593 882 2616 eo
913 2581 1036 2627 potiti,
1068 2581 1137 2616 nisi
1167 2581 1204 2616 in
1236 2581 1429 2617 Occidente
1451 2587 1598 2628 repente

165 2627 281 2664 atricii
310 2626 442 2662 Leonis
469 2625 631 2662 Tornicii
659 2627 851 2662 exarsisset
880 2627 1046 2663 defectio.
1092 2627 1124 2663 is
1153 2627 1228 2663 Leo
1257 2639 1333 2662 cum
1358 2628 1507 2662 Iberiam
1529 2639 1596 2673 gu-

138 2640 305 2710 Bon-naret
326 2674 512 2709 affectatae
534 2672 753 2718 tyrannidem
775 2681 977 2718 accusatus,
1008 2675 1214 2720 magistratu
1235 2674 1403 2720 spoliatus
1427 2685 1598 2720 rasusque

138 2720 244 2756 vitam
268 2718 491 2755 monasticem
513 2730 618 2765 agere
635 2718 751 2754 iussus
771 2726 860 2755 erat.
908 2732 978 2756 non
998 2721 1220 2756 mediocriter
1239 2726 1354 2756 nutem
1373 2720 1493 2756 ferens
1511 2732 1598 2755 con·

138 2764 332 2810 tumeliam,
356 2765 489 2800 occulte
511 2777 553 2800 ac
573 2765 738 2811 paulatim
760 2766 866 2802 duces
887 2767 947 2814 qui
969 2766 1193 2814 Adrianopoli
1217 2773 1318 2802 erant
1337 2766 1513 2813 corrupit,
1537 2766 1598 2813 qui

138 2817 178 2848 et
206 2811 278 2858 ipsi
308 2811 527 2859 contemptim
551 2813 594 2847 ab
616 2812 827 2858 imperatore
851 2813 962 2849 habiti
986 2814 1059 2848 otio
1080 2815 1280 2860 torpebant.
1328 2813 1448 2849 horum
1471 2812 1599 2848 deinde

139 2862 177 2894 et
195 2869 336 2894 suornm
358 2857 632 2893 necessariorum
656 2870 763 2904 opera
786 2859 913 2896 milites
936 2871 1075 2908 quoque
1097 2860 1168 2896 sibi
1190 2859 1372 2906 conciliat,
1409 2859 1469 2906 qui
1492 2858 1597 2894 otiosi

195 2911 327 2959 θεοῖς.
357 2911 532 2947 Gedrenus
559 2915 639 2948 tom.
671 2912 719 2947 11.
1267 2908 1323 2949 36
