1890 3236
490 142 896 190 ms’romeM
936 141 1334 195 οοΜΡΕΝΒῙυΜ.
1548 141 1655 216 241

165 259 263 316 λευκὴ
283 258 511 304 πανδαισία
533 257 663 303 αὐτοῦ
682 274 726 301 τε
751 258 818 301 καὶ
838 261 921 301 τῶν
941 255 1021 300 ἀνὰ
1043 260 1125 300 πᾶν
1146 254 1235 308 ἔτος
1254 254 1331 301 ὕπ’
1355 255 1484 302 adro&
1509 262 1653 316 κεκλη-

163 329 300 387 μένων
316 328 508 387 ἄφθονον
525 328 594 371 καὶ
616 328 780 370 δικαίαν
796 326 870 382 τὴν
885 327 1084 384 χορηγίαν
1106 325 1269 380 ἔμελλεν
1290 326 1394 382 ἔχειν
1413 327 1488 371 ἀεί.
1556 329 1651 372 ἑὸο·

155 395 328 455 ’μήσατο
349 398 394 442 δὲ
409 398 478 442 καὶ
495 396 547 440 τὰ
565 398 608 440 ἓν
623 398 790 452 Πηγαῖς
806 393 986 439 παλάτια
994 426 1008 448 ,
1037 396 1104 438 καὶ
1125 394 1178 438 τὰ
1197 395 1240 438 ἓν
1255 402 1340 447 τοῖς
1352 395 1512 453 Ἠρίοις
1529 397 1651 442 ἕκαλ-

158 468 374 512 λωπίσατο
386 497 402 520 ,
450 463 724 523 ἀνακαθάρας
753 466 822 508 καὶ
852 464 927 520 τὴν
957 463 1264 520 ἀπογεωθεῖσαν
1297 466 1552 523 κινστέρναν,
1599 467 1650 524 ἣν

130 533 403 594 5“Ηράκλειος
421 533 443 578 ὅ
459 534 655 591 βασιλεὺς
674 531 922 592 προσχώσας
940 531 1190 590 παράδεισον
1211 538 1351 590 φυτῶν
1371 535 1439 577 καὶ
1460 533 1649 590 λαχάνων

163 603 396 663 εἰργάσατο.
466 603 567 662 ὅπερ
598 604 760 659 ἐποίησε
787 603 856 647 καὶ
874 603 918 646 ἐν
938 608 1030 653 ταῖς
1052 601 1196 653 οὔσαις
1211 602 1324 654 ἐντὸς
1341 608 1415 646 τοῦ
1434 606 1646 659 παλατίου,

159 678 215 733 τῇ
246 691 290 718 τε
319 674 402 733 πρὸ
431 677 506 729 τῆς
532 670 797 730 Μαγναῦρας
816 672 885 715 καὶ
907 675 959 729 τῇ
980 671 1134 726 μεταξὺ
1152 671 1442 715 Ἰουστινιανοῦ
1462 678 1538 717 τοῦ
1557 691 1647 732 τρι-

161 745 316 788 κλινίου
334 744 403 786 καὶ
420 746 496 786 τοῦ
511 744 777 786 Λαυσιακοῦ.
823 738 846 784 ὅ
867 739 947 798 γὰρ
972 741 1179 798 εἰρημένος
1194 741 1391 795 βασιλεὺς
1402 738 1647 800 Ἡράκλειος

160 812 276 871 παρὰ
297 809 513 870 Στεφάνου
532 815 607 854 τοῦ
627 807 859 868 φιλοσόφου
880 808 1058 864 μαθών,
1094 809 1170 866 τὴν
1191 811 1343 867 γένεσιν
1365 811 1494 855 αὐτοῦ
1514 817 1644 855 πολυ-
1667 822 1697 858 Ρ
1720 825 1788 861 589

104 879 543 939 ωπραγμονήσαντος,
579 877 636 932 ὥς
654 881 698 932 ἐξ
716 878 870 930 ὕδατος
890 879 1016 922 αὐτὸν
1036 881 1104 922 δεῖ
1119 883 1332 932 τελευτᾶν,
1366 879 1443 932 τὰς
1460 886 1542 924 τῶν
1558 900 1645 926 κιν-

157 954 359 1008 στερνῶν,
393 946 451 1001 ὡς
471 949 627 1007 εἴρηται
637 980 651 1002 ,
682 947 936 1007 προσχώσεις
955 946 1185 1006 εἰργάσατο.
1252 948 1306 993 τὰ
1323 949 1365 992 ἕν
1383 956 1469 1001 τοῖς
1484 951 1645 1009 Ἠριόις

157 1013 232 1064 οὖν
259 1016 537 1076 ἀποκαθάρας
563 1019 753 1074 βασίλεια
783 1021 841 1069 εἰς
874 1017 920 1061 τὸ
954 1018 1126 1076 ἀρχαῖον
1159 1021 1299 1074 σχῆμα
1333 1017 1530 1077 ἀνήγαγε,
1573 1022 1644 1064 καὶ

154 1087 247 1133 ἀντὶ
274 1089 527 1146 παραδείσου
558 1089 716 1143 ὁοχεΐον
743 1086 1020 1144 ἀπειργάσατο
1049 1086 1203 1140 ὕδατος
1230 1087 1422 1146 ἀφθόνου
1449 1091 1516 1132 καὶ
1543 1091 1644 1134 διει-

156 1159 268 1209 ὁοῦς.
335 1158 524 1213 ἐδείματο
553 1158 600 1201 δὲ
625 1157 703 1201 κάν
728 1161 788 1216 τῷ
809 1156 927 1216 φόρῳ
950 1156 1050 1200 ναὸν
1073 1158 1436 1215 περικαλλέστατον
1457 1159 1522 1202 ἐπ’
1547 1158 1643 1204 ὂνό-

100 1237 256 1282 ιδματι
276 1230 350 1283 τῆς
367 1225 591 1280 θεοτόκου,
626 1226 683 1278 ὡς
703 1225 754 1270 ἂν
773 1225 902 1282 ἔχοιεν
925 1225 1049 1270 αὐτὸν
1070 1227 1109 1270 οἱ
1130 1225 1506 1283 πραγματευόμενοι
1530 1226 1641 1273 οἶκον

153 1299 408 1354 προσευχῆς,
443 1293 566 1340 ὁπότε
587 1302 677 1348 ταῖς
694 1297 989 1354 πραγματείαις
1010 1295 1311 1354 ε’μβραδύνωσι.
1380 1297 1544 1341 καὶτὸν
1565 1302 1639 1341 τοῦ

153 1363 272 1422 ἇγίου
302 1367 434 1409 Φωκᾶ
463 1365 510 1409 δὲ
539 1365 639 1409 ναὸν
667 1366 710 1408 ἐν
737 1370 795 1424 τῷ
826 1367 967 1423 Στενῴ
996 1363 1265 1416 ἐπισκευάσας
1285 1366 1354 1408 καὶ
1377 1368 1639 1420 καλλωπίσας

152 1431 385 1492 οἰκητήριον
402 1439 596 1490 μοναχῶν
612 1434 823 1478 ἀπετέλεσε
832 1466 846 1487 ,
881 1433 1008 1485 τάξας
1028 1433 1418 1492 προσόδουςὶκανὰς
1437 1437 1494 1487 εἷς
1515 1434 1637 1494 διάρ-

151 1520 264 1548 κειαν
283 1507 366 1547 τῶν
383 1503 427 1547 ἓν
446 1503 559 1563 αῧτῷ
579 1503 852 1558 ἀσκουμένων.
921 1504 1144 1547 ἀνεκαίνισε
1170 1505 1214 1547 δὲ
1234 1506 1303 1547 καὶ
1324 1503 1394 1548 τὸν
1412 1505 1540 1562 με’γαν
1561 1510 1637 1550 τοῦ
1656 1515 1688 1551 Β

92 1571 482 1631 Ξθᾶρχιστρατήγου
516 1573 615 1617 ναὸν
645 1572 717 1616 τὸν
744 1573 787 1616 ἓν
812 1576 872 1633 τῷ
896 1575 1122 1633 Σωσθενιίρ
1149 1572 1230 1631 ἤδη
1259 1574 1635 1632 προκαταπεσόντα,

146 1643 216 1686 καὶ
240 1643 300 1694 εἵς
322 1641 370 1686 τὸ
394 1639 637 1700 φαινόμενον
657 1640 807 1694 κάλλος
825 1641 1038 1699 μετήγαγε.

285 1711 480 1764 Πολλοὺς
495 1713 623 1756 δὲκαὶ
639 1716 720 1757 τῶν
732 1712 942 1756 Ἰουδαίων
959 1714 1122 1770 δωρεῶν
1138 1713 1392 1770 ἐπαγγελίαις
1407 1713 1476 1756 καὶ
1494 1709 1633 1758 δόσεσι

237 1843 264 1926 Ξ
288 1840 558 1925 ζουστινιέναῒς
578 1842 766 1890 τρικλίνου
788 1843 820 1880 C
959 1844 1005 1881 10
1022 1840 1069 1888 δὴ
1092 1842 1123 1878 C
1263 1844 1307 1881 11
1331 1840 1379 1879 τὰ
1402 1862 1450 1871 —-
1475 1845 1520 1884 13
1542 1843 1631 1881 &ec-

263 1902 333 1932 ους
352 1902 409 1926 om

142 2004 326 2052 peratorio
358 2004 525 2042 convivio
552 2016 619 2052 pro
648 2016 709 2050 se,
745 2007 782 2040 et
815 2004 860 2040 iis
887 2004 949 2052 qui
975 2008 1051 2040 toto
1080 2004 1163 2041 anni
1191 2004 1343 2041 decursu
1378 2004 1630 2052 invitarentur,

141 2052 364 2088 sufficientes
397 2058 435 2089 et
456 2051 560 2087 'iuste
589 2052 682 2098 parti
707 2057 865 2098 sumptus
889 2052 1171 2097 suppeditarent.
1218 2052 1378 2087 condidit
1401 2053 1505 2087 etiam
1530 2053 1628 2099 pala-

141 2098 230 2135 tium
253 2099 299 2135 ad
324 2100 479 2144 Fontes,
503 2104 541 2134 et
562 2097 601 2134 id
625 2100 719 2145 quod
741 2099 778 2133 in
798 2097 898 2133 Eriis
918 2103 993 2133 erat
1012 2097 1218 2144 decoravit,
1242 2098 1398 2134 cisterna
1419 2106 1627 2147 repurgata,

139 2155 245 2191 qnam
272 2145 460 2181 Heraclius
490 2144 682 2192 imperator
705 2150 803 2180 terra
828 2145 966 2190 ingesta
988 2145 1240 2191 complanatam
1264 2143 1302 2179 in
1326 2145 1463 2180 hortum
1487 2145 1628 2181 arbori-

139 2191 207 2227 bus
229 2202 272 2226 ac
295 2191 449 2228 oleribus
475 2191 675 2239 plantandis
698 2196 916 2235 mutaverat,
952 2195 992 2225 ut
1015 2198 1052 2226 et
1073 2191 1260 2226 cisternam
1285 2203 1361 2225 eam
1385 2202 1477 2237 quae
1500 2198 1558 2227 est
1581 2192 1626 2227 ad

137 2235 379 2283 magnauram,
403 2244 441 2273 et
463 2249 554 2284 quae
576 2238 671 2273 inter
693 2236 883 2273 triclinium
898 2236 1151 2272 Iustinianeum
1168 2249 1210 2272 ac
1225 2237 1448 2272 Lausiacum.
1496 2238 1627 2274 etenim

136 2283 342 2329 praedictus
372 2284 560 2319 Heraclius
594 2284 808 2330 imperator,
843 2295 920 2318 cum
950 2283 984 2318 ei
1011 2284 1213 2338 Stephanus
1237 2283 1465 2329 philosophus
1491 2285 1626 2319 exami-

138 2334 223 2365 nato
255 2329 410 2365 siderum
441 2329 556 2376 qualis
577 2328 695 2364 fuerat
719 2330 797 2376 ipso
824 2335 991 2364 nascente
1016 2335 1134 2376 positu
1158 2329 1395 2375 praedixisset
1418 2341 1542 2375 aquam
1568 2331 1626 2365 in-

136 2375 282 2411 teritum
304 2375 376 2423 ipsi
397 2376 599 2419 allaturam,
625 2376 797 2411 cisternas
821 2382 919 2411 terra
941 2383 1113 2421 congesta
1136 2376 1358 2423 oppleverat.
1404 2375 1528 2422 itaque
1550 2376 1626 2412 Ba-

137 2422 240 2457 silius
271 2422 458 2458 cisternam
482 2423 519 2457 in
542 2422 641 2457 Eriis
664 2422 894 2469 repurgavit,
929 2422 1078 2468 locoque
1109 2422 1202 2458 horti
1225 2422 1486 2467 receptaculum
1509 2435 1623 2469 aquae

136 2469 304 2514 copiosae
328 2481 371 2504 ac
394 2469 590 2516 pellucidae
611 2468 780 2505 confecit.
830 2473 867 2503 et
889 2468 926 2502 in
949 2470 1028 2503 foro
1051 2468 1253 2504 aedificavit
1270 2468 1437 2513 templum
1456 2469 1620 2515 pulcher-

133 2514 260 2551 rimum
289 2515 460 2562 deiparae
489 2527 648 2560 sacrum,
680 2520 720 2550 ut
752 2514 803 2550 ibi
830 2515 1070 2560 negotiatores
1093 2515 1230 2550 domum
1253 2515 1418 2561 precibus
1445 2515 1621 2551 faciundis

133 2571 157 2596 a
182 2565 255 2597 tum
289 2562 483 2607 haberent,
521 2574 597 2597 cum
625 2574 667 2597 eo
690 2561 768 2597 loco
792 2561 837 2596 ob
861 2561 1122 2607 negotiationes
1149 2567 1458 2597 commorarentur.
1505 2563 1622 2598 sancti

132 2573 276 2643 oncae
298 2609 418 2644 sanum
439 2610 478 2644 in
501 2609 612 2644 Steno
636 2608 846 2653 adornavit,
881 2608 1201 2654 monasteriumque
1223 2607 1385 2652 redegit,
1419 2609 1621 2644 constitutis

133 2664 200 2700 pro
235 2653 283 2690 iis
317 2655 380 2701 qui
413 2655 451 2690 in
485 2667 528 2690 eo
561 2654 760 2700 religiosam
785 2660 994 2690 exercerent
1017 2655 1123 2690 vitam
1148 2654 1407 2690 sufficientibus
1430 2656 1615 2691 reditibus.

133 2700 323 2736 renovavit
352 2701 458 2738 etiam
491 2712 653 2747 magnum
685 2700 800 2736 sancti
832 2700 999 2737 Michaeli
1020 2701 1058 2735 in
1080 2701 1271 2736 Sosthenio
1303 2701 1488 2746 templum,
1522 2701 1617 2747 quod

131 2752 240 2829 antea
259 2748 430 2795 temporis
455 2754 657 2794 corruerat,
691 2753 732 2804 Ξῖ
755 2748 802 2784 ad
825 2759 900 2783 eam
923 2759 994 2794 qua
1016 2747 1123 2783 hodie
1146 2748 1276 2784 visitur
1298 2746 1508 2794 elegantiam
1531 2759 1616 2794 per-

158 2793 247 2831 uxit.

224 2839 356 2875 Multos
379 2839 484 2876 etiam
508 2840 718 2877 Iudaeorum
742 2851 922 2878 munerum
952 2839 1267 2889 pollicitationibus
1290 2843 1398 2886 atque
1422 2838 1615 2876 exhibitio-

188 2892 322 2940 Georg.
353 2894 532 2930 cedrenus
561 2899 647 2931 tom.
678 2881 730 2930 ll.
1278 2890 1332 2930 16
