1916 3210
325 185 422 234 688
551 172 558 178 ’
718 181 944 227 ιοΑΝΝῙε
976 179 1370 226 ουΒοΡΑιΑΤΔΕ

326 299 530 356 ἂπείργετο
557 295 603 340 δέ
629 299 713 347 τοῖς
735 311 779 339 τε
810 290 1056 350 συμβούλοις
1077 294 1143 337 καὶ
1163 297 1214 352 τῇ
1234 293 1375 355 ἀγνοίᾳ
1394 297 1467 338 τοῦ
1485 291 1670 351 πλήθους
1688 294 1767 340 τῶν

325 367 525 410 ἐναντίων.
588 359 693 419 ἦσαν
721 363 767 407 δὲ
797 362 819 406 ὅ
850 379 893 406 τε
921 356 1205 419 Παλαιολόγος
1231 360 1468 420 Νικηφόρος
1493 361 1516 406 ὃ
1540 360 1767 421 ὕπέρτιμος,

183 443 213 478 Ρ
237 442 304 480 835
326 437 393 480 καὶ
414 437 494 477 τῶν
514 429 750 491 φιλοσόφων
767 428 920 482 ὕπατος
939 425 1239 489 Κωνσταντῒνος
1257 427 1279 473 ὃ
1302 428 1478 484 Ψελλός,
1508 431 1576 474 καὶ
1601 430 1674 475 ἐπὶ
1689 436 1769 475 πᾶ-

325 520 390 548 σιν
417 500 438 545 ὃ
468 502 631 557 Καῖσαρ
661 497 682 542 ὅ
709 502 782 542 τοῦ
812 497 1224 557 προβεβασιλευκότος
1252 496 1466 554 σύναιμος·
1506 499 1554 542 οἳ
1574 497 1670 542 ὅσον
1697 500 1770 556 μέν

327 571 392 615 ἔπ’
429 570 587 621 αὐτοῖς,
622 567 715 611 οὐδὲ
744 568 812 622 ζῆν
835 565 1004 625 ᾑροῦντο
1035 564 1156 610 αὐτόν
1187 566 1346 625 (βαρὺς
1372 567 1450 624 γὰρ
1473 561 1523 622 ἦν
1545 566 1801 618 αῧτοῖξ“.καὶ5

326 635 569 695 βλεπόμενος
595 636 686 679 λίαν
712 635 822 694 αὐτῷ
851 635 1193 690 ἄπεχθανομὲνοις
1213 633 1267 686 ὥς
1288 634 1404 692 ἀνδρὶ
1424 635 1588 695 γενναίῳ
1607 637 1675 678 καὶ
1690 636 1773 680 θυέ
1789 647 1792 650 ’

328 707 500 764 μοειδεῖ,
534 706 602 748 καὶ
634 704 729 754 τοὺς
759 703 953 761 ἐφέδρους
981 707 1052 758 τῆς
1079 704 1286 757 βασιλείας
1318 703 1468 758 ἔχοντι,
1501 703 1598 754 τοὺς
1627 701 1775 755 παῖδάς

331 792 437 834 φημι
455 778 526 816 τοῦ
543 770 734 826 Δουκός)
744 803 758 824 ,
791 769 902 827 ὅμως
922 774 947 815 δ
951 771 964 788 ²
987 767 1057 815 οὖν
1076 773 1120 815 ἐκ
1138 775 1212 815 τοῦ
1229 776 1462 829 προφανοῦς
1478 771 1648 829 ᾐδοῦντο
1669 771 1776 828 συμ-

329 841 535 898 βουλεύειν
567 841 676 899 αὗτῷ
703 839 756 884 τὰ
788 838 1024 898 ἀσύμφορα.
1088 840 1192 895 μεθ’
1215 837 1368 897 ἡμέρας
1388 841 1433 883 δέ
1452 857 1565 892 τινας
1582 834 1688 895 ἦλθε
1709 841 1775 884 καὶ

333 909 355 954 ὅ
384 908 690 968 κουροπαλάτης
719 906 945 963 Μανουήλ,
988 906 1228 964 ἐπαγόμενος
1252 907 1355 962 μεθ’
1386 906 1532 952 ἑαυτοῦ
1556 907 1627 952 τὸν
1650 924 1776 952 κατοι-
1789 909 1831 950 m

334 977 482 1035 σχόντα
504 978 626 1020 αὐτὸν
647 981 831 1034 Τοῦρκον
849 975 922 1019 οὔκ
943 974 1113 1029 ἄκοντα,
1146 976 1242 1019 ἀλλ’
1266 974 1406 1020 ἑκόντα
1422 976 1495 1033 τὴν
1513 975 1592 1020 ὕπὸ
1610 976 1681 1021 τὸν
1696 978 1779 1032 βα·-

333 1048 447 1092 σιλὲα
479 1047 662 1090 δουλείαν
693 1042 1003 1102 αἷρετισάμενον.
1069 1047 1272 1100 δυσμενῶς
1304 1044 1348 1088 δ’
1380 1044 1537 1100 ἕχρντος
1560 1049 1633 1088 τοῦ
1656 1048 1779 1089 σουλ-

333 1114 455 1159 τάνου
478 1115 579 1173 πρὸς
602 1113 724 1156 αὐτὸν
748 1110 816 1156 διά
835 1130 924 1156 τινα
952 1111 1165 1167 συμβάντα
1191 1110 1432 1168 αἰτιάματα,
1465 1113 1658 1171 στρατιὰν
1680 1114 1776 1157 κατ’

279 1193 315 1238 [Β
338 1184 463 1227 αὐτοῦ’
481 1181 584 1239 μετά
604 1198 710 1232 τινος
730 1179 983 1239 στρατάρχου
1004 1181 1269 1233 ἐξαπέστειλε,
1300 1183 1418 1225 παντὶ
1435 1179 1571 1240 τρόπῳ
1587 1179 1686 1226 {mv
1705 1179 1782 1225 αὗ-

334 1252 405 1296 τὸν
432 1249 742 1307 μηχανώμενος,
776 1244 824 1292 οὗ
855 1254 912 1308 τῷ
945 1248 1063 1308 φόβῳ
1091 1251 1370 1301 κατασεισθεὶς
1391 1253 1450 1308 τῷ
1473 1253 1638 1305 βασιλεῖ’
1655 1266 1781 1294 κατα·
1794 1252 1835 1291 1'5

335 1322 529 1377 πέφευγε,
562 1321 628 1362 καὶ
652 1316 847 1376 πρόεδρος
867 1320 1095 1376 παραυτίκα
1115 1320 1330 1374 τετίμηται.
1395 1313 1445 1374 ἦν
1465 1318 1509 1361 δὲ
1527 1317 1573 1363 τὸ
1591 1319 1665 1375 μὲν
1684 1324 1784 1376 φαι-

336 1387 501 1443 νόμενον
518 1388 626 1440 νέος,
651 1393 851 1443 πυγμαῖος
870 1387 913 1429 δὲ
933 1386 1076 1441 σχεδὸν
1094 1387 1167 1441 τὴν
1183 1385 1359 1442 ἡλικίαν,
1385 1387 1459 1430 καῖ
1471 1386 1544 1442 τὴν
1561 1385 1659 1443 ὄψιν
1675 1385 1784 1430 Σκύ-

336 1461 419 1512 θης
437 1458 505 1500 καὶ
524 1455 681 1512 ἄχαρις.
750 1457 872 1498 διεῖπε
892 1455 936 1497 δὲ
954 1455 1076 1498 αὐτὸν
1095 1454 1116 1497 ὁ
1133 1454 1342 1510 βασιλεύς,
1371 1455 1656 1511 συμβαλέσθαι
1675 1455 1786 1514 αὐτῷ

336 1525 439 1568 κατὰ
461 1528 541 1567 τῶν
563 1523 756 1581 Τούρκων
777 1524 962 1575 ἐλπίζων,
997 1525 1064 1566 καὶ
1086 1527 1138 1580 τῇ
1156 1524 1392 1581 προκειμένῃ
1408 1528 1592 1585 στρατιᾷ.
1657 1521 1786 1567 κατά-

338 1598 457 1649 λογον
488 1593 532 1635 δὲ
562 1597 641 1635 τιῦν
668 1595 921 1648 στρατιωτῶν
941 1589 1228 1646 ποιησάμενος,
1263 1591 1354 1647 ἄρτι
1380 1596 1453 1635 τοῦ
1477 1590 1595 1649 ἔαρος
1618 1589 1784 1635 ὗπανοί-
1796 1595 1840 1630 20

338 1677 478 1718 γοντος
501 1661 809 1717 διαπεραιωθεὶς
829 1661 884 1710 εἷς
903 1659 955 1702 τὰ
974 1663 1054 1702 τῶν
1072 1660 1223 1717 Ἠρίων
1253 1658 1431 1702 παλάτια
1458 1659 1671 1717 κατάγεται
1694 1661 1785 1718 περὶ

341 1729 467 1784 αὐτὴν
487 1729 561 1784 τὴν
578 1726 732 1784 ἡμέραν
753 1732 825 1782 τῆς
845 1728 1087 1784 ὄρθοδοξίας
1096 1759 1110 1780 ,
1144 1731 1194 1785 τῇ
1211 1727 1289 1785 πρὸ
1314 1727 1438 1782 αὐτῆς
1455 1726 1587 1788 ἡμέρᾳ
1603 1728 1677 1784 τὴν
1695 1728 1788 1784 3271«.-

341 1799 433 1841 σίαν
456 1795 598 1853 χώραν
626 1799 684 1854 τῷ
717 1812 758 1838 τε
791 1800 952 1855 στρατῷ
980 1797 1047 1838 καὶ
1074 1799 1125 1854 τῇ
1151 1794 1359 1856 συγκλήτῳ
1386 1794 1710 1852 διανειμάμενος,
1739 1795 1789 1840 ὀὗ

433 1913 480 1949 23
503 1912 552 1948 ἴσ.
576 1909 718 1958 δωρεὰν
741 1915 801 1949 aut
822 1909 938 1958 ῥόγοιν
959 1924 1078 1959 margo
1100 1913 1130 1948 P

345 2027 430 2052 suae
451 2014 588 2060 regioni
610 2026 708 2060 opem
731 2015 825 2050 ferre
848 2015 1025 2061 cupiebat.
1070 2014 1132 2049 sed
1154 2025 1176 2049 a
1193 2013 1401 2049 consiliariis
1419 2017 1455 2049 et
1471 2013 1689 2059 ignoratione
1703 2014 1792 2051 mul-
1822 2014 1826 2017 ’

344 2061 506 2096 titudinis
538 2061 687 2095 hostium
718 2061 978 2106 prohibebatur.
1025 2060 1061 2094 hi
1090 2064 1189 2095 erant
1210 2060 1430 2106 Nicephorus
1452 2060 1702 2106 Pahedogus,
1734 2061 1793 2096 vir

344 2106 586 2141 honestissimo
610 2106 684 2140 ioco
709 2112 827 2151 natus,
852 2111 887 2141 et
909 2106 1186 2152 philosophorum
1209 2106 1371 2152 princeps
1385 2106 1632 2142 Constantinus
1645 2106 1793 2152 Faenus,

345 2158 451 2199 atque
474 2152 510 2187 in
531 2152 650 2197 primis
674 2152 805 2187 Caesar
827 2152 920 2186 illius
943 2152 1003 2198 qui
1026 2156 1129 2187 antea
1145 2152 1377 2197 imperaverat
1393 2157 1578 2197 cognatus,
1604 2151 1665 2197 qui
1682 2163 1794 2198 quana

344 2204 416 2234 tum
446 2197 492 2232 in>
514 2198 602 2244 ipsis
630 2204 726 2242 erat,
762 2210 807 2233 ne
829 2198 951 2232 vivere
973 2197 1110 2242 quidem
1133 2209 1209 2232 eum
1234 2198 1439 2244 cupiebant,
1471 2198 1564 2244 quod
1585 2198 1655 2234 sibi
1676 2197 1795 2244 gravis

346 2248 457 2287 esset,
481 2249 516 2278 et
539 2243 640 2278 valde
663 2255 740 2278 eum
764 2244 911 2278 oderant
932 2247 969 2277 ut
994 2243 1104 2278 virum
1127 2255 1331 2288 generosum
1355 2255 1396 2278 ae
1418 2244 1562 2289 fortem,
1585 2244 1714 2290 quique
1735 2255 1795 2278 re-

346 2290 406 2335 gni
430 2289 629 2324 adsessores
653 2290 799 2324 haberet
821 2289 918 2324 ducis
939 2288 1053 2332 filios;
1083 2294 1233 2324 attamen
1254 2294 1374 2334 aperte
1395 2289 1606 2325 verebantur
1624 2289 1695 2336 ipsi
1715 2289 1795 2324 inu-

345 2336 423 2370 tilia
446 2335 638 2370 consulere.
685 2336 817 2380 aliquot
842 2340 922 2380 post
943 2335 1065 2369 diebus
1088 2335 1187 2369 venit
1208 2335 1289 2370 item
1313 2335 1454 2370 Manuel
1477 2335 1712 2381 curopalates,
1737 2346 1796 2370 se-

346 2392 422 2415 cum
456 2381 630 2416 adducens
661 2381 814 2416 Turcum
844 2381 937 2415 ilium
960 2392 981 2414 a
1003 2392 1071 2425 quo
1095 2382 1254 2415 detentus
1277 2381 1410 2425 fuerat,
1445 2393 1513 2416 non
1535 2381 1700 2426 invitum,
1733 2380 1796 2416 sed

345 2431 470 2471 sponte
494 2438 533 2461 se
556 2427 593 2461 in
614 2427 817 2462 servitutem
835 2426 1053 2472 imperatoris
1071 2427 1299 2462 dedicantem.
1345 2438 1423 2461 nam
1442 2438 1517 2462 cum
1536 2427 1700 2462 Sultenus
1715 2437 1799 2471 erga

347 2472 459 2517 ipsum
481 2472 620 2506 inimico
644 2473 756 2507 animo
782 2478 875 2507 esset
897 2474 941 2507 ob
966 2472 1130 2517 quasdam
1151 2483 1294 2516 causas,
1325 2473 1511 2507 exercitum
1534 2473 1699 2508 adversm
1721 2483 1798 2508 eum

349 2528 426 2551 cum
461 2519 607 2563 quodam
637 2519 725 2552 duce
756 2519 914 2562 miserat,
948 2517 985 2553 id
1015 2518 1159 2553 moliens
1191 2522 1229 2553 ut
1259 2529 1334 2553 eum
1359 2518 1482 2563 quovis
1509 2519 1610 2553 modo
1636 2522 1807 2564 θῆραι-εις-

348 2563 446 2597 cuius
479 2569 571 2598 metu
593 2563 653 2598 ille
675 2570 861 2599 commotus
887 2563 929 2599 ad
953 2564 1193 2608 imperatorem
1225 2564 1393 2609 confugit.
1438 2564 1624 2609 statimque
1658 2575 1700 2598 eo
1733 2563 1798 2597 ho-

347 2619 433 2642 nore
457 2610 605 2644 affectus,
627 2615 680 2644 est
703 2615 740 2644 ut
765 2621 905 2655 praeses
934 2614 1039 2644 esset.
1086 2614 1163 2644 erat
1184 2614 1297 2644 autem
1323 2609 1440 2656 specie
1471 2610 1627 2654 iuvenis,
1666 2614 1799 2643 statura

349 2665 434 2687 vero
468 2655 545 2689 fere
578 2667 768 2700 pygmaeus
795 2661 830 2690 et
852 2655 943 2690 facie
967 2654 1101 2699 Scytha
1124 2660 1161 2690 et
1181 2656 1350 2700 ingratus.
1397 2654 1519 2700 deligit
1552 2661 1663 2690 autem
1685 2654 1798 2699 ipsum

349 2698 559 2744 imperator,
593 2712 736 2746 sperans
767 2702 844 2735 fore
875 2707 913 2736 ut
937 2712 1012 2735 oum
1036 2700 1164 2736 Turcis
1187 2707 1224 2735 et
1246 2701 1447 2736 adversario
1473 2701 1626 2735 exercitu
1649 2699 1708 2734 ille
1732 2709 1798 2744 pu-

350 2751 486 2788 gnaret.
533 2746 720 2790 habitoque
743 2747 877 2781 delectu
900 2746 1062 2790 militum,
1096 2751 1282 2792 appetente
1306 2758 1389 2781 vere
1410 2746 1587 2781 traiiciens
1611 2743 1799 2780 exereitum
1853 2751 1855 2753 ’

351 2790 396 2823 ad
418 2790 580 2825 Eriorum
604 2792 730 2836 palatia
752 2792 954 2837 perducitur
974 2792 1056 2837 ipsa
1077 2792 1134 2826 die
1163 2793 1410 2836 orthodoxiae,
1448 2803 1522 2826 cum
1553 2791 1667 2837 pridie
1696 2800 1799 2824 exer-

352 2834 438 2869 citui
461 2841 498 2872 et
518 2838 655 2872 senatui
675 2837 895 2882 largitionem
915 2848 1063 2874 annuam
1084 2837 1250 2886 fecisset,
1282 2849 1351 2875 non
1374 2849 1449 2875 eam
1471 2842 1577 2875 totam
1599 2846 1700 2881 auro,
1737 2834 1800 2870 sed

1515 2944 1528 2963 0
