1916 3210
681 137 1133 183 ANNOTATIONES.
1547 137 1645 183 855

172 250 267 292 haee
285 249 443 300 corriget
465 251 530 288 aut
547 247 721 300 augebit,
766 248 799 288 si
825 249 883 288 cui
913 261 971 288 res
1002 253 1060 288 est
1086 249 1223 288 notior.
1252 248 1354 287 Xu.
1412 260 1449 287 v-
1475 261 1586 301 supra
1608 250 1644 288 in

171 305 390 359 Iustiniano.
448 305 575 344 Gom.

285 366 313 402 t.
331 362 368 402 11
398 375 438 415 p.
458 364 542 405 259
563 374 599 400 v.
616 362 685 404 23.
731 356 904 413 ''Avvoch
934 361 1059 410 filiam,
1090 375 1165 412 qua
1181 363 1379 414 praesente
1395 359 1496 400 velut
1514 360 1643 412 Augu-

173 423 254 469 sta,
282 419 448 458 convivia
470 419 519 458 de
539 431 645 458 moro¹
662 416 946 458 celebrarentur.
1003 419 1135 458 Gom.

286 481 316 515 t.
334 475 367 515 ΙΙ
396 489 434 528 p.
450 476 536 517 260
555 488 590 515 v.
611 476 676 516 17.
732 474 782 511 de
803 475 1014 527 suggesto]
1049 472 1259 528 ἅμβωνος,
1289 473 1447 520 lettner,
1481 473 1644 524 por-kir-

173 531 289 571 chen.
348 537 493 584 partem
510 531 638 583 templi
654 531 804 582 editam,
832 532 960 583 quales
978 532 1153 571 columnis
1170 530 1344 570 suffultae
1360 534 1426 569 aut
1443 531 1645 582 parietibus

172 589 307 629 affixae
334 588 394 628 vel
420 589 460 626 in
472 619 474 621 .
488 589 684 640 adytorum
703 587 883 627 vestibulo
903 590 941 627 in
962 589 1077 628 altum
1101 591 1305 629 exstructae
1324 587 1534 627 hominibus
1552 588 1646 628 reci·-

171 646 322 701 piendis
341 645 379 684 in
397 644 544 697 templis
560 646 740 685 visuntur.
794 644 899 684 Xn..

285 705 316 741 t.
333 701 370 740 11
397 715 434 754 p.
453 702 535 743 261
553 715 589 742 v.
607 705 648 744 7.
705 703 927 741 tetraodium
947 701 1094 740 videtur
1111 700 1269 752 hymnus
1287 703 1465 751 quattuor
1477 700 1645 752 partibus

173 772 240 799 seu
258 758 479 798 carminibus
499 763 676 797 constans
699 759 825 797 fuisse.
883 759 951 797 sed
981 759 1071 809 quid
1085 758 1177 797 iliud
1194 758 1283 808 Cyri
1307 758 1467 797 Cosmae
1490 758 1560 806 sit,
1588 757 1646 796 vi-

171 816 298 856 derint
320 815 394 856 alii.
437 814 568 867 psalmi
583 816 699 854 verba
716 828 762 854 ex
778 815 914 854 usitata
932 815 1100 854 versione
1122 815 1293 867 apposui.
1320 813 1426 854 XYL.
1487 814 1646 864 hymnus

171 875 349 924 quattuor
375 871 458 910 odis
486 875 658 911 constans
686 872 842 911 sabbato
867 884 1005 922 magno
1034 873 1241 911 cantandus
1267 872 1306 909 in
1333 871 1490 910 Triodio
1505 900 1518 920 ‚
1551 871 1645 910 libro

171 934 294 970 totum
308 929 615 980 quadragesimae
634 928 796 967 officium
813 929 1038 978 continente,
1065 929 1183 980 qualis
1202 929 1248 966 sit
1268 928 1490 978 agnoscitur.
1510 929 1643 967 Gom.

284 984 340 1023 ib.
373 998 409 1026 v.
438 987 480 1028 8.
539 986 694 1024 Cosmus
726 985 786 1023 hic
813 985 1053 1024 Maiumensis
1086 986 1156 1024 fuit
1192 985 1384 1036 episcopus
1420 984 1644 1023 Damasceni

169 1047 393 1097 praeceptor
413 1046 455 1082 et
472 1043 631 1094 plurium
648 1055 835 1081 sacrorum
849 1042 1067 1093 hymnorum
1084 1046 1222 1081 auctor.
1277 1041 1407 1093 κυροῦ
1426 1041 1645 1080 diminutive

169 1113 242 1154 pro
264 1099 422 1151 κυρίου.
479 1111 552 1138 vox
574 1099 722 1149 integra
745 1098 979 1148 clarioribus,
1016 1100 1233 1138 diminutiva
1250 1096 1374 1150 κυρός
1396 1098 1644 1146 inferioribus,

167 1158 248 1210 πῦρ
269 1156 464 1196 humilibus
478 1156 702 1209 conceditur.
759 1155 897 1196 Gom.

285 1212 339 1254 ib.
369 1227 404 1253 v.
438 1213 504 1254 18.
562 1208 765 1264 ἄστεφής]
804 1213 982 1252 secundas
1021 1210 1157 1251 leviore
1197 1211 1431 1263 poenitentia
1471 1209 1641 1260 multant,

170 1271 303 1311 tertias
319 1271 431 1310 etiam
445 1271 607 1321 graviori
622 1270 828 1315 subiiciunt,
857 1273 1009 1321 quartas
1024 1269 1172 1307 omnino
1189 1268 1390 1320 reprobant
1404 1281 1448 1307 ac
1465 1268 1643 1306 damnant

170 1328 321 1380 nuptias
342 1327 490 1366 Graeci.
518 1340 606 1365 eam
623 1328 671 1365 ob
690 1340 769 1366 rem
786 1327 836 1365 ad
856 1338 1030 1365 coronam
1050 1324 1299 1375 Augustarum
1319 1337 1421 1364 more
1435 1324 1645 1376 suscipien-

169 1386 259 1424 dam
276 1384 396 1424 Zoem
417 1384 513 1422 hanc
528 1383 846 1437 Carbonopsinam
863 1395 1054 1436 nunquam
1073 1383 1220 1422 admitti
1236 1394 1349 1435 passa
1368 1386 1426 1422 est
1442 1380 1643 1421 orientalis

168 1441 338 1483 ecclesia.
395 1441 531 1480 Gom.

182 1503 186 1507 ’
283 1503 314 1538 t.
331 1497 371 1537 11
396 1511 438 1551 p.
457 1500 540 1541 262
565 1507 603 1537 v.
616 1500 660 1541 7.
713 1499 765 1553 τῇ
792 1493 996 1551 Τριπόλει]
1025 1497 1167 1547 Syriae.
1226 1496 1354 1535 Gom.

284 1559 315 1596 t.
335 1554 370 1593 11
397 1569 435 1607 p.
456 1557 540 1599 263
559 1567 593 1594 v.
615 1555 685 1597 20.
743 1568 884 1592 nervos
910 1554 1075 1606 incidit]
1117 1567 1251 1605 nempe
1273 1557 1315 1591 ut
1337 1552 1395 1590 sui
1422 1552 1642 1603 insequendi

169 1619 284 1665 atque
301 1625 346 1652 ex
365 1612 455 1662 fuga
469 1611 682 1652 retrahendi
699 1612 994 1651 commoditatem
1012 1611 1240 1663 imperatoris
1259 1609 1434 1648 ministris
1450 1609 1643 1661 praeripe—

167 1675 241 1710 ret.
297 1672 457 1709 ceterum
473 1669 513 1708 in
532 1669 677 1708 Graeco
694 1672 752 1708 est
769 1663 1123 1722 ἦγκυλοκόπησεν,
1153 1668 1256 1718 quod
1273 1667 1367 1706 verti
1393 1679 1465 1717 pro
1487 1669 1642 1704 senten-

170 1728 237 1766 tia.
261 1726 369 1766 Χῑι..
426 1727 544 1777 magis
559 1725 698 1764 arridet
715 1726 818 1764 uncis
837 1727 895 1764 vel
912 1725 1018 1764 ferris
1039 1724 1154 1763 acutis
1175 1723 1292 1775 pedes
1316 1727 1356 1762 et
1377 1724 1534 1773 ungulas
1555 1734 1644 1773 per-

169 1783 312 1823 forasse
324 1795 435 1834 quam
445 1795 578 1822 nervos
595 1795 772 1832 equorum
787 1783 986 1821 Samonam
1005 1781 1239 1834 praecidisse.
1265 1781 1392 1830 sugam
1413 1779 1511 1818 enim
1530 1779 1645 1818 latere

169 1840 370 1893 cupiebat,
408 1844 446 1879 et
470 1852 542 1878 vox
567 1833 785 1891 ἆγκυλοποῖί
805 1852 828 1877 a
847 1839 1024 1878 scissione
1045 1843 1102 1877 est
1120 1837 1252 1877 aliena.
1311 1837 1445 1874 Gom.

285 1901 314 1936 t.
331 1896 369 1934 11
396 1910 434 1949 p.
453 1895 536 1938 265
557 1909 592 1934 v.
608 1897 647 1937 6.
683 1893 920 1950 καθῃρέθη]
948 1896 996 1934 ab
1013 1896 1056 1934 iis
1076 1895 1153 1945 qui,
1183 1898 1225 1932 ut
1243 1894 1512 1944 praemisimuS‚
1531 1903 1641 1942 quar-

171 1957 231 1994 tas
247 1953 387 1994 Leonis
405 1954 554 2005 nuptias
577 1953 727 1991 omnino
749 1951 890 1990 illicitas
911 1955 1144 1991 censuerunt.
1202 1951 1333 1988 Gom.

285 2009 341 2048 ib.
371 2023 406 2051 v.
438 2013 479 2052 7'.
538 2008 588 2047 ob
607 2006 878 2061 hocsactzcm]
908 2021 1043 2060 nempe
1062 2007 1165 2058 quod
1186 2010 1359 2058 quattuor
1379 2017 1511 2044 uxores
1529 2015 1641 2042 unam

169 2071 261 2120 post
281 2067 437 2106 alteram
457 2066 648 2106 duxisset:
690 2079 775 2105 nam
796 2066 897 2117 prior
922 2065 984 2103 ina
1005 2065 1196 2102 Zautzaea
1221 2063 1302 2102 Zoe
1323 2062 1527 2102 concubina
1552 2059 1643 2098 nihil

171 2126 209 2165 ei
223 2124 356 2164 obfuit.
413 2124 503 2175 quid
530 2127 655 2162 autem
678 2124 727 2162 sit
749 2119 991 2175 μιτατῶριον
1019 2119 1095 2170 (ίῦ.
1116 2134 1150 2158 v.
1172 2121 1218 2169 9)
1235 2120 1472 2167 mitatorium,
1501 2117 1641 2156 nescio.

169 2182 222 2222 de
251 2181 390 2220 mitatis
417 2181 553 2220 dictum
577 2180 715 2232 aliquid
745 2191 868 2232 supra.
946 2182 984 2218 et
1010 2179 1168 2217 fortasse
1198 2177 1267 2215 fuit
1296 2176 1373 2216 fani
1407 2188 1496 2228 pars
1521 2185 1639 2225 quae-

171 2239 280 2288 dam,
322 2238 429 2290 quasi
454 2239 636 2290 profana,
672 2240 710 2275 et
741 2237 786 2274 iis
815 2237 925 2274 etiam
953 2247 1101 2274 accessa
1131 2234 1194 2285 qui
1223 2245 1407 2272 sacrorum
1434 2245 1504 2270 usu
1537 2242 1640 2270 arce-

170 2299 311 2334 rentur.
366 2307 453 2334 nam
481 2295 571 2345 quid
600 2294 801 2344 antiquitus
828 2293 866 2331 in
891 2291 1042 2332 ecclesia
1065 2291 1193 2340 fieret,
1222 2291 1282 2330 hic
1302 2290 1416 2330 nolim
1437 2289 1642 2339 disputare,

171 2364 257 2391 cum
273 2352 376 2405 apud
391 2351 566 2391 leviculos
586 2351 751 2389 Graecos
769 2349 924 2389 subinde
945 2353 1124 2401 appareat
1141 2347 1278 2398 aliquid
1295 2349 1484 2386 mutatum.
1526 2345 1640 2383 mita-

171 2413 254 2448 tum
279 2421 415 2448 nomen
441 2409 556 2447 fuisse
583 2419 799 2458 synagogae
823 2407 1052 2454 Saracenae,
1100 2406 1139 2444 in
1159 2404 1278 2443 Isacio
1299 2403 1443 2454 Angelo
1459 2404 1641 2440 memorat

172 2466 389 2506 choniates.
446 2466 514 2504 sed
545 2465 585 2503 id
612 2464 683 2503 huc
709 2477 786 2502 non
808 2463 960 2502 multum
977 2464 1089 2511 facit,
1128 2462 1199 2500 nisi
1216 2462 1320 2512 quod
1342 2461 1472 2498 horum
1490 2470 1640 2509 quoque

173 2535 385 2573 synagogas
405 2534 586 2574 apparere
601 2521 720 2573 possit
738 2520 846 2560 certis
869 2521 976 2559 metis
994 2520 1108 2560 fuisse
1128 2518 1297 2558 inclusas.
1326 2529 1402 2556 non
1421 2517 1537 2555 multo
1554 2518 1642 2566 post

170 2591 297 2618 rursus
315 2579 488 2619 mitatorii
509 2579 616 2617 huius
638 2578 680 2616 fit
702 2578 855 2619 mentio.
883 2578 988 2616 Xn..
1044 2573 1089 2617 τὰ
1108 2571 1349 2629 μιτατεόριον
1371 2572 1573 2612 cubiculum
1591 2571 1641 2609 ad

171 2635 270 2674 latus
287 2635 431 2684 altaris,
466 2637 505 2674 in
525 2649 599 2687 quo
618 2635 725 2674 fessis
745 2648 770 2674 a
789 2634 915 2674 labore
942 2634 1154 2673 cantoribus
1180 2645 1306 2671 mensa
1332 2629 1503 2682 frugalis,
1534 2628 1642 2680 panis

172 2692 311 2732 scilicet
334 2696 372 2732 et
389 2693 527 2742 vinum,
555 2692 824 2745 apponebatur.
861 2704 885 2730 a
901 2704 1038 2729 mensa
1052 2690 1259 2730 istiusmodi
1279 2682 1548 2741 μινσατῶριον
1566 2686 1643 2723 sive

171 2746 447 2803 μενσατοὸριον
471 2763 552 2789 cum
578 2749 827 2789 eruditissimo
844 2746 980 2788 Allatio
999 2748 1195 2800 legendum
1216 2751 1385 2799 putamus
1403 2746 1441 2782 in
1461 2741 1645 2781 Eucholo-

172 2807 227 2859 gii
242 2807 355 2850 notis.
411 2807 463 2848 ad
482 2820 567 2848 eum
582 2819 694 2861 porro
711 2806 830 2847 locum
849 2818 918 2847 ceu
936 2806 1047 2847 sacris
1068 2804 1231 2846 exclusus
1255 2808 1294 2844 et
1314 2800 1646 2843 excommunicatus
