1916 3210
318 204 415 251 890
602 201 788 248 neom
822 201 997 247 GOARI
1029 184 1468 248 ANN'oTATloNEs.

317 314 510 353 Zonaras
498 326 536 351 in
557 313 802 351 Constantino
818 311 954 351 Leonis
976 311 1158 365 Sapientis
1178 312 1232 351 F·
1261 310 1359 354 και-οἳ
1379 310 1452 366 την
1475 310 1584 367 ἰεραν
1601 316 1673 368 τῆς
1691 328 1758 367 με·

316 367 438 423 γάλης
456 367 631 420 πέμπτης
648 367 811 420 ἡμέραν.
867 368 1004 406 GOAR.

427 430 452 463 t.
472 425 506 462 11
533 438 570 476 p.
589 424 671 465 736
695 437 729 461 v.
747 425 788 464 8-
847 422 1054 475 στοιχεῖον]
1079 436 1149 461 vox
1166 424 1349 474 ambigua,
1376 436 1484 475 quam
1500 435 1572 462 non
1591 423 1757 462 elemen-

318 489 401 518 tum
432 481 542 518 modo
573 479 631 518 vel
664 479 837 525 literam,
877 481 943 518 sed
971 480 1093 531 potius
1118 478 1278 529 fatam,
1314 487 1471 525 sortem,
1506 481 1755 527 vaticinium,

313 538 494 588 gorziam,
516 535 780 585 portendendi
796 537 877 573 vim
899 542 935 572 et
956 548 1069 572 omen
1087 537 1222 574 referre
1239 549 1313 574 non
1330 549 1402 574 nno
1419 536 1499 574 loco
1517 539 1683 575 notatum
1699 541 1758 576 est

314 596 353 631 in
370 593 591 631 Cedrenum.
629 596 776 630 auctore
794 605 881 631 vero
901 604 1080 642 nusquam
1096 592 1278 631 scribente
1297 607 1340 632 το
1363 607 1388 632 ν
1407 595 1607 642 στοιχεῖον,“
1634 604 1760 631 verum

315 651 512 713 στοιχεῖον.
525 649 599 687 τοῦ
618 662 663 696 ν,
691 649 730 685 in
752 648 910 686 secundo
933 649 1054 699 potius
1074 660 1183 698 quam
1205 648 1243 686 in
1261 649 1378 700 primo
1394 649 1598 699 significatu
1615 660 1759 687 sumen-
1802 660 1805 663 ⁴

314 706 401 743 dum
421 704 593 750 coniicio;
622 705 773 754 eiusque
792 716 894 742 mens
911 708 970 742 est
984 703 1086 742 haec.
1142 716 1164 742 a
1180 705 1429 754 superstitiose
1446 705 1631 742 nominum
1649 703 1762 743 Nice-

314 761 419 812 photi
440 764 476 798 et
492 760 666 809 Bryennii
686 760 764 798 de
754 760 907 807 imperio
930 759 1194 798 decertantium
1213 760 1334 799 literas
1354 759 1601 811 primordiales
1621 759 1661 799 N
1675 759 1759 799 etB

315 816 614 864 observantibus,
661 816 762 866 quod
782 815 892 854 fatale
921 821 979 854 est
1002 820 1040 853 et
1063 817 1303 866 portentum'
1293 829 1332 854 ιιι
1354 815 1393 854 N
1414 817 1528 854 asseri
1551 817 1762 868 praevalere

314 875 391 912 fato
414 874 486 912 τοῦ
505 872 558 920 Β,
598 885 643 910 eo
671 872 771 922 quod
801 872 929 921 genius
960 884 1039 909 sors
1065 874 1103 909 et
1129 872 1243 910 fatum
1259 874 1316 926 τῷ·
1336 870 1375 910 Ν
1391 871 1599 921 alligatum,
1628 875 1668 910 ut
1686 870 1760 911 ele-

315 928 431 968 menti
454 929 567 979 ipsius
590 928 730 976 lineae,
765 932 904 966 rectum
929 928 998 975 sit,
1035 927 1069 965 B
1088 939 1174 966 vero
1198 928 1247 966 ob
1277 928 1370 966 duos
1397 928 1529 977 gibbos
1558 928 1598 966 in
1625 931 1760 966 rectam

315 985 447 1023 lineam
468 987 625 1022 retortos
643 984 794 1022 infelicis
816 984 960 1023 ominis.
1017 984 1146 1021 mirum
1168 996 1277 1034 porro
1307 989 1482 1034 quantum
1503 983 1760 1035 superstitiosis

315 1041 491 1079 vaticiniis
520 1040 672 1091 imperio
698 1039 844 1078 labente
870 1040 1002 1078 Graeci
1026 1039 1271 1089 attenderint,
1311 1044 1352 1078 ut
1378 1053 1446 1078 nec
1465 1041 1701 1091 imperatores
1722 1043 1762 1078 et

316 1097 513 1148 optimates
531 1096 578 1134 ab
598 1098 650 1134 eis
674 1096 742 1134 sibi
760 1097 926 1134 duxerint
944 1096 1240 1146 temperandum3
1268 1096 1317 1135 de
1333 1096 1464 1148 quibus
1485 1095 1674 1136 Cedrenus
1691 1090 1761 1135 Ni-

314 1157 412 1192 oetas
430 1156 469 1191 et
488 1153 674 1202 Gregoras
699 1152 935 1202 frequentius.
991 1152 1132 1190 GoAR.

425 1213 454 1248 t.
473 1207 508 1246 II
538 1222 577 1260 p.
598 1211 680 1250 738
702 1220 737 1249 v·
762 1205 825 1248 14.
882 1204 1093 1262 πανᾰγιον]
1123 1205 1282 1260 ἁγίους,
1323 1211 1363 1246 ut
1384 1206 1506 1245 Latini
1519 1205 1693 1258 stanes,
1719 1219 1762 1246 se

314 1268 442 1304 mutuo
458 1265 621 1302 vocitant
644 1264 777 1302 Graeci
792 1264 976 1302 monachi:
1006 1264 1100 1302 hunc
1121 1265 1245 1314 itaque
1262 1277 1329 1302 ceu
1353 1264 1549 1315 praecipua
1573 1262 1763 1301 sanctitate

310 1321 509 1371 fulgentem
533 1315 730 1373 πανοῖγιον
749 1320 1026 1372 compellabant.
1083 1319 1174 1359 haec
1190 1321 1289 1372 apud
1306 1319 1464 1358 Graecos
1485 1319 1634 1358 honoris
1656 1326 1762 1357 mon-

312 1382 397 1415 stra.
454 1377 590 1414 Gon.

420 1437 449 1472 t.
466 1433 502 1471 II
529 1446 566 1484 p.
588 1431 666 1474 741
695 1445 730 1472 v,
755 1432 794 1472 1.
850 1428 1015 1484 βρύσις]
1041 1432 1201 1484 flantem
1229 1429 1374 1498 βρυσιν
1396 1430 1454 1470 vel
1477 1426 1632 1482 βρύσην
1651 1430 1762 1469 hodie

309 1490 418 1539 vulgo
439 1490 569 1527 Graeci
588 1492 808 1539 nuncupant.
863 1488 1105 1530 Βασιλακίου
1131 1491 1256 1540 itaque
1275 1484 1416 1541 βρύσις
1440 1487 1540 1531 locus
1560 1488 1623 1526 ubi
1643 1499 1689 1526 ex
1707 1487 1762 1526 ef-

309 1546 416 1584 fossis
435 1547 512 1584 eius
533 1544 643 1582 oculis
660 1545 809 1594 sanguis
832 1547 954 1611 erupit
973 1550 1030 1584 est
1048 1547 1181 1584 dictus.
1237 1546 1377 1583 GOAR.

419 1606 448 1639 t.
469 1601 502 1638 Il
531 1614 568 1651 p.
589 1599 726 1641 742v.
749 1598 815 1639 15.
871 1596 900 1650 ’ἦ
921 1598 1041 1652 στήλη
1063 1598 1212 1651 αυτοῦ]
1242 1601 1324 1638 eiu-s
1343 1606 1491 1638 statua.
1552 1598 1688 1636 GOAR

419 1661 445 1694 t.
462 1657 496 1694 11
523 1670 560 1707 p.
578 1655 708 1696 744v.
726 1656 764 1695 3.
821 1654 912 1708 περὶ
940 1672 1023 1696 των
1048 1660 1099 1712 τῇ
1127 1657 1301 1708 βασιλίδι
1320 1650 1593 1707 διαφερόντων
1612 1650 1762 1707 χρημά-

309 1713 402 1762 των]
433 1713 523 1750 haec
540 1711 763 1760 logothetam
787 1713 915 1750 aerarii
939 1714 1162 1764 praesectum
1184 1726 1266 1751 esse
1289 1713 1321 1751 si
1338 1726 1413 1751 non
1430 1711 1665 1762 convincunt,
1705 1709 1762 1749 sol

309 1768 401 1808 alter
420 1769 571 1809 meridie
591 1779 796 1820 serenoque
814 1767 917 1808 caelo
942 1770 1208 1809 desiderandus
1227 1772 1298 1814 est.
1354 1770 1490 1807 GoAn.
