1916 3210
313 151 411 201 840
743 146 1038 193 XYLANDRI
1059 147 1133 190 ET
1159 145 1336 192 GOARI

312 262 480 330 expensis
507 257 745 312 providebat,
793 259 894 296 cuius
924 257 1080 310 proinde
1111 256 1273 295 officium
1301 253 1488 296 imminuto
1516 257 1762 310 undequaque

311 321 462 371 imperio
483 316 612 354 nullius
633 318 711 353 erat
728 313 915 363 utilitatis,
959 326 1070 365 quam
1096 313 1145 352 de
1169 325 1386 364 quocunque
1413 313 1484 352 alio
1503 313 1762 367 intelligendus

314 375 530 414 censebitur.
589 371 726 409 GoAR.

423 438 494 478 t.11
509 451 547 487 p.
562 439 641 478 129
651 450 685 475 v.
696 439 734 478 6.
756 432 924 488 Ἰαννῆν]
941 434 1253 488 υποκοριστικῶς
1263 435 1342 473 vice
1352 429 1549 475 Ἰωάννου.
1571 436 1764 477 italudunt

315 497 353 534 in
376 494 581 533 nominibus
598 494 792 531 etiamnum
812 493 922 530 hodie
943 493 1089 539 Graeci,
1117 495 1156 530 ut
1172 491 1334 528 Mariae
1348 503 1481 529 nomen
1498 503 1630 531 novem
1645 494 1763 533 monis

315 552 491 598 efferant,
522 549 680 601 Μαρία,
710 551 875 601 Μαροῦ,
904 551 1119 601 Μαροῦλα,
1143 548 1381 601 Μαρουλοῦ,
1409 549 1634 602 Μαριετοῦ,
1665 551 1764 591 Μα-

314 608 506 660 ριετοῦλα,
537 603 793 659 Ματερνέτα,
821 606 1000 653 Λουλοῦ,
1029 606 1182 644 Λοῦλα.
1240 605 1380 644 GOAR.
1793 657 1796 661 β

425 672 479 710 ib.
512 685 549 711 v.
581 673 646 714 15.
702 671 867 708 militiae
883 670 1105 724 praesecto]
1136 672 1398 725 στρατιωτικῷ
1426 669 1581 709 militari.
1634 669 1764 719 funda,

315 725 538 781 σφενδόνη,
574 728 674 766 locus
699 732 755 766 est
774 729 811 766 in
830 728 957 776 Circo,
997 729 1095 766 cuius
1118 732 1156 767 et
1177 727 1262 766 alibi
1281 727 1381 779 apud
1402 731 1566 766 nostrum
1583 729 1620 766 et
1636 727 1765 766 Zona-

313 800 391 825 ram
409 786 555 824 mentio.
611 784 716 822 Xn.

424 857 452 894 t.
474 852 509 890 ΙΙ
537 865 577 903 p.
600 852 677 892 131
695 863 730 888 v.
748 853 787 891 2.
845 848 1062 901 stipendia]
1095 847 1304 902 σιτηρέσια.
1359 854 1487 889 notum
1509 853 1564 889 est
1589 850 1644 889 ita
1663 849 1766 902 apud

313 909 500 948 historicos
522 907 672 945 militum
693 906 875 958 stipendia
893 907 1035 955 vocari,
1064 907 1164 957 quod
1188 907 1343 945 maxima
1361 918 1485 946 eorum
1506 907 1545 945 in
1565 905 1662 946 victu
1678 918 1764 958 pars

314 970 423 1006 esset.
480 965 581 1003 Xn.

425 1035 456 1074 t.
474 1031 509 1069 ΙΙ
536 1044 575 1082 p.
599 1031 678 1071 132
696 1041 732 1068 v.
757 1031 819 1071 17
875 1042 957 1068 των
979 1023 1045 1080 μβ’
1072 1023 1304 1080 μαρτυρων]
1333 1028 1521 1068 Zonaras:
1550 1029 1591 1070 οἳ
1606 1025 1675 1070 τόν
1693 1029 1767 1069 τοῦ

314 1087 531 1155 μαρτυρίου
558 1081 709 1151 δρόμον
740 1081 939 1136 ἐξήνυσαν
964 1081 1074 1137 παροέ
1099 1089 1182 1132 τοῖς
1206 1082 1445 1138 Ἀγαρηνοῖς
1475 1097 1768 1138 τεσσαρακοντα

313 1141 388 1185 δύο
408 1141 554 1190 πάντες
568 1138 841 1194 τυγχάνοντες.
885 1143 1019 1179 festum
1043 1154 1169 1180 eorum
1186 1142 1233 1180 ab
1252 1146 1407 1194 utraque
1428 1142 1579 1181 ecelesia
1598 1145 1624 1184 6
1641 1141 1766 1181 Martii

313 1201 525 1240 celebratur.
583 1199 722 1236 GoAn.

427 1265 482 1304 ib.
513 1279 548 1305 v.
573 1268 639 1308 20.
695 1263 762 1305 καὶ
780 1259 1115 1317 μαντευσάμενος]
1141 1264 1307 1303 fortassis
1325 1265 1444 1304 innuit
1463 1278 1546 1305 eum
1565 1278 1640 1304 non
1656 1266 1768 1304 modo

315 1323 539 1361 consultasse
568 1335 651 1360 cum
678 1322 753 1359 suis
779 1322 827 1359 de
854 1334 895 1359 re
913 1321 1101 1370 gerenda,
1133 1321 1201 1360 sed
1218 1322 1328 1360 etiam
1343 1321 1466 1361 ariolis
1483 1327 1523 1362 et
1536 1323 1769 1362 divinationi-

314 1380 381 1418 bus
401 1393 516 1428 usum,
545 1379 676 1429 quibus
694 1377 795 1429 impii
819 1377 997 1416 solebant.
1053 1378 1154 1414 ΧΥῙ..

427 1461 456 1495 t.
473 1456 509 1494 ΙΙ
529 1470 570 1507 p.
591 1458 671 1498 133
690 1469 726 1498 v·
742 1455 782 1496 5.
814 1452 986 1507 ἄρχοντα
1003 1456 1085 1494 τῶν
1103 1450 1325 1507 ἀρχόντων]
1358 1468 1534 1496 summum
1551 1452 1767 1508 praetoremss

316 1514 384 1552 sed
401 1514 481 1562 quis
503 1512 563 1551 ille
581 1515 644 1549 aut
662 1525 735 1562 quo
755 1513 853 1550 inter
873 1513 1075 1550 Saracenos
1102 1512 1229 1550 ordine
1247 1524 1290 1549 ac
1307 1512 1428 1550 officio
1446 1513 1586 1566 fuisset,
1615 1514 1674 1552 hio
1692 1526 1768 1552 non

315 1569 540 1619 exprimitur.
569 1567 663 1607 er..
720 1567 976 1618 appellatur,
1013 1568 1130 1617 inquit
1159 1566 1401 1606 Leunelavius
1431 1569 1620 1607 Onomast.
1647 1573 1695 1618 2,
1740 1582 1769 1607 a

323 1625 488 1662 Graecis
513 1623 606 1668 ille,
647 1636 762 1674 quem
790 1624 910 1661 Ture-i
928 1621 1154 1673 Beglerbeg
1171 1623 1214 1659 in
1236 1636 1356 1674 regno
1376 1637 1447 1661 suo
1465 1625 1674 1662 nominant
1697 1638 1769 1664 eeu

317 1680 521 1718 dominum
538 1679 809 1726 dominorum,
850 1679 920 1730 qui
945 1678 1126 1716 videlicet
1151 1678 1252 1715 alios
1277 1677 1350 1716 sub
1379 1693 1420 1716 se
1438 1681 1696 1732 magistratus
1718 1695 1769 1719 ac

313 1736 518 1787 praesides
536 1741 619 1771 tam
639 1735 773 1772 civiles
793 1748 915 1787 quam
935 1742 1148 1772 castrenses
1167 1733 1298 1772 habet.
1359 1736 1391 1773 is
1422 1740 1543 1776 autem
1565 1737 1769 1777 Saracenas

316 1796 398 1831 erat
420 1796 457 1831 et
477 1793 662 1830 Saraceno
687 1792 815 1830 maiori
837 1790 1035 1839 militabat,
1071 1791 1169 1829 cuius
1191 1804 1325 1830 nomen
1349 1795 1387 1830 et
1407 1792 1471 1830 filii
1488 1794 1607 1842 gloria
1626 1806 1769 1833 memo-

317 1852 419 1886 ratur
444 1847 591 1886 inferius
611 1860 648 1899 p.
671 1850 763 1888 612.
821 1847 994 1886 inclinant
1013 1847 1052 1884 in
1072 1847 1168 1884 hune
1191 1847 1406 1885 sententiam
1429 1848 1574 1887 Graeca
1595 1849 1769 1889 Turciea-

317 1916 392 1953 que
412 1904 545 1942 edocti.
602 1903 733 1953 quibus
760 1903 798 1940 in
823 1903 1015 1954 provinciis
1035 1914 1121 1941 vero
1138 1903 1307 1956 princeps
1331 1903 1392 1942 hic
1416 1907 1641 1956 potestatem
1661 1918 1769 1946 exer-

319 1959 454 2008 cuerit,
481 1959 601 1997 adhuc
615 1959 838 2009 incognitum
854 1962 988 1998 manet.
1046 1959 1183 1999 GoAn.

429 2035 483 2073 ib.
515 2050 550 2076 v.
578 2040 617 2079 6.
671 2035 946 2088 Δαζυμηνῶν]
975 2042 1152 2076 memorat
1178 2036 1312 2075 Strabo
1338 2037 1363 2076 l.
1394 2037 1447 2077 12
1475 2038 1768 2078 Daximouitidos

318 2092 431 2132 felicis
447 2106 574 2142 agrum
598 2094 636 2130 in
656 2092 776 2140 Ronto
794 2093 895 2132 iuxta
914 2093 1226 2132 Thermodontem
1243 2093 1406 2140 fluvium,
1440 2106 1464 2131 a
1481 2106 1556 2144 quo
1574 2095 1770 2134 Saraceni-

317 2162 384 2187 cae
403 2149 637 2200 profectionis
655 2148 755 2187 locus
775 2153 814 2191 et
833 2149 901 2188 loci
921 2162 1054 2188 nomen
1070 2149 1117 2188 ab
1137 2153 1285 2188 auctore
1311 2149 1484 2201 scriptum
1502 2163 1578 2189 non
1599 2151 1770 2191 absonat.

320 2205 455 2244 GOAR.
490 2223 492 2225 >

433 2270 488 2308 ib.
520 2283 555 2312 v,
589 2273 652 2312 16.
710 2273 926 2339 καλαμωνα
952 2272 1049 2310 enim
1075 2271 1163 2311 mihi
1189 2272 1336 2311 videtur
1361 2272 1494 2312 dixisse
1521 2274 1638 2311 forma
1663 2287 1770 2325 περι·

322 2341 487 2367 εκτικων
507 2327 624 2378 (cuius
649 2331 704 2366 est
727 2323 924 2379 οἷμπελών,
955 2323 1135 2378 δαφνων,
1164 2329 1338 2376 vinetum,
1365 2328 1544 2367 lauretum
1565 2332 1603 2368 et
1621 2329 1770 2376 similia)

321 2384 515 2422 culmetum
536 2383 740 2429 collective,
779 2384 1044 2423 multitudinem
1071 2384 1278 2433 hastarum,
1316 2385 1401 2434 quia
1430 2384 1548 2423 multis
1577 2385 1615 2422 in
1639 2389 1771 2435 segete

323 2440 448 2477 culmis
469 2441 597 2478 erectis
618 2440 800 2477 stantibus
823 2440 946 2478 similis
970 2440 1242 2490 quodammodo
1268 2444 1324 2479 est
1352 2441 1448 2479 acies
1473 2441 1586 2478 hastis
1615 2445 1769 2489 armata,

323 2508 404 2533 cum
427 2508 493 2534 eae
516 2499 635 2534 rectae
658 2499 847 2542 tenentur3
887 2497 985 2534 unde
1013 2497 1121 2535 etiam
1147 2500 1277 2546 poetas
1298 2488 1603 2547 comparationem
1620 2497 1770 2535 duxisse

320 2551 496 2588 novimus.
553 2551 743 2589 Manuelus
762 2564 850 2600 ergo
870 2553 1013 2590 videtur
1033 2553 1215 2590 monuisse
1234 2552 1486 2603 imperatorem
1504 2552 1671 2590 fortassis
1692 2565 1769 2589 uon

325 2610 380 2643 tot
398 2607 525 2646 milites
543 2611 608 2645 aut
626 2619 786 2658 pugnam
807 2609 971 2645 obituros
1001 2620 1080 2646 esse
1099 2608 1136 2646 iu
1160 2611 1264 2645 tanta
1286 2608 1522 2647 multitudine.
1550 2609 1644 2645 Xn.
1699 2622 1769 2646 κα·

326 2663 489 2710 λαμῶνα
518 2663 647 2699 locum
676 2662 842 2699 calamis
868 2664 1077 2708 consitam,
1104 2663 1401 2709 arundinetum,
1433 2665 1491 2702 cui
1513 2663 1639 2701 mellus
1660 2675 1769 2713 quam

324 2721 488 2809 ganuae
507 2719 688 2769 Xylandri
708 2720 828 2769 segeti
843 2720 1007 2758 conferta
1023 2715 1208 2758 hastarum
1226 2722 1332 2772 copia
1352 2722 1477 2772 potest
1501 2719 1625 2758 similis
1641 2719 1770 2758 videri.

366 2783 459 2812 ofin.
