1890 3236
289 214 350 261 10
753 216 988 261 GEORGII
1021 217 1261 265 GEDRENI

471 333 491 343 u
529 325 586 343 '5'
660 329 673 346 ς

420 332 490 386 Try
516 347 529 370 ι
561 345 635 371 ετει
654 327 854 386 εκοιμήθη
881 328 1165 389 Θεοφύλακτος
1193 330 1215 375 ὅ
1243 331 1463 390 ἇγιώτατος
1479 333 1728 395 πατριάρχης

278 395 546 450 Ἀντιοχείας.
1443 444 1445 447 ,
1627 438 1630 447 ,
1668 442 1673 445 μ
1713 439 1717 444 .

419 467 491 520 Τῷ
521 461 574 506 ια’
604 463 681 506 ἔτει
705 466 1008 518 Κωνσταντῖνος
1038 467 1112 522 τὴν
1142 467 1475 513 Θεοδοσιούπολιν
1503 472 1726 527 παρέλαβεν

281 531 368 585 ἅμα
386 536 437 588 τῇ
454 534 686 589 Μελιτηνῇ,
722 537 1022 588 αἰχμαλωτίσας
1047 534 1199 587 πάντας
1224 537 1319 588 τοὺς
1335 540 1471 583 ἐκεῖσε.
1537 542 1602 584 καὶ
1623 558 1726 598 προ-

282 598 401 656 φάσει
420 604 492 642 τοῦ
511 604 732 644 θανατικοῦ
753 602 1079 658 προσλαβόμενος
1098 606 1192 655 τοὺς
1217 613 1414 661 συγγενεῖς
1437 606 1562 653 αὐτοῦ
1579 608 1759 665 Hom—6

278 668 388 717 νίους
405 669 471 710 καὶ
492 667 650 724 Σύρους
670 670 890 726 αἶρετικοῦς
909 672 963 722 εἴς
982 690 1021 715 τε
1041 673 1085 714 τό
1108 671 1327 725 Βυζάντιον
1354 673 1544 732 μετῴκισε
1566 679 1633 718 καὶ
1653 677 1726 732 τὴν
1766 729 1769 732 ,

283 734 472 794 Θρᾴκην·
509 737 554 778 οἳ
573 738 688 795 μέχρι
718 743 791 780 τοῦ
817 744 887 781 νῦν
907 739 978 794 τὴν
1006 743 1157 797 αἵρεσιν
1175 747 1246 784 τοῦ
1266 740 1460 798 τυράννου
1484 744 1726 803 διακρατοῦ-

229 812 260 846 C
284 821 360 846 σιν.
426 802 505 860 ὑφ’
529 799 583 846 ὧν
603 809 669 847 καὶ
688 806 917 863 ἓπλατύνθη
936 806 960 862 ἦ
979 809 1127 865 αἵρεσις
1148 814 1227 852 τῶν
1241 812 1538 853 Παυλικιανῶν.

415 876 490 929 Τῷ
509 872 562 926 ιβ’
581 872 689 916 ἴτειὸ
713 876 910 930 δυσσεβὴς
932 875 1204 929 Ἀναστάσιος,
1228 876 1248 920 ὅ
1274 879 1440 935 ἆνίερος,
1464 879 1630 935 τέθνηκε
1650 879 1726 923 σὺν

281 944 331 997 τῇ
358 945 474 997 ψυχῇ
496 943 563 983 καὶ
593 946 650 999 τῷ
675 941 831 996 σώματι
858 946 1039 1002 οἰκτίστῳ
1067 945 1192 989 πάθει
1215 951 1270 1003 τῷ
1295 942 1490 1004 λεγομένῳ
1509 947 1725 1006 χορδάψῳ,
1739 955 1784 992 10

282 1006 432 1065 κόπρον
452 1009 518 1051 διὰ
541 1009 740 1064 στόματος
760 1011 903 1064 ἒμὲσας
913 1043 926 1063 ,
957 1013 1072 1063 ἀξίαν
1089 1015 1202 1065 τίσας
1224 1016 1337 1070 δίκην
1357 1013 1456 1073 ὑπέρ
1476 1032 1519 1058 τε
1535 1021 1606 1070 τῆς
1625 1016 1729 1060 κατὰ

283 1081 386 1119 θεοῦ
404 1079 469 1119 καὶ
491 1082 562 1120 τοῦ
585 1077 828 1121 διδασκάλου
848 1078 1010 1134 τόλμης.

422 1149 495 1201 Τῷ
522 1143 570 1200 ιγ’
598 1146 672 1188 ἔτει
695 1148 995 1199 Κωνσταντΐνος
1022 1146 1043 1190 ὅ
1073 1149 1269 1205 δυσσεβὴς
1293 1149 1393 1194 κατὰ
1418 1155 1499 1194 τῶν
1520 1150 1642 1207 ἇγίων
1661 1153 1728 1194 καὶ

283 1217 437 1256 σεπτῶν
459 1211 617 1255 εἰκόνων
637 1214 870 1270 παράνομον
894 1218 1098 1273 συνέδριον
1119 1216 1203 1271 τλη’
1224 1203 1447 1262 ἐπισκόπων
1468 1220 1667 1271 συνέλεξεν
1687 1221 1729 1262 ἓν

283 1285 343 1338 τῷ
362 1285 432 1334 τῆς
452 1283 604 1337 Συρίας
625 1285 826 1340 παλατίῳ,
871 1278 926 1326 ὧν
946 1287 1082 1340 ἐξῆρχε
1109 1284 1325 1337 Θεοδόσιος
1343 1285 1363 1328 ὅ
1387 1287 1475 1337 υἱὸς
1499 1287 1727 1344 Ἀψιμάρου
1741 1295 1784 1332 15

284 1347 305 1390 ὃ
323 1350 494 1405 Ἐφέσου
517 1352 583 1391 καὶ
601 1353 823 1405 Παστηλᾶς
842 1349 862 1393 ὃ
883 1353 1058 1408 Πέργης.
1118 1353 1163 1395 οἳ
1177 1354 1282 1396 καθ’
1306 1353 1473 1405 ἑαυτοὺς
1489 1355 1540 1398 τὰ
1559 1355 1731 1408 δόξαντα

286 1419 617 1472 δογματίσαντες,
671 1419 842 1473 μηδενὸς
879 1418 1075 1476 παρόντος
1109 1421 1151 1462 ἐκ
1188 1426 1267 1463 τῶν
1303 1427 1532 1465 καθ-ολικῶν
1567 1422 1732 1480 θρόνων

228 1495 261 1530 D
287 1483 459 1540 (Ῥώμης
473 1489 575 1543 φημὶ
595 1488 661 1528 καὶ
678 1487 974 1544 Ἀλεξανδρείας
995 1490 1061 1530 καὶ
1077 1488 1313 1543 Ἀντιοχείας
1326 1492 1392 1532 καὶ
1410 1488 1730 1547 Ἱεροσολύμων),

282 1555 349 1595 καὶ
383 1554 461 1596 ἀπὸ
493 1552 516 1594 ι’
547 1559 619 1598 τοῦ
649 1558 928 1612 Φεβρουαρίου
954 1556 1083 1611 μηνὸς
1113 1556 1326 1611 ἀρξάμενοι
1357 1557 1569 1615 διήρκεσαν
1593 1560 1667 1610 ἕως
1690 1556 1729 1614 η’

280 1620 522 1677 ,Αὐγούστου
541 1628 613 1678 τῆς
632 1623 755 1678 αὐτῆς
776 1626 1028 1675 ῗνδικτίωνος.
1061 1625 1162 1667 καθ’
1184 1625 1232 1680 ἢν
1255 1628 1296 1668 ἐν
1314 1627 1564 1682 Βλαχὲρναις
1583 1626 1786 1673 ἐλθόν-40

281 1707 346 1740 τες
369 1690 406 1732 οἳ
434 1695 507 1744 τῆς
536 1690 730 1734 θεοτόκου
760 1693 962 1747 πολέμιοι,
1011 1693 1162 1747 ἀνῆλθε
1186 1696 1251 1736 καὶ
1274 1696 1574 1745 Κωνσταντῖνος
1593 1693 1614 1737 ὃ
1636 1698 1734 1739 Ka-

281 1762 469 1813 βαλλῖνος
489 1760 529 1801 ἓν
550 1765 606 1817 τῷ
632 1760 811 1814 ἄμβωνι,
847 1766 1002 1817 κρατῶν
1024 1763 1326 1804 Κωνσταντῖνον
1347 1762 1537 1818 μοναχόν,
1570 1765 1731 1807 {alaxa—

282 1845 358 1869 πον
390 1827 597 1883 γενόμενον
625 1834 695 1871 τοῦ
724 1831 923 1871 Συλαίου·
979 1832 1046 1872 καὶ
1085 1829 1349 1885 ἐπευξάμενος
1386 1830 1463 1889 ἔφη
1495 1830 1647 1890 μεγάλῃ
1680 1836 1732 1890 τῇ

374 1999 474 2080 Ami?
501 2002 544 2036 10
564 2001 654 2037 diem
677 2012 775 2036 suum
801 2001 890 2037 obiit
911 2001 1212 2049 Theophylactus‚
1250 2001 1484 2039 sanctissimus
1515 2002 1732 2041 Antiocheae

312 2046 439 2081 atriarc
465 2058 498 2081 a.

285 2058 309 2092 P
376 2093 476 2126 Anno
502 2094 542 2127 11
566 2091 812 2127 Constantinus
834 2093 1129 2140 Theodosiopolin
1155 2097 1191 2128 et
1210 2093 1409 2128 Melitenam
1430 2092 1582 2140 recepit,
1617 2094 1730 2140 captis

285 2142 456 2183 quotquot
478 2138 529 2172 ibi
554 2145 653 2173 erant
675 2139 849 2180 omnibus3
876 2151 1025 2184 ususque
1049 2140 1157 2185 pestis
1176 2139 1450 2185 praescriptione
1468 2146 1631 2184 cognatos
1649 2152 1731 2176 suos

287 2184 468 2219 Armenios
493 2190 530 2218 et
551 2185 662 2229 Syros
694 2185 887 2219 haereticos
921 2186 963 2219 ad
997 2198 1035 2219 se
1068 2192 1227 2230 receptos
1256 2185 1419 2228 Byzantii
1453 2191 1490 2220 et
1518 2187 1554 2220 in
1578 2186 1731 2221 Thracia

287 2229 490 2272 collocavit3
523 2230 582 2274 qui
615 2230 651 2264 in
682 2230 771 2264 hunc
803 2242 911 2276 usque
933 2232 1022 2266 diem
1046 2231 1083 2265 in
1115 2230 1250 2264 haeresi
1271 2231 1412 2276 tyranni
1433 2230 1637 2277 persistunt.
1684 2233 1730 2270 ab

287 2276 410 2309 iisdem
438 2282 472 2310 et
494 2276 691 2310 Pauliciana
714 2276 866 2310 haeresis
890 2277 990 2311 iatius
1014 2283 1067 2311 est
1088 2281 1290 2322 propagata.

377 2322 476 2355 Anno
511 2324 552 2356 12
584 2322 708 2367 impius
742 2328 777 2356 et
808 2322 970 2367 profanus
1000 2323 1059 2357 ille
1092 2322 1250 2367 pontifex
1279 2321 1482 2356 Anastasius
1513 2321 1626 2357 anima
1650 2333 1731 2358 vcum

286 2378 434 2412 corpore
457 2374 623 2411 pereunte
645 2373 796 2402 mortuus
815 2373 879 2412 est,
905 2381 948 2403 ex
971 2369 1158 2403 miserrimo
1183 2369 1301 2402 morbo
1325 2368 1385 2412 qui
1407 2368 1618 2414 chordapsus
1640 2368 1730 2403 dici-

285 2418 362 2455 tur,
397 2419 529 2447 stercus
560 2426 622 2459 per
654 2425 693 2448 os
726 2425 883 2457 egerens.
929 2415 1119 2461 dignasque
1141 2413 1239 2448 dedit
1259 2425 1387 2460 poenas
1409 2425 1547 2449 suarum
1570 2415 1608 2448 in
1629 2415 1730 2449 deum

287 2463 324 2492 et
347 2464 605 2502 praeceptorem
628 2459 840 2494 iniuriarum.

379 2504 478 2537 Anno
511 2505 553 2538 13
577 2506 823 2540 Constantinus
846 2503 985 2550 impium
1007 2505 1074 2539 338
1099 2504 1336 2550 episcoporum
1360 2503 1538 2539 concilium
1562 2504 1729 2539 adversus

288 2560 405 2583 sacras
434 2549 601 2592 imagines
631 2551 745 2595 coegit
774 2551 810 2585 in
843 2551 972 2596 palatio
1004 2551 1144 2594 Syriae.
1191 2551 1364 2605 principes
1388 2556 1487 2585 erant
1508 2549 1730 2584 Theodosius

286 2594 461 2640 Apsimari
482 2595 572 2629 filius
598 2596 729 2640 Ephesi
752 2603 788 2631 et
811 2596 966 2631 Pastelas
988 2596 1124 2641 Pergae
1147 2597 1314 2643 episcopi.
1360 2596 1396 2630 hi
1426 2606 1505 2629 suas
1539 2595 1729 2630 sententias

288 2640 433 2686 propria
456 2642 662 2676 auctoritate
686 2648 779 2676 ratas
805 2655 880 2677 esse
905 2642 1085 2687 iubentes,
1119 2643 1253 2677 nemine
1277 2655 1298 2676 a
1319 2641 1498 2676 catholicis
1520 2640 1616 2675 soliis
1638 2642 1730 2684 (Ro-

288 2698 376 2720 mam
400 2686 489 2730 dico,
514 2687 761 2721 Alexandream
785 2688 1006 2722 Antiocheam
1032 2694 1067 2723 et
1088 2687 1346 2732 Hierosolyma)
1371 2692 1565 2731 praesente,
1590 2697 1610 2719 a
1633 2685 1729 2720 deci—

292 2743 347 2767 ma
367 2732 552 2766 Februarii
583 2745 692 2778 usque
722 2734 765 2768 ad
797 2740 951 2767 octavam
973 2733 1120 2778 Augusti
1150 2734 1239 2768 diem
1273 2733 1422 2767 eiusdem
1456 2731 1537 2765 anni
1561 2733 1731 2776 synodum

292 2777 547 2815 continuarunt.
596 2792 639 2814 ea
661 2779 717 2814 die
742 2791 816 2813 cum
839 2779 874 2812 in
895 2779 1148 2814 Blachernense
1170 2780 1284 2813 sanum
1305 2777 1550 2812 convenissent
1570 2778 1733 2823 deiparae

295 2823 345 2857 ilii
368 2824 572 2869 adversarii,
596 2825 795 2860 conscendit
816 2826 991 2859 ambonem
1015 2825 1222 2869 Cabaliinus‚
1249 2824 1509 2859 Constantinum
1532 2823 1731 2858 monachum

296 2876 437 2916 tenens,
470 2871 531 2916 qui
561 2871 682 2917 Sylaei
714 2872 828 2906 fuerat
858 2870 1062 2917 episcopus;
1098 2877 1327 2917 precatusque
1352 2881 1474 2915 magna
1503 2880 1592 2905 voce
1613 2866 1734 2904 “multi
