1916 3210
0 1605 33 1931 .-·2·1:·-2-:-'r.»‡'·⁴·›.ae‚.:‚;;·›
28 1533 31 1539 v
28 1484 33 1486 ,
0 1209 26 1295 ,us
21 1155 29 1166 b
28 1075 33 1084 ἱ

675 161 1123 208 ANNOTATIONES.
1536 160 1637 210 751

278 284 322 326 p·
343 272 374 315 7
399 282 435 312 v-
458 268 502 314 4.
556 272 774 325 vigesimus
789 271 944 326 nonus]
972 273 1060 314 mihi
1085 273 1216 326 reiigio
1238 273 1312 315 fnit
1331 273 1526 327 quicqum
1552 286 1637 314 mu·-

165 332 273 378 m,
299 342 382 370 m
395 329 511 369 unico
531 333 674 369 tautum
701 334 824 372 uterer
851 331 999 381 codice,
1033 334 1071 371 et
1090 345 1137 372 eo
1154 331 1245 371 satis
1266 331 1498 383 negliganter
1512 330 1638 370 multis

166 385 258 426 locis
289 388 438 439 scripto.
507 399 593 426 nam
620 387 744 439 plures
781 388 975 427 duodecim
1006 389 1191 428 mensibus
1225 389 1397 429 habuisse
1425 388 1638 441 Aegyptios

165 454 301 493 nmo,
328 443 433 495 quod
449 443 586 492 sciam,
614 444 781 486 tradidit.
845 456 982 483 annum
1002 444 1203 496 aliquando
1222 445 1267 485 iis
1285 448 1534 494 menstruum,
1566 444 1639 497 ali-

165 500 317 552 quado
340 500 647 552 quadrimo-trem
669 501 801 550 fuisse,
830 500 1046 541 Plutarchus
1066 502 1104 541 in
1122 501 1247 541 Numa
1263 502 1422 554 aliique,
1450 505 1491 542 et
1507 500 1638 552 Augu-

165 557 285 597 stinus
311 557 422 597 etiam
455 556 505 596 de
532 557 613 597 Civ.
637 557 701 596 dei
728 557 754 598 1.
768 556 836 601 ,15
865 558 1046 598 meminit.
1098 559 1167 598 sed
1184 558 1277 598 haec
1302 559 1526 611 antiquitus:
1550 561 1639 611 post

164 613 363 654 duodecim
380 614 568 655 mensibus
593 626 677 654 eum
695 614 906 655 definivisse
922 618 1085 656 constat.
1143 619 1307 656 ceterum
1327 614 1501 655 Martium
1528 627 1636 655 men-

163 683 243 711 sem
269 671 328 710 ab·
343 668 540 723 Aegyptiis
566 670 796 711 phamenoth
826 671 1053 725 appellatum
1080 670 1220 712 diserte
1246 676 1403 712 testatur
1428 673 1469 711 in
1485 671 1635 711 Arateis

162 727 316 778 Theon,
341 739 420 778 quo
439 729 522 767 loco
537 732 650 780 poeta
671 728 852 793 sphaerae
868 729 1059 781 primarios
1077 729 1229 768 circulos
1249 729 1436 770 describit.
1481 734 1523 768 et
1543 727 1636 768 Plu-

162 785 312 824 melina
329 783 552 824 novilunium
579 785 716 824 mensis
733 784 965 824 Phamenoth
983 797 1066 825 esse
1082 786 1300 840 principium
1323 787 1420 826 veris
1439 786 1634 839 perspicue

163 841 297 906 docet,
323 837 446 894 waraei
438 841 570 889 Ισιδος
587 839 658 882 καὶ
676 836 887 894 Ὀσίριδος.
944 842 1048 882 Χγι..

206 923 208 926 -
256 896 330 937 ἑὸ.
358 910 395 940 v.
421 899 489 940 11.
545 899 758 950 quinquies
784 898 1016 951 millesimo]
1047 897 1280 952 Nicephorus
1313 910 1464 951 quoque
1492 897 1530 937 iu
1563 909 1632 938 sua

162 953 413 1006 Chre-elogia
431 954 479 994 ab
500 955 645 1006 origine
661 956 791 994 mundi
812 957 1006 1007 quinquies
1022 955 1119 995 mille
1136 956 1360 1007 quingentos
1376 968 1492 994 annos
1513 967 1631 1006 usque

160 1013 212 1052 ad
228 1010 415 1052 Christum
432 1015 615 1051 numerat.
669 1013 791 1051 verior
817 1017 940 1051 autem
967 1017 1007 1052 et
1030 1012 1144 1051 sacris
1162 1012 1276 1052 literis
1297 1013 1549 1052 demonstrata
1568 1024 1630 1051 ra-

159 1069 350 1109 tiocinatio
370 1068 478 1108 docet
500 1068 689 1108 Christum
710 1081 810 1108 anno
829 1070 877 1108 ab
898 1070 1001 1108 initio
1019 1070 1147 1109 mundi
1164 1071 1275 1112 3963
1289 1100 1302 1120 ,
1343 1081 1442 1109 anno
1463 1065 1511 1108 ab
1529 1081 1566 1111 u.
1591 1081 1629 1107 c.

160 1124 244 1169 ⁷51
263 1137 349 1166 esse
363 1129 512 1176 natum,
541 1125 631 1164 inito
649 1126 722 1164 iam
741 1138 840 1165 anno
856 1127 1000 1179 imperii
1018 1125 1176 1178 Augusti
1195 1126 1275 1175 423
1302 1126 1343 1166 id
1361 1125 1465 1180 quod
1487 1126 1527 1165 in
1547 1124 1630 1166 Au-

159 1185 276 1236 gustu
288 1182 484 1223 cedrenus
498 1195 647 1234 quoque
663 1184 858 1235 expressit.
914 1183 1022 1224 XYr..

274 1238 333 1278 ib.
364 1251 401 1279 v.
433 1241 502 1282 16.
558 1237 678 1292 nota]
706 1240 819 1280 semel
846 1237 988 1279 sslud⁸
966 1256 1024 1281 οτι
1048 1238 1148 1278 volui
1173 1239 1336 1279 iudicare
1367 1238 1406 1277 in
1435 1251 1519 1278 mea
1544 1251 1633 1278 ver·-

160 1295 288 1347 sione,
307 1296 483 1350 deinceps
503 1297 718 1337 omissurns.
775 1296 897 1337 solent
913 1297 1045 1337 Graeci
1061 1297 1298 1336 recentiores
1303 1296 1490 1348 capitibus
1502 1308 1633 1335 eorum

161 1365 261 1406 qnae
286 1352 438 1393 aliunde
465 1352 618 1393 collecta
641 1353 877 1393 tumultuarie
902 1354 942 1393 iu
971 1366 1059 1395 suos
1083 1353 1364 1392 commentarios
1391 1354 1632 1404 transferunt,

161 1423 244 1451 eam
263 1414 393 1450 nomm
410 1410 643 1462 praefigere,
681 1410 775 1451 sicut
804 1423 872 1450 nos
902 1411 1011 1462 vulgo
1029 1412 1137 1448 ,item
1157 1409 1373 1449 vocabulum
1400 1421 1633 1462 usurpamus.

160 1468 263 1521 apud
276 1467 432 1506 Suidam
452 1467 493 1505 id
515 1471 572 1506 est
590 1467 923 1518 frequentissimum
942 1474 983 1507 et
1000 1468 1102 1520 apud
1119 1466 1364 1507 Eustathium.
1382 1466 1487 1508 ΧΠ..
1523 1466 1632 1519 plura
1712 1489 1715 1491 ·

161 1525 338 1577 deinceps
359 1537 402 1563 se
418 1524 637 1563 omissurum
655 1524 838 1576 pollicitus
856 1525 1068 1565 scholiastes
1082 1553 1096 1574 ,
1135 1524 1205 1563 boc
1228 1536 1377 1575 quoque
1395 1522 1631 1576 praecipuum

159 1581 300 1622 omittit
315 1581 355 1620 in
373 1580 709 1630 observationibus,
751 1581 929 1620 vocabulo
947 1578 1030 1632 ὅτι,
1057 1584 1245 1620 contracto
1266 1580 1476 1620 charactere
1495 1580 1535 1618 in
1553 1593 1629 1620 mss

158 1637 431 1691 exemplaribus
458 1650 633 1690 expresso
659 1649 704 1676 ac
726 1636 766 1676 iu
786 1639 964 1691 principio
981 1638 1217 1691 periodorum
1235 1637 1469 1676 tumultuario
1487 1650 1630 1688 conge-

158 1699 298 1735 sum-
319 1707 468 1747 semper
483 1695 670 1747 praefixo,
711 1695 825 1734 semel
850 1696 909 1735 vel
930 1696 1068 1748 pluries
1088 1694 1192 1734 aliud
1216 1693 1431 1733 vocabulum
1454 1695 1630 1747 σημείω-

159 1764 228 1794 σαι
246 1751 316 1805 (ut
330 1763 461 1800 exeo,
498 1764 574 1802 qua
589 1751 683 1791 lecto
700 1764 777 1804 qua
792 1753 1071 1799 subintellecto,
1108 1765 1190 1791 cum
1219 1750 1292 1790 alio
1320 1763 1365 1790 ac
1388 1753 1627 1803 sequentibus

158 1821 289 1850 sensus
307 1808 455 1859 integer
470 1807 672 1847 habeatur:
705 1809 924 1861 σημείωσαι
945 1806 1008 1852 ὅτι,
1025 1809 1127 1859 etc.)
1150 1809 1190 1848 in
1215 1810 1382 1859 margine
1407 1821 1627 1861 correspon-

159 1867 263 1906 ἀπε.
319 1877 410 1905 num
442 1865 587 1915 integre
617 1865 849 1917 fideliterque
881 1871 938 1906 tot
964 1867 1161 1920 particulas
1188 1866 1407 1918 expunxerit
1430 1865 1624 1918 interpres,

155 1935 298 1976 aequus
313 1921 435 1963 lector
450 1921 641 1961 iudicabit.
687 1922 827 1963 GoAn.

269 1977 325 2021 ib.
352 1992 388 2019 v.
415 1980 482 2022 17.
530 1979 669 2030 prima
692 1987 784 2030 post
804 1977 1042 2031 sabbatam]
1071 1978 1122 2019 D.
1142 1977 1370 2030 Augustinus
1388 1978 1438 2017 ad
1454 1977 1623 2019 Casula-

156 2049 270 2086 num,
300 2037 413 2089 epist.
431 2038 510 2085 86,
538 2036 652 2075 citato
672 2037 753 2075 loco
777 2037 827 2076 de
851 2049 925 2075 una
944 2037 1110 2082 sabbati,
1137 2035 1312 2074 Actorum
1337 2037 1412 2085 20,
1439 2047 1514 2075 una
1535 2035 1624 2074 sab-

157 2094 254 2143 bati,
280 2093 423 2145 inquit,
453 2098 541 2132 tunc
566 2083 819 2145 appellabatur
849 2094 929 2132 dies
960 2093 1024 2144 qui
1055 2105 1152 2132 nunc
1177 2093 1379 2131 dominicus
1403 2091 1623 2144 appellatur,

156 2123 290 2203 quod
279 2163 317 2189 ιιι
336 2149 535 2200 evangeliis
551 2151 712 2202 apertius
732 2151 927 2189 invenitur.
983 2161 1069 2188 nam
1090 2150 1170 2189 dies
1188 2150 1464 2189 resurrectionis
1480 2148 1623 2188 domini

155 2207 273 2260 prima
293 2207 440 2245 sabbati
456 2219 480 2246 a
498 2207 712 2257 mathaeo,
741 2219 764 2245 a
783 2207 912 2246 ceteris
930 2210 1055 2245 autem
1071 2206 1189 2245 tribus
1209 2219 1284 2245 una
1307 2206 1450 2246 sabbati
1467 2206 1624 2254 dicitur;

156 2277 265 2315 quem
283 2267 426 2303 constat
445 2276 529 2302 eum
550 2276 632 2303 esse
649 2265 713 2315 qui
728 2267 861 2316 postea
883 2263 1084 2302 dominicus
1104 2262 1310 2316 appellatus
1331 2267 1401 2302 est.
1436 2262 1528 2303 haec
1547 2262 1625 2302 ilie.

155 2325 246 2360 ante
271 2334 356 2360 eum
379 2319 543 2359 Iustinus
562 2320 707 2370 Martyr
733 2317 908 2374 διαλόγῳ
934 2317 1037 2372 πρός
1064 2317 1269 2371 Τρύφωνα
1293 2320 1347 2358 ita
1367 2333 1443 2359 rem
1461 2319 1625 2372 explica-

155 2382 235 2417 rat.
246 2378 338 2448 μία
353 2374 430 2447 γοὶρ
451 2379 532 2417 τῶν
553 2374 769 2445 σαββάτων
794 2376 933 2430 πρώτη
961 2375 1138 2429 μένουσα
1165 2379 1246 2417 τῶν
1271 2378 1412 2417 πασῶν
1441 2374 1621 2429 ημερῶν,

153 2449 256 2476 κατα
281 2431 355 2476 τόν
381 2430 562 2488 α’ριθμόν
591 2430 716 2474 πάλιν
751 2436 831 2475 τῶν
868 2437 1011 2475 πασῶν
1043 2431 1209 2487 ἤμερων
1241 2430 1318 2486 τήν
1345 2434 1640 2486 κυκλοφορίαν,

155 2487 277 2545 ὀγδόη
307 2494 505 2541 καλεῖται,
544 2490 612 2532 καὶ
641 2486 781 2545 πρώτη
813 2485 915 2533 οὖσα
944 2489 1065 2561 μένει.
1121 2490 1191 2530 huc
1215 2491 1357 2531 faciunt
1389 2491 1499 2530 etiam
1526 2503 1626 2542 quae

154 2548 373 2588 Eustathius
397 2549 593 2588 annotavit
619 2549 668 2587 ad
697 2561 843 2588 versum
869 2548 974 2589 lliad.
997 2544 1040 2589 π’
1074 2549 1177 2597 178,
1203 2550 1279 2600 τῆς
1301 2544 1374 2600 μὲν
1400 2547 1470 2600 ἰῆς
1494 2544 1624 2599 στιχὸς

153 2599 252 2673 ἦρχε
271 2605 506 2653 Μενέσθιος
526 2601 795 2657 αἰολοθωρηξ.
852 2618 947 2659 quae
971 2605 1145 2645 annotavi
1169 2606 1316 2644 rudium
1342 2616 1476 2656 causa,
1513 2608 1553 2644 et
1572 2616 1623 2644 ne

151 2664 209 2702 cui
231 2664 448 2703 ten-uarius
469 2664 626 2703 viderer.
680 2663 787 2702 ΧΠ..

236 2717 292 2757 ib.
307 2733 342 2761 v.
357 2722 421 2762 19.
449 2715 708 2771 νυχθήμερον
722 2720 818 2759 verti
829 2718 933 2757 diem
947 2717 1193 2764 naturalem,
1212 2718 1276 2769 qui
1288 2718 1430 2769 integra
1440 2717 1620 2768 aequino-

151 2776 266 2816 ctialis
281 2776 509 2827 revolutione
520 2776 729 2817 absolvitur.
741 2777 845 2817 XYL.
886 2778 994 2815 docte
1002 2776 1120 2826 magis
1129 2780 1167 2815 et
1176 2774 1275 2815 clare
1286 2775 1451 2814 literatus
1461 2774 1618 2813 Allatius

150 2833 200 2873 de
215 2846 385 2874 mensura
399 2839 605 2889 temporum
621 2847 700 2889 cap.
721 2836 768 2877 ὃς
795 2833 927 2873 simile
946 2834 1124 2886 spatium
1139 2839 1197 2872 est
1211 2828 1483 2888 νυχθήμερον,
1511 2831 1622 2885 quod
