1916 3210
314 161 411 207 822
734 155 1026 202 XYLANDRI
1050 154 1124 200 ET
1151 153 1326 201 GOARI

424 281 464 319 p.
493 267 574 309 786
601 277 635 303 v.
665 265 704 305 8.
760 263 791 316 ἦ
809 263 905 305 θεία
921 259 1035 316 χάρις
1054 263 1134 316 etc]
1174 265 1287 305 verba
1309 277 1404 316 quae
1425 265 1670 318 instituendo,
1698 279 1762 308 ea·

306 324 458 420 ’ἓῖιέθιξῖη
480 321 730 415 εΙὲΞιΑῗξᾱεω
758 321 1015 360 transferendo
1043 321 1208 373 pontifici
1233 322 1334 373 apud
1356 322 1519 361 Graecos
1539 324 1760 364 deserviunt.

420 433 474 470 ib.
466 445 541 525 .Xv
574 431 641 472 13.
697 431 739 469 in
754 429 1035 482 Phoenicium]
1065 431 1116 471 sic
1133 429 1312 473 Zonaras·
1340 437 1468 473 noster
1490 431 1547 482 εἰς
1564 431 1637 491 τήν
1658 433 1762 477 Φοί·

313 505 415 532 νικα.
511 500 578 526 YL-

422 558 460 612 p.
489 544 572 583 787
601 555 636 581 v,
664 543 703 582 7.
762 555 843 581 των
870 536 1118 581 ἀνατολικῶν
1145 521 1385 612 στραπὴγός]
1413 520 1533 596 nuper
1547 518 1766 612 eroumque

315 601 373 695 gc
392 597 440 639 τοὶ
458 593 726 651 καβαλλαρικοῖ
741 597 869 647 dictus,
885 598 1003 649 primo
1018 593 1266 652 σπαθᾶριος·
1297 595 1321 640 ἃ
1339 599 1630 653 σωματοφύλαξ
1645 601 1764 646 ἕστίν.
1784 648 1787 651 Δ

357 667 452 694 oAu.

428 709 481 748 ih.
513 722 549 750 v,
582 709 649 749 19.
704 705 924 762 ὑπηρεσίᾳ]
955 708 1120 748 Zonaras
1144 705 1365 766 ἀποσκευῇ.
1409 710 1550 751 GoAn.
1754 736 1758 741 ·

427 766 481 804 ib.
514 778 549 804 V.
577 767 647 805 22.
705 765 799 801 auri
817 764 1005 816 scriptor]
1035 765 1084 803 ad
1104 766 1250 804 verbum
1271 766 1362 805 haec
1379 767 1545 809 obscura.
1602 766 1768 808 Zonaras

318 823 464 875 quidem
491 820 719 870 vectigalium
742 820 967 875 publicorum
996 824 1203 861 exactorem
1231 826 1317 861 ante
1345 823 1535 875 imperium
1562 824 1677 864 fuisse
1701 825 1768 866 ait.

318 880 384 919 sed
407 879 463 917 hie
487 877 596 916 credo
618 877 717 914 aliud
739 877 869 914 notari.
926 876 1032 916 Xn..

430 948 467 986 p,
495 934 578 975 789
606 944 643 973 v.
674 932 739 972 11.
795 930 1049 984 spatharius]
1078 931 1137 971 hic
1155 944 1229 970 non
1248 933 1488 984 armigerum,
1514 935 1581 974 sed
1610 934 1771 986 dignita-

319 994 393 1029 tem
417 991 524 1028 aliam
544 988 780 1037 ordinemque
802 987 1015 1036 militarem,
1042 988 1236 1037 significari
1252 993 1420 1041 apparet.
1473 1002 1558 1029 nam
1578 995 1616 1030 et
1637 995 1770 1044 proto-

322 1046 589 1097 spathariorum
618 1048 736 1081 exstat
767 1045 903 1082 mentio
933 1056 1045 1095 saepe
1076 1045 1226 1089 iterata,
1266 1051 1307 1083 et
1337 1046 1511 1096 Sergius,
1550 1047 1614 1097 qui
1641 1050 1771 1086 eontra

320 1101 486 1141 Leonem
515 1101 677 1137 Isaurum
706 1099 744 1136 in
768 1099 891 1137 Sicilia
911 1101 1126 1138 seditionem
1150 1101 1280 1150 movit,
1307 1102 1619 1153 protospatharius
1638 1103 1772 1142 dicitur

322 1158 429 1196 infra.
484 1161 521 1195 et
550 1156 588 1193 in
619 1154 800 1193 Michaelo
830 1155 946 1201 Balbo
972 1156 1047 1193 duo
1074 1157 1356 1207 protospatharii
1387 1162 1494 1206 sunt,
1532 1158 1708 1197 Photinus
1728 1171 1772 1198 ac

322 1213 536 1260 Damianus,
564 1211 697 1261 aliique
719 1210 816 1250 alibi.
872 1210 1024 1250 Ameras
1045 1224 1110 1250 seu
1131 1211 1330 1252 Amerades
1357 1213 1530 1253 videntur
1555 1213 1649 1264 dici,
1678 1226 1772 1267 quos

323 1268 509 1308 Vuasehas
530 1280 624 1305 nunc
643 1271 838 1318 usurpant,
866 1267 1057 1318 praefecti.
1112 1267 1214 1306 Xw..

435 1337 474 1376 p.
501 1325 584 1364 790
611 1335 644 1360 v.
677 1325 712 1362 1.
770 1323 1042 1373 imperatorem
1053 1322 1233 1374 faustis]
1262 1323 1359 1362 locus
1377 1323 1566 1364 obscurus.
1609 1336 1655 1364 ex
1670 1324 1776 1365 Pauli

325 1379 480 1419 Diaconi
503 1378 526 1416 1.
544 1379 598 1419 21
618 1377 799 1428 colligitur
815 1379 904 1429 quid
922 1379 990 1417 sibi
1007 1379 1106 1417 velit.
1161 1379 1192 1418 is
1210 1381 1306 1418 enim
1326 1380 1448 1419 scribit
1463 1379 1674 1432 Aegyptias
1680 1380 1776 1421 elas-

324 1449 384 1475 ses
403 1448 481 1473 cum
496 1435 676 1473 frumento
697 1435 933 1484 transfugisse
953 1434 1096 1486 Cpolin.
1127 1436 1271 1474 videtur
1290 1436 1427 1486 aliquid
1444 1437 1586 1476 deesse.
1615 1437 1719 1478 ΧΠ..

439 1490 536 1527 ibid.
597 1485 679 1530 οἷπο
696 1492 767 1541 τῆς
783 1488 939 1541 Ἱερείας
957 1489 1066 1544 μέχρι
1083 1493 1156 1543 τῆς
1173 1487 1354 1559 πόλεως]
1362 1503 1387 1530 a
1405 1491 1651 1544 Propontidos
1666 1505 1777 1544 supra

327 1546 453 1585 urbem
470 1546 657 1594 faucibus,
685 1542 800 1598 Ἱερόν
820 1546 992 1584 Straboni
1010 1547 1036 1585 l.
1055 1550 1082 1589 7
1102 1552 1140 1586 et
1157 1544 1266 1599 ἱερόν
1286 1543 1410 1600 στόμα
1428 1547 1547 1598 dictis,
1573 1561 1640 1588 sex
1657 1549 1775 1588 milia·

326 1603 420 1641 rium
439 1604 559 1652 spatio
581 1602 661 1639 ad’
651 1613 768 1652 ipsam
787 1614 903 1652 usque
922 1602 1058 1640 urbem.
1116 1603 1250 1643 GoAR.

441 1656 496 1694 ih.
528 1670 563 1695 v.
592 1656 661 1697 23.
718 1653 1101 1711 πρωτοσπαθάριος]
1138 1659 1302 1697 Codinus
1325 1659 1372 1698 de
1391 1658 1467 1698 Off.
1489 1658 1624 1699 euriae
1644 1658 1776 1701 Const.

329 1726 364 1752 c.
387 1711 432 1753 5:
461 1727 505 1752 το
528 1709 696 1752 παλαιὸν
712 1716 867 1766 πρῶτος
888 1727 970 1753 των
991 1714 1231 1768 σπαθαρίων
1249 1728 1508 1768 παραμονων.
1566 1727 1691 1755 ensem
1710 1716 1779 1756 im·-

327 1768 491 1821 peratori
510 1769 734 1818 accingebat.
791 1769 926 1808 Gom.

441 1837 478 1874 p.
508 1826 587 1866 791
619 1837 653 1862 v.
682 1827 719 1865 3.
781 1819 1101 1878 Ὀνομαγοῦλου]
1144 1825 1251 1862 asini
1280 1838 1430 1876 genam
1465 1823 1660 1864 habentis.
1728 1827 1780 1866 ita

328 1879 486 1929 vulgaris
507 1881 579 1918 sert
596 1880 719 1919 dictio.
776 1880 907 1919 GoAR.

442 1934 497 1972 ib.
528 1948 563 1973 v.
592 1933 632 1975 4.
687 1936 947 1986 magistratus
979 1943 1017 1973 et
1038 1934 1287 1988 praejecto-9]
1323 1933 1523 1989 προβολας
1545 1934 1614 1976 καὶ
1637 1933 1781 1988 ἄρχον-

331 2005 415 2037 τας.
471 2003 603 2040 supra,
644 1992 710 2029 sub
732 1992 842 2030 finem
874 1992 1083 2039 Iustiniani,
1124 2005 1191 2044 pro
1224 2005 1313 2031 voce
1341 1989 1541 2044 προβολάς
1571 1994 1782 2044 suspicabar

330 2044 551 2098 προπωλοὶς
570 2047 778 2096 legendum.
833 2049 899 2086 sed
931 2048 962 2086 si
993 2061 1037 2087 ex
1065 2048 1135 2087 hoc
1159 2048 1240 2087 loco
1269 2049 1512 2087 coniecturam
1534 2061 1677 2088 sumere
1693 2048 1797 2088 veli-⁵

332 2115 432 2149 muS,
462 2099 663 2154 προβολάς
690 2116 713 2142 a
732 2103 902 2142 Cedreno
927 2117 996 2155 pro
1016 2104 1286 2153 magistratibus
1312 2105 1486 2156 scriptum
1513 2104 1642 2153 fuisse,
1680 2104 1782 2144 locus

334 2158 393 2196 ille
413 2159 578 2196 fortassis
597 2161 651 2198 ita
671 2160 779 2198 fuerit
797 2160 1052 2212 accipiendus,
1080 2164 1120 2197 ut
1137 2159 1384 2208 intelligantur
1404 2173 1471 2211 per
1491 2159 1682 2199 tumultum
1706 2172 1783 2199 non

331 2215 510 2266 mancipia
530 2216 663 2264 modo,
704 2216 772 2254 sed
802 2220 840 2255 et
870 2228 1059 2268 procerum
1086 2228 1146 2255 res
1167 2215 1360 2255 familiares
1381 2216 1621 2268 direptionem
1637 2228 1785 2269 passae.

332 2270 439 2307 XYL.

446 2324 502 2363 ih.
532 2338 567 2364 v-
594 2325 659 2366 15.
715 2325 992 2377 apostrophos]
1030 2326 1219 2379 proprium
1256 2325 1402 2365 alicuius
1446 2326 1685 2378 promontorii
1721 2330 1785 2366 aut

335 2380 448 2418 litoris
469 2389 558 2432 puto
586 2395 690 2430 esse,
726 2384 773 2421 ab
804 2384 1008 2421 avertendo
1035 2383 1092 2422 vel
1123 2383 1343 2421 reflectendo
1373 2383 1520 2421 dictum.
1550 2382 1654 2422 xm..
1708 2395 1786 2421 non

339 2443 506 2474 montem
532 2445 605 2474 aut
625 2440 953 2488 promontorium,
994 2439 1061 2477 sed
1080 2439 1284 2488 flexuoso-s
1307 2445 1345 2475 et
1367 2445 1527 2476 retortos
1553 2439 1665 2476 sinus
1695 2439 1786 2478 haec

337 2492 488 2531 indicat.
546 2494 680 2531 GOAR.

447 2561 485 2598 p.
507 2551 589 2590 792
613 2563 647 2588 v.
667 2552 705 2590 2.
762 2548 1010 2602 μαγαρίζειν]
1040 2562 1085 2589 ex
1109 2550 1224 2588 Paulo
1247 2549 1412 2588 Diacono
1439 2551 1475 2588 et
1498 2550 1643 2600 quidem
1665 2550 1786 2602 reipsa

337 2614 463 2641 vocem
487 2604 580 2642 hanc
602 2606 771 2644 intellexi.
828 2607 936 2644 XYL.

456 2658 509 2695 ib.
536 2672 569 2698 v.
589 2659 627 2700 4.
691 2660 937 2710 caballinus]
965 2673 1072 2711 quem
1094 2661 1153 2699 alii
1175 2660 1447 2712 Coptonymum
1467 2664 1600 2698 vocant
1618 2672 1641 2698 a
1660 2660 1787 2699 merda

343 2714 380 2751 in
399 2714 649 2764 baptisterium
669 2722 825 2757 excreta.
881 2718 984 2754 XYr..

454 2769 507 2806 ih.
529 2783 563 2808 v.
585 2774 624 2812 6.
679 2775 736 2824 τῷ
765 2771 945 2826 τρικλίνῳ
977 2773 1051 2812 τοῦ
1082 2767 1363 2824 Αὕγουστέως]
1391 2771 1581 2810 triclinium
1608 2770 1698 2818 hoc,
1725 2770 1787 2808 ubi
