1890 3236
284 224 383 272 204
750 221 994 268 ‘GEORGII
1023 220 1270 267 CEDRENI

282 336 429 388 τόπους
448 335 650 393 ἀφορίσας
669 333 805 384 αὐτοῖς
825 334 1091 389 ἐπιτηδείους,
1135 332 1211 391 τήν
1230 352 1273 378 τε
1294 333 1640 394 Μαγναῦρανψκαὶ
1664 337 1735 382 τὸν

284 404 528 458 καλούμενον
549 401 800 458 ἱππόδρομον
823 405 888 444 καὶ
910 403 984 458 τὴν
1004 404 1216 459 λεγομένην
1239 407 1422 460 Χαλκῆν,
1453 400 1590 464 χρόνῳΙ
1605 403 1733 462 μογή-

283 491 413 518 σασαν
430 473 496 513 καὶ
514 470 608 514 ὅσον
630 471 786 513 οὐδέπω
805 476 937 514 πεσεῖν
954 470 1262 515 κινδυνεύουσαν
1281 473 1544 524 ἐπισκευάσας
1561 475 1627 516 καὶ
1646 490 1737 523 και-

284 539 521 597 νουργήσας.
590 539 701 590 ἔταξε
725 540 768 582 δὲ
786 541 852 582 καὶ
875 540 1032 597 τροφὴν
1053 548 1137 591 τοῖς
1156 541 1402 599 πενεστέροις
1425 545 1506 585 τῶν
1530 542 1604 593 τὰς
1625 542 1738 593 δίκας

283 607 466 664 ἐχόντων,
497 610 566 649 ἵνα
587 607 644 662 μὴ
665 606 743 650 ὑπὸ
766 609 917 659 ἐνδείας
937 607 1158 663 πιεζόμενοι
1176 616 1265 660 ταῖς
1288 611 1416 661 δίκαις
1438 607 1771 667 &nequedum-5

284 678 466 719 ἐπεδίδου
487 676 530 718 δὲ
551 678 618 718 καὶ
639 674 780 718 ἑαυτὸν
799 679 854 727 εἷς
869 677 916 720 τὸ
937 683 1118 720 τοιοῦτον
1140 679 1284 734 μέρος,
1318 677 1488 734 ὁπηνίκα
1512 683 1740 736 τῶνστρα-
1764 685 1767 688 ’

284 749 399 788 τειῶν
419 744 555 798 ἔτυχεν
580 743 688 801 ἄγων
709 746 858 800 σχολὴν
879 746 945 787 καὶ
967 750 1040 789 τοῦ
1061 748 1320 804 χρηματίζειν
1343 754 1432 798 ταῖς
1458 745 1741 802 ἁπανταχόθεν

286 815 537 867 πρεσβείαις,
572 815 638 856 καὶ
660 816 715 864 εἷς
733 813 779 856 τὸ
803 812 1013 870 λεγόμενον
1035 815 1186 870 γενικὸν
1207 815 1356 858 κατιὼν
1381 816 1476 867 τοὺς
1504 818 1742 874 εῗσπραττο-

285 883 431 937 μένους
457 881 614 924 ἐσκόπει
641 881 753 939 παρὰ
782 886 855 925 τοῦ
884 884 1093 938 δημοσίου,
1126 883 1184 939 μή
1205 882 1282 927 πού
1304 902 1365 934 τις
1385 884 1534 935 ἀδίκως
1553 882 1742 941 ⁶1⁰7:th-

145 959 175 992 P
197 957 266 993 569
290 968 411 1002 τοιτο,
440 952 507 993 καὶ
530 949 658 1001 οὕτως
675 958 759 1001 τοῖς
777 951 1050 1005 ἀδικουμένοις
1067 952 1253 1008 ἐπήμυνε.
1321 953 1476 1009 λέγεται
1496 953 1538 995 δ’
1563 951 1624 996 ὅτι
1643 969 1742 995 κατ-
1754 955 1799 991 10

290 1018 480 1069 ελθόντος
513 1020 636 1062 αὐτοῦ
667 1022 722 1069 εἷς
753 1020 827 1074 τὴν
860 1020 1068 1077 εἰρημένην
1099 1019 1325 1079 διατριβήν,
1372 1020 1428 1072 ὥς
1453 1022 1583 1072 οὐδεὶς
1609 1021 1744 1076 ἔτυχεν

289 1089 478 1144 ἐγκαλῶν,
519 1085 781 1137 ὖποτοπάσας
804 1088 1009 1145 εἴργεσθαι
1029 1087 1108 1131 ἀπό
1130 1107 1248 1133 τινων
1268 1094 1341 1146 τῆς
1369 1093 1425 1140 εἷς
1444 1089 1566 1133 αὐτὸν
1585 1087 1744 1134 εἰσόδου

289 1156 385 1206 τοὺς
404 1155 627 1210 δεομένους,
656 1156 862 1199 ἀπέστειλέ
878 1174 990 1208 τινας
1008 1162 1089 1201 τῶν
1109 1155 1350 1216 δορυφόρων
1369 1159 1473 1202 κατὰ
1493 1158 1625 1205 πολλὰ
1641 1158 1745 1216 με’ρη

289 1230 362 1279 τῆς
391 1224 543 1275 πόλεως
577 1223 821 1279 ζητήσοντας
853 1226 895 1268 εἴ
916 1243 976 1276 τις
1009 1227 1091 1269 ἐστὶ
1122 1228 1319 1281 βοηθείας
1349 1225 1547 1281 δεόμενος.
1613 1224 1668 1277 ὥς
1700 1227 1742 1268 δ’

291 1296 521 1347 ἐπανῆλθον
540 1295 677 1335 ἐκεῖνοι
697 1295 851 1348 μηδένα
869 1296 1070 1349 μηδαμῶς
1089 1294 1292 1353 εὖρηκέναι
1312 1295 1502 1352 λέγοντες,
1522 1294 1625 1350 μεθ’
1646 1293 1746 1351 ἧδο-
1759 1299 1802 1334 15

291 1366 363 1416 νῆς
381 1379 422 1404 τε
443 1362 638 1412 ἆπέσταξε
661 1360 837 1419 δάκρυον
856 1365 922 1405 καὶ
941 1368 1026 1422 θεῷ
1046 1364 1119 1420 τὴν
1139 1365 1391 1421 εὐχαριστίαν
1408 1364 1623 1407 ἀπέδωκεν.

421 1450 553 1508 Ὁρῶν
583 1452 626 1493 δὲ
658 1450 719 1493 ὅτι
747 1451 830 1495 ἔστι
859 1470 920 1503 τις
950 1460 1033 1504 τοῖς
1057 1461 1246 1510 πονηροῖς
1271 1457 1327 1505 εἷς
1346 1455 1391 1497 τὸ
1412 1454 1561 1496 ἀδικεῖν
1582 1453 1749 1510 ἀφορμὴ

292 1520 360 1563 διὰ
381 1521 426 1563 τὸ
448 1519 645 1573 σύντομον
671 1521 751 1562 ἀπὸ
782 1525 862 1563 τῶν
893 1524 934 1564 ἓν
964 1530 1047 1572 τοῖς
1072 1523 1265 1579 ἀριθμοῖς
1290 1524 1458 1579 μορίων,
1492 1525 1564 1564 τοῦ
1586 1519 1751 1576 ἧμίσεός

294 1607 398 1646 φημι
419 1591 485 1631 καὶ
509 1590 622 1631 ἕκτου
643 1592 709 1631 καὶ
739 1587 966 1632 δωδεκάτου
993 1592 1060 1633 καὶ
1083 1596 1163 1633 τῶν
1187 1589 1392 1643 τοιούτων,
1431 1591 1651 1647 χρωμένων
1668 1595 1751 1640 τοῖς

239 1664 269 1697 Β
294 1662 478 1707 παλαιοῖς
508 1659 686 1711 σημείοις
714 1662 793 1699 τῶν
819 1660 1020 1715 γραφέων,
1063 1659 1241 1714 ἠθέλησε
1266 1661 1332 1701 καὶ
1355 1659 1428 1714 τὴν
1456 1657 1644 1713 τοιαύτην
1670 1662 1807 1700 faveo

293 1729 443 1768 ἀδικεῖν
470 1724 667 1779 ἑλομένων
687 1731 876 1782 περιελεῖν
897 1726 1100 1785 ἀφορμήν,
1136 1731 1202 1770 καὶ
1223 1729 1437 1785 διωρίσατο
1456 1726 1667 1784 γράμμασι
1689 1730 1751 1768 λι-

294 1801 402 1846 τοῖς,
422 1793 465 1835 ·ἂ
494 1796 560 1836 καὶ
592 1802 675 1845 τοῖς
706 1796 906 1853 ἀγροίκοις
937 1795 1282 1852 ἀναγινώσκεσθαι
1310 1795 1465 1857 ῥᾴδιον,
1505 1795 1559 1838 τὰ
1585 1800 1754 1838 τοιαῦτα

391 1948 435 1981 10
458 1942 579 1986 οὕτως
602 1958 656 1980 om
683 1947 715 1980 C
855 1947 898 1982 17
921 1949 1001 1987 τοῖς
1023 1950 1203 1993 πονηροῖς
1226 1959 1281 1983 om
1305 1948 1336 1982 C
1473 1947 1517 1983 18
1540 1944 1645 1992 ἀπὸ]
1668 1943 1756 1984 ἐπὶῖ

391 1993 434 2027 19
456 1990 654 2037 χρωμένοις
675 1993 704 2026 Ρ

302 2141 363 2164 sas·
386 2129 591 2164 diiudicare.
639 2130 683 2164 ad
712 2141 786 2164 eam
817 2141 890 2164 rem
920 2129 998 2163 loca
1021 2129 1066 2164 iis
1088 2128 1287 2174 designavit
1310 2128 1506 2173 commoda,
1531 2126 1760 2172 Magnam-am

301 2176 440 2211 Circum
464 2181 499 2210 et
519 2175 671 2210 Chalcen
694 2176 849 2220 (aeream
871 2177 1048 2221 portam),
1085 2187 1186 2220 quam
1217 2173 1384 2218 temporis
1413 2173 1516 2219 culpa
1545 2172 1760 2209 laborantem

303 2222 505 2266 ruinamque
531 2222 715 2256 minantem
740 2222 782 2255 ad
807 2222 873 2255 boc
895 2221 1104 2256 instauravit
1127 2228 1232 2266 atque
1253 2221 1449 2254 adornavit.
1475 2219 1636 2254 alimenta
1658 2218 1761 2254 eti‘am

302 2267 571 2312 pauperioribus
609 2268 734 2313 quibus
767 2268 896 2302 iudicio
937 2273 1015 2301 erat
1044 2267 1304 2312 disceptandum
1336 2265 1530 2309 ordinavit,
1570 2277 1614 2300 ne
1642 2264 1763 2310 inopia

304 2313 417 2348 coacti
442 2313 636 2348 vadimonia
659 2314 873 2349 desererent.
920 2312 998 2358 ipse
1021 2314 1125 2348 etiam
1150 2312 1203 2347 his
1226 2313 1331 2346 rebus
1355 2322 1495 2357 operam
1519 2310 1639 2354 dedit,
1672 2322 1761 2355 quo-

304 2360 373 2393 ties
406 2371 427 2393 a
456 2359 547 2393 bello
579 2365 614 2393 et
645 2359 825 2394 audiendis
853 2360 979 2404 legatis
1009 2366 1173 2401 vacaret3
1213 2364 1249 2394 et
1271 2358 1486 2392 descendens
1509 2358 1553 2392 ad
1579 2355 1762 2400 Genicum,

303 2405 364 2439 ubi
387 2404 441 2438 rei
465 2404 624 2449 publicae
647 2405 785 2440 nomine
808 2405 996 2450 vectigalia
1026 2411 1062 2440 et
1090 2405 1222 2440 tributa
1245 2403 1483 2450 accipiuntur,
1515 2402 1697 2450 prospexit
1719 2414 1763 2437 ne

303 2452 347 2484 ab
379 2450 446 2484 ullo
478 2451 661 2495 quicquam
695 2451 822 2485 iniuste
857 2452 1076 2496 exigeretur,
1112 2456 1149 2486 et
1177 2449 1339 2484 iniuriam
1370 2449 1483 2494 passis
1515 2447 1762 2494 opitulabatur.

302 2498 423 2530 ferunt
446 2507 535 2539 eum,
560 2509 636 2531 cum
660 2497 844 2542 aliquando
868 2499 912 2531 ad
936 2497 1127 2531 Diatribam
1154 2495 1239 2540 (loci
1262 2507 1386 2529 nomen
1410 2501 1487 2538 est,
1519 2493 1556 2528 in
1579 2505 1647 2538 quo
1671 2492 1764 2526 iudi-

304 2541 360 2575 cia
396 2543 674 2587 exercebantur)
715 2543 956 2577 descendisset
992 2542 1229 2588 neminemque
1270 2541 1446 2575 inveniret
1485 2543 1765 2584 conquerentem,

306 2587 518 2631 suspicatum
541 2599 618 2622 esse
641 2588 755 2622 arceri
777 2601 798 2623 a
823 2589 930 2623 certis
952 2589 1146 2624 hominibus
1175 2600 1236 2622 eos
1257 2588 1317 2631 qui
1339 2586 1450 2632 ipsum
1474 2583 1681 2629 compellare
1703 2595 1764 2618 cn-

307 2639 443 2677 perent‚
469 2640 504 2667 et
526 2633 695 2668 satellites
719 2646 782 2680 per
806 2636 924 2669 urbem
949 2635 1123 2670 dimisisse
1148 2633 1351 2680 quaesitum,
1377 2631 1408 2666 si
1432 2630 1493 2676 qui
1515 2635 1635 2665 essent
1656 2629 1765 2675 impe—

306 2678 434 2712 ratoris
458 2678 585 2712 auxilio
609 2679 819 2724 indigentes.
851 2680 976 2724 quibus
998 2680 1152 2715 reversis
1175 2691 1216 2713 ac
1239 2677 1406 2712 neminem
1425 2689 1464 2711 se
1487 2675 1689 2722 repperisse
1709 2674 1766 2721 di—

307 2724 478 2767 centibus,
505 2735 580 2758 eum
605 2736 689 2770 prae
713 2725 841 2770 gaudio
864 2726 1024 2761 lacrimas
1048 2726 1207 2761 emisisse
1231 2724 1416 2769 egisseque
1438 2723 1504 2756 deo
1530 2722 1675 2767 gratias.

399 2790 687 2826 Animadvertens
711 2805 816 2838 porro
840 2794 1057 2828 occasionem
1084 2792 1244 2827 maleficii
1268 2791 1387 2838 pravis
1409 2789 1605 2825 hominibus
1627 2801 1669 2824 eo
1692 2788 1770 2824 dari

311 2838 404 2882 quod
432 2836 584 2879 numeri,
623 2839 749 2882 quibus
774 2840 872 2873 verbi
895 2839 1009 2884 gratia
1033 2839 1185 2873 semissis
1212 2844 1352 2872 sextans
1375 2835 1477 2870 uncia
1500 2842 1537 2870 et
1557 2835 1684 2870 similia
1706 2835 1769 2869 de·

314 2885 513 2930 signantur,
539 2895 603 2930 per
627 2890 729 2920 notas
752 2890 895 2932 recepta
916 2885 1108 2931 antiquitus
1131 2883 1379 2920 consuetudine
1401 2882 1658 2927 scriberentur,
1692 2882 1770 2916 loco
