1890 3236
461 204 854 275 EJSTORIARUM
888 203 1273 250 COMPENDIUM.
1503 203 1598 251 165

122 317 369 373 ἆποσταλεὶς
396 323 470 365 τοῢ
499 324 701 378 στρατοῦ,
738 319 866 372 εὐθὺς
896 319 999 378 πρὸς
1029 318 1266 376 Μελιτηνὴν
1295 317 1599 378 ἀπεδίδρασκεν.

121 387 231 436 ἀλλὰ
256 392 326 434 καὶ
344 395 488 434 τοῦτον
505 387 526 432 ὅ
547 394 622 433 τοῦ
639 391 882 446 Χαρσιανοῦ
904 388 1158 440 καταδιώξας
1181 386 1494 446 κλεισουράρχης
1510 406 1598 444 χει-

122 464 269 518 ροῦται
288 458 393 514 μετὰ
419 462 494 502 τοῦ
509 457 812 518 στρατεύματος
832 459 899 501 καὶ
917 462 977 516 τῷ
995 463 1208 517 στρατηγῷ
1227 460 1368 501 δίδωσι
1384 459 1599 518 Πετρωνᾷ.

122 527 145 573 ὅ
170 529 216 573 δὲ
234 530 458 586 Πετρωνᾶς
472 533 656 571 τοιοῦτον
677 527 782 570 κατὰ
800 531 873 570 τοῦ
889 525 1013 584 ’Άμερ
1036 524 1191 582 στήσας
1209 525 1404 584 τρόπαιον
1423 526 1496 582 τὴν
1515 532 1597 581 βα-
1618 538 1650 573 C

92 598 264 645 ὅσιλίδα
282 595 586 652 καταλαμβάνει
594 629 609 650 ,
644 594 889 653 ἐπαγόμενος
905 597 972 638 καὶ
994 595 1065 638 τὸν
1084 594 1159 651 τὴν
1181 597 1292 650 νίκην
1313 595 1423 654 αὐτῷ
1443 600 1598 654 προθε-

124 667 326 711 σπίσαντα
343 665 522 721 μοναχόν
531 698 546 718 ,
580 664 656 722 τήν
674 682 716 709 τε
739 664 884 722 ἀρετὴν
906 662 1126 716 ἐκθειάζων
1148 664 1295 716 αὐτοῦ,
1323 666 1390 706 καὶ
1410 665 1511 722 πρὸς
1529 665 1600 708 τὸν

123 735 299 791 βασιλέα
324 736 392 778 καὶ
420 732 594 793 Βάρδαν
615 734 685 778 τὸν
707 735 852 790 οἰκεῖον
872 732 1050 791 ἀδελφὸν
1077 734 1256 787 ἓξυμνῶν
1273 737 1416 776 τοῦτον
1440 735 1507 777 καὶ
1526 751 1600 789 με-

125 803 324 862 γαλύνων.
391 808 556 859 τιμᾶται
575 808 674 860 γοῦν
694 802 932 857 ὃομὲστικος
949 806 1031 846 τῶν
1052 806 1231 858 σχολῶν,
1268 802 1373 856 μετὰ
1390 804 1536 862 μικρὸν
1555 803 1601 846 δὲ

125 875 195 916 καὶ
230 873 399 927 ἅπεβίω.
469 871 696 928 ἐτελεύτησε
727 872 771 915 δὲ
798 871 877 930 πρὸ
908 869 1054 915 τούτου
1088 873 1156 914 καὶ
1182 869 1204 914 ὃ
1227 870 1435 927 ΖΠανουήλ
1445 903 1459 924 ,
1494 870 1602 932 νόσῳ

5 959 8 962 ·
71 951 117 987 10
127 939 180 998 δή
203 959 280 985 τινι
302 941 532 999 κρατηθείς.

264 1011 492 1061 Mum-9229
521 1009 566 1053 δὲ
599 1007 620 1051 ὃ
649 1005 822 1068 Βάρεὶας
853 1003 924 1066 ἦγε
950 1009 1018 1053 καὶ
1041 1005 1158 1066 ἔφερε
1179 1006 1336 1062 πάντα,
1369 1010 1438 1053 καὶ
1458 1008 1534 1060 τὰς
1556 1008 1601 1052 ἔκ

125 1079 327 1135 βασιλέως
351 1078 495 1134 ἤμειβε
525 1083 701 1134 συνεχῶς
727 1076 850 1134 τιμάς
859 1111 874 1131 ‚
910 1077 1021 1136 ἀνῄει
1053 1078 1098 1121 δὲ
1128 1079 1195 1120 καὶ
1220 1081 1275 1129 εἷς
1293 1079 1366 1134 τὴν
1389 1079 1601 1136 Καίσαρος

128 1146 252 1200 δόξαν
281 1165 323 1192 τε
356 1149 424 1191 καὶ
455 1146 575 1203 τιμήν
586 1181 599 1200 ,
633 1152 707 1192 τοῦ
738 1147 917 1204 Μιχαὴλ
947 1147 1123 1203 μηδενὸς
1151 1144 1289 1205 ἑτέρου
1322 1149 1602 1206 φροντίζοντος

127 1221 210 1261 τῶν
238 1220 453 1261 πολιτικῶν
482 1218 578 1260 ἀλλ’
608 1216 634 1272 ἢ
662 1217 850 1275 θεάτρων
882 1218 950 1260 καὶ
977 1219 1112 1259 ἵππων
1138 1214 1323 1272 ἁμίλλης.
1393 1219 1460 1259 καὶ
1478 1217 1524 1260 τὸ
1545 1216 1597 1273 δὴ
1620 1233 1652 1268 Ι)

74 1296 119 1333 1⁵
125 1286 344 1344 χείριστον,
379 1286 452 1329 οὔκ
473 1285 613 1344 ἠγάπα
643 1287 797 1343 θεατὴς
827 1284 924 1329 εἶναι
955 1283 1094 1342 μόνον,
1129 1284 1234 1327 ἀλλὰ
1255 1287 1322 1328 καὶ
1346 1285 1470 1336 αὐτὸς
1490 1284 1601 1341 ἡνιο-

126 1361 212 1411 χεΐν
233 1357 302 1398 καὶ
321 1356 503 1413 παίγνιον
530 1362 615 1406 τοῖς
634 1359 734 1398 πᾶσι
755 1358 997 1413 προκεῖσθαι
1023 1355 1090 1397 καὶ
1110 1354 1247 1410 γέλως.
1314 1355 1382 1397 καὶ
1408 1353 1429 1397 ὅ
1458 1355 1532 1409 μὲν
1562 1356 1604 1398 ἓν

130 1422 288 1476 τούτοις
315 1419 379 1482 ἦν,
422 1422 444 1467 ὅ
474 1421 644 1482 Βάρδας
674 1425 718 1467 de*
747 1426 874 1467 διεῖπε
903 1424 955 1466 τὰ
985 1423 1170 1466 πολιτικὰ
1203 1423 1271 1465 καὶ
1301 1427 1375 1479 τῆς
1396 1425 1606 1477 βασιλείας

131 1491 444 1548 κατεστοχάζετο
477 1491 534 1544 ὥς
566 1493 694 1549 αὐτὴν
723 1494 916 1550 εὐκαίρως
943 1491 1302 1550 παραληψόμενος.
1371 1491 1604 1548 ἐπεμελήθη

131 1562 177 1606 δὲ
196 1563 265 1605 καὶ
280 1567 354 1618 τῆς
372 1561 454 1614 ἔξω
476 1564 624 1620 σοφίας
643 1558 710 1619 (ἦν
728 1563 805 1620 γὰρ
826 1563 870 1604 ἐκ
892 1566 1044 1605 πολλοῦ
1066 1560 1216 1618 χρόνον
1238 1569 1519 1619 παραρρυεῒσα
1537 1564 1606 1604 καὶ

77 1630 238 1690 Ξοπρός
265 1631 312 1674 τὸ
343 1631 472 1687 μηδὲν
502 1630 606 1683 ὅλως
629 1629 855 1690 χωρήσασα
877 1635 929 1689 τῇ
952 1635 1032 1674 τῶν
1052 1629 1308 1689 κρατούντων
1329 1631 1513 1691 ἀγροικίᾳ
1537 1632 1606 1673 καὶ

132 1699 315 1761 ἀμαθία)
349 1701 564 1760 διατριβὰς
597 1699 746 1759 ἑκάστῃ
778 1706 859 1744 τῶν
891 1701 1121 1756 ἐπιστημῶν
1156 1701 1382 1758 ἀφορίσας,
1428 1704 1510 1744 τῶν
1530 1700 1606 1755 μὲν

131 1768 268 1813 ἄλλων
307 1766 388 1827 ὅπῃ
423 1788 498 1829 περ
534 1770 671 1827 ἔτυχε,
729 1774 800 1827 τῆς
834 1770 877 1812 δ’
911 1770 975 1812 ἐπὶ
1006 1774 1147 1813 πασῶν
1181 1768 1328 1824 {milev
1361 1770 1607 1828 φιλοσοφίας

133 1838 227 1882 κατ’
262 1837 370 1882 azir&
393 1838 446 1883 τὰ
467 1841 654 1896 βασίλεια
676 1841 718 1883 ἓν
741 1844 792 1899 τῇ
817 1835 1077 1902 Μαγναύρρι·
1123 1840 1191 1882 καὶ
1223 1837 1351 1890 οὕτως
1382 1840 1425 1890 ἐξ
1456 1839 1605 1882 ἐκείνου

227 1934 274 1973 22
297 1934 413 1971 πᾶσιν
433 1936 466 1972 G

137 2016 260 2052 nuntio
283 2015 393 2052 eladis
418 2018 563 2062 accepto
588 2015 704 2051 statim
728 2014 928 2051 Melitenam
952 2016 1038 2061 fuga
1060 2016 1161 2062 petit.
1209 2016 1272 2051 sed
1295 2016 1387 2053 hunc
1408 2027 1548 2062 quoque
1573 2018 1609 2050 et

137 2063 330 2099 exercitum
364 2063 439 2098 eius
476 2063 681 2097 Charsianis
716 2062 886 2108 augustiis
920 2063 1119 2108 praefectus
1143 2063 1319 2098 insecutus
1341 2064 1378 2098 in
1402 2066 1610 2108 potestatem

134 2109 270 2156 redigit
300 2121 344 2145 ac
367 2109 542 2146 Petronae
576 2109 698 2144 tradit.
745 2115 814 2145 tam
837 2109 964 2144 illustri
987 2109 1033 2143 de
1057 2111 1183 2144 Amere
1205 2109 1355 2144 victoria
1378 2109 1509 2154 potitus
1538 2109 1609 2141 Pe-

137 2162 258 2192 trouas
282 2155 410 2203 Cpolin
430 2155 558 2200 rediit,
593 2157 743 2191 adducto
764 2167 880 2190 secum
902 2155 962 2200 qui
986 2167 1060 2190 eam
1085 2156 1306 2201 praedixerat
1330 2155 1518 2198 monacho,
1554 2153 1610 2189 di-

138 2201 256 2238 vinam
289 2203 365 2238 eius
399 2203 564 2238 virtutem
596 2202 826 2248 praedicans,
860 2201 1134 2247 imperatorique
1168 2207 1203 2236 et
1233 2202 1369 2236 Bardae
1393 2211 1611 2246 summopere

138 2250 398 2284 commendans.
445 2248 514 2283 iam
536 2253 608 2283 tum
631 2249 814 2284 Manuelus
838 2259 882 2282 ex
907 2249 1026 2282 morbo
1051 2248 1246 2283 interierat.
1294 2249 1412 2292 itaque
1436 2247 1610 2281 Petronas

138 2293 333 2376 mazolinum
366 2294 577 2330 domesticus
612 2294 756 2330 honoris
787 2306 895 2330 causa
928 2299 1087 2340 creatur,
1122 2294 1295 2341 pauloque
1330 2298 1410 2340 post
1442 2293 1517 2328 vita
1543 2293 1607 2327 de-

137 2353 158 2376 c
203 2339 248 2376 it.

230 2387 280 2421 At
300 2385 434 2422 Budas
467 2385 561 2420 solus
594 2389 772 2432 superstes
806 2386 920 2421 omnia
956 2385 1081 2420 exinde
1112 2397 1218 2431 agere
1242 2397 1282 2421 ac
1306 2386 1418 2430 ferre,
1457 2386 1608 2420 honores

138 2432 388 2479 imperatorios
419 2432 570 2467 subinde
598 2432 635 2466 in
664 2432 751 2466 alios
775 2437 880 2478 atque
905 2432 991 2466 alios
1016 2432 1230 2476 transferre,
1263 2433 1421 2478 adeoque
1444 2432 1609 2467 Caesaris

140 2490 281 2525 quoque
312 2477 518 2524 dignitatem
551 2477 622 2513 sibi
653 2490 802 2516 sumere.
850 2478 1043 2513 Michaelus
1064 2479 1199 2513 interea
1221 2478 1348 2514 nullam
1370 2478 1424 2512 rei
1445 2478 1609 2524 publicae

140 2536 258 2562 curam
281 2536 420 2570 gerere,
452 2524 602 2560 theatris
626 2526 727 2559 modo
752 2529 788 2558 et
812 2525 1032 2571 equestribus
1055 2536 1182 2560 vacare
1203 2525 1460 2570 certaminibus,
1495 2524 1614 2570 quod--

142 2582 212 2617 que
231 2579 311 2607 erat
335 2570 572 2615 deterrimum,
606 2583 676 2606 non
700 2576 833 2606 tantum
857 2583 898 2606 ea
921 2577 1093 2617 spectare,
1127 2572 1190 2606 sed
1213 2577 1250 2606 et
1269 2573 1346 2618 ipse
1368 2582 1477 2616 equos
1502 2582 1610 2616 agere

143 2616 372 2664 omnibusque
403 2619 684 2653 subsannandum
716 2630 756 2652 se
785 2623 822 2652 et
852 2617 1033 2652 ridendum
1064 2617 1241 2653 exhibere.
1300 2618 1439 2653 interim
1474 2617 1609 2652 Bardas

142 2663 286 2708 negotia
307 2663 448 2711 publica
471 2666 703 2710 procurabat,
735 2663 986 2711 imperiumque
1018 2663 1131 2698 animo
1163 2663 1231 2699 sibi
1260 2664 1479 2708 destinabat,
1514 2663 1608 2709 quod

141 2720 206 2744 suo
223 2714 378 2756 tempore
394 2710 660 2757 adipisceretur.
686 2711 776 2744 idem
801 2711 966 2757 profanas
990 2722 1128 2756 quoque
1150 2709 1283 2756 literas,
1307 2723 1398 2757 quae
1417 2710 1610 2756 imperato-

142 2765 218 2790 rum
240 2755 406 2792 barbarie
434 2764 542 2804 atque
564 2757 705 2792 inscitia
729 2757 795 2791 iam
828 2770 849 2792 a
873 2757 987 2792 multis
1011 2757 1110 2792 annis
1134 2768 1277 2802 prorsus
1304 2757 1552 2792 obsoleverant
1572 2759 1611 2790 et

144 2806 381 2848 evanuerant,
411 2804 610 2849 recreavit,
647 2803 792 2848 singuiis
826 2803 985 2838 scientiis
1015 2809 1112 2838 certo
1142 2803 1219 2838 loco
1243 2814 1323 2839 suas
1345 2803 1481 2838 scholas
1505 2801 1609 2838 attri-

143 2849 278 2897 b¹¹03¹⁸⁷
311 2860 494 2895 supremae
524 2857 638 2886 autem
663 2850 812 2885 omnium
842 2849 1086 2895 philosophiae
1118 2849 1163 2884 ad
1183 2849 1294 2896 ipsam
1317 2851 1449 2895 regiam
1472 2849 1508 2884 in
1530 2849 1609 2883 Ma·

145 2904 293 2939 guenta.
339 2893 462 2942 itaque
482 2909 528 2933 ex
551 2909 594 2933 eo
617 2909 753 2933 rursum
776 2896 905 2932 florere
925 2896 1095 2932 scientiae
1116 2900 1320 2944 coeperunt,
1343 2895 1483 2932 tametsi
1507 2907 1610 2942 prae-
