1890 3236
481 189 884 236 HISTORIARUM
912 186 1308 234 COMPENDIUM.
1541 185 1638 243 141

151 302 397 369 ’ριχευμένος
411 307 482 352 καὶ
501 304 710 359 σκελετός,
745 306 788 350 ἔν
809 306 943 350 οὐδενὶ
962 303 1168 363 διαφέρων
1192 301 1315 362 ἑτέρῳ
1335 305 1418 346 τῶν
1439 300 1642 358 τεθνηκό-

161 396 246 424 των
271 377 299 435 ἢ
329 375 445 436 μόνῳ
469 381 529 436 τῷ
557 376 760 419 ἀναπνεῖν.
826 376 889 426 τίς
910 368 981 417 οὖν
1002 375 1114 424 ἐλπὶς
1133 371 1160 428 ἢ
1183 379 1298 423 ποῖός
1318 370 1439 429 λόγος
1462 371 1595 416 ἔσεται
1618 370 1640 414 ὁ

161 449 311 492 πείσων
339 463 392 502 με
421 446 741 504 ἀναρρωσθῆναι
768 445 836 488 καὶ
867 446 924 494 εἷς
948 443 1023 498 τὴν
1050 442 1252 499 προτέραν
1273 440 1428 494 εὐεξίαν
1447 441 1639 496 aare?

160 514 436 570 ὑπολαβόντες
457 510 530 558 οὖν
551 515 590 558 οἶ
614 513 826 558 ὃσιώτατοι
845 510 1129 571 ἴφησανπρὸς
1150 508 1276 553 αὐτόν
1297 508 1461 553 “noina
1489 511 1642 554 δυνατὰ

127 587 229 631 ὁκαὶ
259 585 377 628 οὐδὲν
409 585 606 628 ἀδυνατεῖ
629 587 688 643 τῷ
714 586 816 641 θεῷ’.
885 583 920 624 εἷ
951 583 1048 637 γοῦν
1078 577 1323 630 σπουδάσεις
1354 580 1638 637 ἀναρρωσθεὶς
1660 591 1692 626 D

160 653 236 711 τὴν
261 657 344 697 τῶν
373 651 647 709 εἰκονομάχων
677 650 902 706 ἀποσβέσαι
931 649 1135 706 πυρκαϊὰν
1159 650 1227 691 καὶ
1250 648 1324 699 τὰς
1347 648 1459 705 ἱερὰς
1483 647 1640 700 εἰκόνας

160 723 268 768 κατὰ
295 722 392 774 τοὺς
420 723 621 773 παλαιοὺς
640 722 709 764 καὶ
733 718 955 776 πατρικοὺς
973 717 1158 773 θεσμοὺς
1177 717 1484 773 ἀναστηλῶσαι,
1521 719 1641 775 εὐαγ-

159 789 407 850 γελιζόμεθά
427 808 492 835 σοι
512 791 586 846 τὴν
605 789 759 846 ζωήν.”
831 787 940 832 εἶπον
969 790 1037 830 καὶ
1065 785 1346 844 ὑπεχώρησαν.
1415 789 1484 830 καὶ
1512 787 1641 838 εὐθὺς

159 860 188 918 ἦ
206 878 254 905 τε.
267 859 388 911 νόσος
405 858 567 918 ἔρράῖσε
586 861 654 903 καὶ
676 860 719 902 αἱ
737 860 905 916 φυσικαὶ
922 858 1111 914 ἐνέργειαι
1129 855 1348 907 ἀκωλύτως
1365 856 1637 909 ἐπετελοῦντο,

0 986 3 990 ,
105 941 152 979 10
160 931 228 974 καὶ
252 930 296 973 ἐν
314 933 469 987 βραχεῖ’
481 932 540 988 τῷ
554 927 689 987 χρόνῳ
707 929 860 972 τελείαν
885 931 959 971 τοῦ
986 924 1309 984 ἀρρωστήματος
1328 924 1484 981 ε’σχήκει
1504 926 1639 969 ἀπαλ-

0 995 14 1149 ἑ
159 997 302 1055 λαγήν.
369 996 481 1058 ῥᾴων
517 998 563 1042 δὲ
600 1002 674 1053 τῆς
714 995 836 1041 νόσου
878 994 1114 1054 γενόμενος,
1157 993 1480 1049 ἐξιππασάμενος
1512 995 1640 1046 εὐθὺς

0 1153 10 1290 l

160 1067 295 1111 ἔπεισι
327 1066 433 1125 πρὸς
464 1066 511 1111 τὸ
544 1065 743 1110 παλάτιον
781 1068 849 1110 καὶ
891 1066 1030 1109 εἴσεισι
1068 1065 1171 1122 πρὸς
1200 1064 1276 1120 τὴν
1304 1065 1522 1119 βασιλίδα,
1570 1066 1639 1108 καὶ

158 1135 293 1180 πάντα
321 1134 473 1195 τρόπον
507 1136 634 1192 αὐτὴν
665 1137 865 1194 παρεκίνει
894 1135 968 1186 τὰς
997 1135 1116 1185 θείας
1147 1133 1433 1190 ἀναστηλώσαι
1467 1133 1639 1186 εἰκόνας,

158 1203 287 1249 πάλαι
327 1207 396 1249 καὶ
433 1205 562 1262 αὐτὴν
601 1206 794 1263 ἀφορμῆς
827 1204 1063 1262 δράξασθαι
1091 1204 1351 1260 γλιχομένην,
1387 1203 1456 1245 διὰ
1488 1203 1641 1254 παντὸς

103 1284 149 1322 15
159 1275 442 1332 ἓρεθιζομένην
469 1277 537 1318 καὶ
560 1274 675 1332 παρὰ
699 1279 772 1330 τῆς
796 1276 944 1325 υἷκείας
963 1273 1120 1331 μητρὸς
1144 1274 1200 1323 εἷς
1219 1277 1340 1316 τοῦτο
1363 1273 1431 1314 καὶ
1454 1277 1535 1315 τῶν
1557 1291 1641 1328 μη-

157 1345 399 1403 τραδέλφων
415 1347 498 1387 τῶν
516 1346 751 1401 πατρικίων.
821 1343 935 1398 ὅμως
960 1344 1005 1385 δὲ
1030 1343 1264 1386 ἀντέπιπτεν
1283 1339 1310 1396 ἦ
1336 1340 1534 1398 Θεοδώρα
1555 1348 1641 1393 τοῖς

156 1412 292 1470 λόγοις
319 1416 396 1456 τοῦ
422 1412 654 1467 Μανουήλ,
686 1413 762 1456 εἴτε
785 1412 881 1463 τοὺς
901 1411 1006 1470 πρὸς
1026 1411 1097 1455 τὸν
1118 1409 1250 1468 ἄνδρα
1271 1409 1419 1467 ὅρκους
1439 1411 1639 1465 εὖλαβου-
1661 1418 1689 1452 Ρ
1713 1415 1780 1452 535

153 1483 280 1539 μένη,
313 1481 413 1538 εἴτε,
446 1479 504 1533 ὥς
529 1482 709 1541 ἔφαμεν,
745 1484 812 1525 καὶ
838 1481 884 1524 τὸ
910 1485 1072 1536 πλῆθος
1091 1482 1298 1523 δεδοικυῖα
1319 1484 1401 1522 τῶν
1417 1484 1471 1537 τῇ
1489 1480 1640 1538 αἱρέσει

0 1571 11 1604 5
154 1551 497 1607 κατειλημμένων.
565 1551 790 1608 ἐγκειμένου
818 1552 864 1594 δὲ
891 1555 966 1594 τοῦ
984 1549 1192 1605 Μανουὴλ
1210 1548 1288 1607 ἔφη
1310 1547 1336 1604 ἦ
1365 1548 1564 1607 Θεοδώρα
1582 1548 1638 1601 ὥς

0 1626 2 1635 '
98 1618 178 1669 2οὸ
200 1619 320 1676 ἐμός,
354 1615 388 1664 ὦ
410 1618 606 1678 μάγιστρε
616 1654 631 1674 ,
667 1619 769 1679 ἀνήρ
791 1638 834 1664 τε
853 1622 920 1664 καὶ
937 1618 1132 1674 βασιλεὺς
1152 1619 1360 1676 ἀκριβείας
1378 1613 1427 1673 ἦν
1447 1617 1634 1675 ἐραστής,

154 1691 224 1734 καὶ
255 1689 372 1734 οὐδὲν
401 1689 702 1748 ἀπερισκέπτως
721 1690 866 1747 ἔπραξε
888 1688 1074 1742 πώποτε,
1107 1690 1176 1732 καὶ
1197 1692 1317 1732 τοῦτο
1340 1687 1386 1730 τὸ
1407 1686 1564 1746 δόγμα,
1602 1691 1637 1732 εἷ

151 1759 211 1816 μὴ
240 1759 567 1818 ἀπηγορευμένον
595 1754 647 1817 ἦν
674 1767 760 1811 τοῖς
785 1760 908 1818 ἱεροῖς
927 1757 1067 1814 νόμοις
1090 1759 1158 1801 καὶ
1179 1764 1268 1809 ταῖς
1288 1755 1420 1814 ἁγίαις
1438 1764 1632 1816 γραφαῖς,

242 1867 268 1904 8
288 1863 652 1914 ἀναρρωσθήσεσθαι
675 1869 706 1904 C
855 1868 878 1903 8
902 1866 966 1902 καὶ
991 1864 1132 1913 εὐθύς]
1155 1866 1209 1914 τῷ
1233 1862 1273 1901 δὲ
1297 1862 1484 1911 Μανονήλ
1506 1878 1632 1910 παρα-

243 1912 367 1996 Ξὲοός
389 1913 453 1951 καὶ
474 1912 572 1961 ὑπὲρ
595 1915 722 1952 πᾶσαν
743 1913 974 1962 προσδοκίαν
998 1914 1029 1949 C
1143 1915 1185 1950 11
1211 1912 1306 1959 ῥᾶον
1327 1913 1358 1948 C
1471 1914 1516 1951 19
1539 1911 1631 1959 ἔφη·

149 2053 280 2089 fectum
303 2054 458 2100 exaruit,
482 2054 535 2090 ita
559 2058 599 2090 ut
621 2058 716 2090 totus
740 2055 936 2091 exsiccatus
957 2054 1040 2090 solis
1058 2053 1205 2100 reliquis
1228 2052 1367 2089 ossibus
1385 2051 1540 2094 iaceam3
1565 2063 1629 2086 eo-

150 2110 220 2146 que
250 2105 386 2137 tautum
420 2113 442 2136 a
474 2102 650 2137 cadavere
682 2102 864 2147 differam,
900 2100 1179 2149 quod'spiritum
1203 2100 1322 2136 duco?
1359 2111 1430 2144 qua
1455 2110 1538 2143 ergo
1563 2110 1628 2144 spe

148 2146 304 2181 adducar
327 2152 367 2183 ut
389 2148 527 2183 credam
551 2161 606 2184 me
631 2148 725 2183 vires
747 2154 970 2195 recepturum
1001 2161 1043 2183 ac
1068 2147 1240 2194 pristinae
1265 2145 1458 2180 valetudini
1482 2144 1629 2179 restitu-

147 2196 220 2228 tum
241 2189 352 2228 iri?’'
397 2195 614 2240 respondere
631 2196 791 2230 monachi
809 2196 909 2230 deum
930 2195 1016 2230 nihil
1036 2207 1105 2229 non
1123 2205 1250 2239 posse:
1274 2192 1399 2237 quodsi
1422 2203 1507 2237 ergo
1529 2191 1629 2226 sani-

146 2242 224 2274 tate
250 2243 397 2286 recepta
431 2252 574 2287 operam
598 2241 647 2276 sit
668 2243 812 2277 daturus
839 2247 878 2276 ut
899 2241 1097 2276 incendium
1123 2242 1167 2275 ab
1193 2238 1456 2284 imagiuiperdis
1488 2238 1626 2272 excita-

147 2288 221 2319 tum
252 2286 452 2331 restinguat
483 2299 673 2334 sacrasque
702 2288 873 2333 imagines
906 2289 1094 2322 secundum
1126 2291 1249 2321 vetera
1284 2284 1450 2319 maiorum
1484 2285 1628 2319 decreta

146 2330 331 2375 restituat,
367 2343 407 2366 se
440 2332 474 2368 ei
505 2334 615 2368 vitam
648 2340 746 2369 certo
778 2333 996 2380 promittere.
1045 2339 1151 2378 atque
1175 2332 1262 2366 haec
1283 2331 1349 2365 fati
1372 2330 1625 2366 discesserunt.

145 2377 266 2412 atatim
289 2389 376 2412 vero
398 2383 435 2413 et
454 2381 596 2414 morbus
621 2381 775 2425 remisit,
801 2386 837 2415 et
858 2380 1034 2414 naturales
1057 2379 1244 2413 facultates
1268 2377 1359 2412 omni
1379 2378 1628 2422 impedimento

145 2428 228 2459 suut
255 2423 450 2470 liberatae,
487 2426 658 2471 brevique
681 2427 849 2472 temporis
871 2426 987 2472 spatio
1011 2425 1216 2459 infirmitate
1242 2435 1388 2471 prorsus
1413 2429 1468 2459 est
1491 2422 1628 2458 solutus

143 2469 342 2506 Manuelus.
389 2471 443 2506 sic
473 2483 559 2518 ergo
593 2472 745 2508 allevato
781 2484 929 2519 corpore
961 2472 1078 2507 statim
1112 2483 1203 2517 equo
1227 2471 1271 2505 ad
1294 2469 1461 2516 palatium
1484 2469 1533 2514 it,
1571 2469 1628 2503 in-

142 2527 358 2562 gressusque
380 2517 426 2553 ad
450 2517 708 2566 imperatricem
732 2531 806 2554 eam
829 2530 1048 2565 summopere
1072 2519 1116 2553 ad
1141 2517 1362 2563 reponendas
1392 2527 1512 2551 sacras
1536 2515 1626 2551 ima-

143 2561 244 2607 gines
279 2563 498 2600 exhortatur.
557 2577 601 2600 ea
633 2577 719 2600 vero
753 2565 956 2611 iampridem
992 2565 1209 2600 occasionem
1244 2563 1347 2598 huius
1378 2562 1433 2597 rei
1468 2562 1627 2607 agendae

143 2610 356 2654 quaerebat,
382 2611 531 2646 subinde
550 2612 719 2657 instigata
742 2623 763 2646 a
786 2617 896 2647 matre
918 2623 982 2646 sua
1006 2617 1042 2646 et
1065 2610 1246 2646 avunculis
1271 2608 1445 2656 patriciis.
1495 2608 1626 2643 nihilo-

142 2654 256 2691 minu·
278 2660 395 2692 tamen
418 2658 538 2692 verbis
563 2659 716 2693 Manueli
741 2659 933 2694 Theodora
955 2664 1026 2693 tum
1051 2670 1091 2693 se
1110 2657 1294 2703 opposuit,
1330 2655 1409 2691 sive
1438 2655 1626 2691 iuramenti

142 2700 268 2736 marito
290 2703 454 2748 praestiti
477 2704 669 2750 religione,
705 2706 782 2740 sive
806 2704 1058 2740 multitudinem
1072 2730 1082 2749 ‚
1107 2704 1205 2739 cuius
1228 2702 1438 2738 mentionem
1462 2701 1623 2744 fecimus,

142 2745 301 2783 haeresis
325 2749 430 2784 istius
456 2752 690 2787 studiosorum
722 2751 970 2789 reformidans.
1024 2756 1062 2786 et
1094 2750 1250 2786 instante
1280 2748 1445 2784 Manuelo
1478 2745 1624 2783 “meus'’

140 2792 280 2839 inquit,
316 2790 362 2830 “o
386 2797 577 2843 magister,
611 2798 757 2833 maritus
779 2798 972 2844 imperator
995 2797 1251 2833 accurationem
1276 2795 1430 2840 amavit,
1464 2794 1624 2840 nihilque

140 2849 291 2885 unquam
315 2841 386 2877 nisi
407 2854 449 2878 re
472 2846 583 2891 probe
605 2844 801 2880 deliberata
825 2845 911 2889 egit.
959 2844 1080 2890 itaque
1114 2844 1294 2878 decretum
1326 2853 1466 2888 quoque
1490 2841 1534 2876 de
1560 2853 1623 2875 co-

138 2883 252 2923 lendis
274 2886 485 2935 imaginibus
505 2903 577 2928 uon
597 2892 716 2929 fuerat
736 2891 887 2928 ecclesia
909 2890 1099 2937 eiecturus,
1122 2889 1193 2926 uiui
1213 2889 1250 2926 id
1274 2888 1412 2935 legibus
1435 2887 1621 2934 literisque
