1916 3210
318 162 417 208 552
781 155 1018 203 GEORGII
1051 156 1291 202 CEDRENI
1882 0 1916 204 l]

318 273 413 326 τοὺς
431 270 533 317 κατὰ
552 269 783 326 συμμαχίαν
803 267 1006 328 παρόντας
1028 270 1315 328 διασκορπίσας
1331 269 1373 313 ἓν
1388 275 1473 322 τοῖς
1487 268 1640 326 θέμωσε
1648 300 1663 324 ,
1690 273 1760 315 καὶ

321 338 646 400 ἀσφαλισάμενος
665 340 734 381 ἵνα
758 338 816 393 μὴ
843 340 911 381 καὶ
935 338 1014 382 ἀπὸ
1034 342 1114 382 τῶν
1131 337 1244 382 ἴνδον
1261 337 1452 394 ἐπιβουλή
1468 355 1532 389 ,τις
1548 337 1762 397 ἀνεγερθῇ,

320 410 376 461 ὡς
399 408 420 452 ὅ
442 407 580 464 καιρὸς
599 407 733 449 ἐδίδου
755 406 821 450 καὶ
838 404 884 449 τὸ
903 411 976 450 τοῦ
995 406 1111 462 ἔργον
1128 405 1370 464 ὀξύρροπον,
1402 404 1476 457 τάς
1491 422 1534 449 τε
1549 407 1762 462 βασιλικὰς

319 474 540 534 ἐξαρτύσας
560 472 736 531 τριήρεις
759 475 826 517 καὶ
850 473 975 526 ἄλλας
997 474 1070 518 οὔκ
1090 473 1226 532 ὀλίγας
1252 474 1331 518 ἀπὸ
1358 478 1438 518 τῶν
1467 473 1763 519 zemamo-nal

321 543 507 602 κούφων,
541 544 608 586 καὶ
629 546 729 585 λαοῦ
748 541 964 600 πληρώσας
981 542 1060 586 ἀπὸ
1076 548 1156 587 τῶν
1175 541 1485 601 παρατυχόντων
1501 542 1543 585 ἓν
1558 543 1796 602 Βνζοπίῳξ

322 612 411 657 τότε
438 614 715 669 στρατιωτῶν,
749 612 816 654 καὶ
846 611 968 662 αὐτὸς
996 605 1112 662 οὗτος
1131 616 1187 671 τῷ
1209 615 1405 670 βασιλικῷ
1425 609 1568 666 ἐπιβὰς
1588 607 1767 668 «redama
1800 665 1803 668 Ι

323 680 443 733 ἔξεισι
463 681 531 723 καὶ
552 685 636 730 τοῖς
658 676 844 730 Σκύθαις
863 677 1092 733 ὑπαντιάζει
1112 680 1215 724 κατὰ
1235 680 1281 723 τὸ
1301 683 1374 723 τοῦ
1391 677 1555 723 Πόντου
1573 675 1706 734 στόμα
1721 678 1769 723 ἐν

277 755 307 790 Β
330 754 386 809 τῷ
405 747 601 807 λεγομένῳ
619 750 859 802 ναυλοχοῦσι
881 746 1032 807 Φάρῳ,
1058 748 1334 807 παρεπομένην
1353 746 1452 802 ἔχων
1471 746 1540 790 διὰ
1554 749 1628 802 τῆς
1645 749 1771 804 ξηρᾶς

325 819 394 861 καὶ
423 816 584 872 ἱππικὴν
614 816 805 873 στρατιὰν
830 815 902 859 οὔκ
925 816 1072 872 ὀλίγην.
1137 818 1219 860 ἐπεὶ
1243 817 1288 859 δὲ
1313 815 1576 871 ἀντιμέτωποι
1599 813 1771 871 ἔστησαν

327 886 370 930 αἲ
390 883 580 939 δυνάμεις
587 915 601 936 ,
634 883 750 941 ἔργου
770 884 843 938 μὲν
863 884 1069 939 οὐδέτερον
1085 885 1208 943 μέρος
1223 883 1389 939 ἥπτετο·
1424 885 1466 926 οἵ
1489 900 1533 927 τε
1557 882 1636 940 γὰρ
1658 881 1826 928 End-10

326 959 405 997 θαι
424 954 486 996 ἐπὶ
507 957 579 996 τοῦ
599 952 754 1007 λιμένος
772 951 876 996 ἔνθα
893 951 1162 1011 προσώρμουν
1184 951 1350 1002 ἑστῶτες
1366 949 1537 1008 ἡσυχίαν
1557 946 1677 1007 ἦγον,
1703 952 1773 995 καὶ

330 1020 353 1065 ὃ
378 1021 568 1077 βασιλεὺς
592 1020 665 1076 τὴν
692 1021 847 1064 ἐκείνων
870 1021 1103 1078 προσμένων
1124 1022 1274 1077 κίνησιν
1295 1020 1508 1078 ἐκαρτέρει.
1574 1019 1657 1062 ἐπεὶ
1681 1020 1726 1063 δὲ
1748 1017 1773 1063 ὅ

330 1090 469 1148 καιρὸς
489 1091 663 1147 ἐτρίβετο
681 1090 748 1131 καὶ
767 1087 793 1144 ἦ
814 1087 902 1147 ὥρα
919 1084 969 1145 ἦν
985 1089 1087 1148 πρὸς
1107 1090 1209 1145 ὀψέ,
1241 1089 1426 1146 πρέσβεις
1445 1086 1466 1131 ὅ
1486 1088 1676 1142 βασιλεὺς
1693 1085 1775 1130 πεί-.-

332 1163 396 1202 λιν
424 1158 611 1213 ἐκπέμπει
637 1158 727 1215 περὶ
754 1157 930 1215 εἲρήνης,
964 1160 1031 1201 καὶ
1057 1157 1177 1201 πάλιν
1198 1158 1350 1213 ἀτίμως
1369 1155 1591 1210 ἀποπέμπει
1609 1154 1776 1207 τούτους

333 1225 356 1270 ὃ
387 1225 623 1284 βάρβαρος,
653 1223 860 1281 μηνύσας,
895 1228 929 1269 εἲ
956 1225 1145 1281 βούλεται
1170 1231 1228 1285 τῷ
1254 1228 1418 1280 βασιλεῖ
1438 1223 1696 1268 καταθέσθαι
1712 1224 1776 1267 ,τὰ
1787 1226 1830 1266 15

333 1293 463 1347 ὅπλα,
496 1297 637 1338 δοῦναι
655 1296 770 1338 παντὶ
789 1299 846 1354 τῷ
865 1293 1043 1354 ἑπομένῳ
1062 1296 1171 1354 αὐτῷ
1190 1298 1350 1351 στρατῷ
1367 1292 1445 1336 ἀνὰ
1456 1293 1625 1349 χρυσίου
1642 1293 1780 1350 λίτρας

332 1369 453 1419 τρεῖς.
519 1360 726 1419 ἀμηχάνου
759 1363 803 1405 δὲ
834 1365 1025 1421 φανείσης
1054 1368 1127 1419 τῆς
1158 1363 1403 1419 ἀποκρίσεως
1429 1360 1527 1417 ἔγνω
1552 1362 1636 1404 δεῖν
1662 1359 1779 1418 ἔργου

337 1430 516 1486 ἴχεσθαι.
583 1429 639 1481 ὥς
662 1433 687 1474 δ
693 1430 706 1447 ²
730 1431 867 1474 ἐκεῖνοι
891 1431 1066 1489 ἀτρέμας
1088 1430 1190 1486 εἶχον
1198 1463 1212 1484 ,
1245 1427 1597 1486 μεταστειλάμενος
1619 1426 1640 1472 ὃ
1659 1433 1782 1484 βασι-

286 1505 318 1541 G
341 1499 433 1550 λεύς
462 1498 532 1541 τὸν
563 1497 783 1557 μάγιστρον
801 1501 1011 1543 Βασίλειον
1032 1499 1101 1543 τὸν
1125 1496 1435 1555 Θεοδωροκάνον
1454 1502 1561 1554 τρεῖς
1579 1497 1783 1554 εἶληφέναι

339 1565 576 1625 προστάττει
602 1566 775 1625 τριήρεις
802 1566 1010 1625 δρομάδας
1035 1570 1102 1610 καὶ
1130 1567 1319 1610 ἀπελθεῖν
1340 1567 1407 1609 καὶ
1428 1564 1836 1622 ἀποπειράσασθαι20

340 1640 420 1679 τῶν
447 1638 643 1687 Σκυθῶν,
673 1635 781 1692 εἴπερ
808 1637 1001 1692 δυνηθείη
1025 1633 1376 1693 ἀκροβολιζόμενος
1394 1633 1497 1690 πρὸς
1516 1632 1689 1688 πόλεμον
1706 1633 1785 1676 αὖ-

340 1702 436 1754 τοὺς
465 1701 779 1747 ἐπισπάσασθαι.
846 1702 868 1747 ὃ
897 1705 942 1747 δὲ
970 1705 1043 1755 τὰς
1070 1702 1242 1762 τριήρεις
1272 1701 1446 1760 εἰληφὼς
1473 1702 1540 1744 καὶ
1565 1701 1667 1759 πρὸς
1689 1701 1785 1752 τοὺς

343 1770 513 1822 Σκύθας
542 1769 751 1828 γενόμενος
781 1771 828 1815 οὗ
859 1772 923 1828 δι’,
953 1772 1251 1829 ἀκροβολισμοῦ
1280 1775 1352 1826 τῆς
1383 1769 1515 1812 αὐτῶν
1544 1770 1784 1827 ἀπεπειρᾶτο

343 1838 529 1896 γνώμης,
575 1839 667 1882 ἀλλ’
702 1842 757 1891 εἷς
784 1839 930 1894 μέσους
960 1839 1102 1884 ἑαυτὸν
1129 1839 1299 1896 ὠθήσας
1329 1837 1430 1882 ἔπτὰ
1455 1837 1529 1893 μὲν
1559 1836 1696 1897 σκάφη
1728 1841 1787 1898 τῷ

437 1948 458 1982 1
484 1944 727 1988 διασκεδάσας
750 1947 781 1982 C
918 1948 962 1984 13
982 1945 1076 1992 πρὸς
1101 1959 1155 1983 om
1177 1947 1208 1983 C

346 2037 535 2083 degentes,
568 2049 633 2072 nec
664 2050 734 2073 non
765 2038 825 2085 qui
857 2043 895 2074 ut
925 2039 1013 2074 socii
1035 2039 1198 2084 aderant,
1233 2049 1298 2085 per
1319 2037 1517 2085 provincias
1539 2035 1577 2072 in
1600 2036 1791 2072 custodiam

347 2083 495 2128 dividit,
530 2095 574 2118 ne
606 2095 696 2129 quae
728 2085 772 2120 ab
802 2085 889 2131 ipsis
911 2086 1002 2120 domi
1026 2093 1141 2121 essent
1164 2086 1363 2120 metuendae
1385 2083 1545 2119 insidiae.
1591 2088 1664 2118 tum
1686 2083 1791 2118 ador-

348 2129 460 2174 natis,
497 2133 658 2175 quantum
682 2129 755 2165 eius
778 2142 946 2176 praeceps
969 2132 1107 2166 occasio
1127 2131 1180 2166 rei
1202 2132 1354 2175 ferebat,
1386 2128 1618 2175 imperatoriis
1640 2128 1792 2164 triremi-

348 2175 415 2209 bus
447 2175 592 2220 aliisque
623 2175 758 2210 levibus
793 2176 963 2221 navigiis,
1000 2182 1037 2212 et
1067 2177 1237 2222 impositis
1265 2176 1302 2211 iu
1335 2187 1394 2210 eas
1425 2175 1491 2220 qui·
1510 2187 1530 2210 e
1551 2174 1718 2210 militibus
1747 2185 1793 2209 ea

348 2226 555 2266 tempestate
593 2221 757 2265 Byzantii
795 2223 974 2267 agentibus
1006 2223 1077 2268 legi
1106 2227 1268 2268 poterant
1299 2220 1509 2265 classiariis,
1545 2220 1622 2266 ipse
1655 2231 1793 2266 quoque

289 2288 291 2290 -
350 2277 539 2301 conscensa
571 2266 687 2301 celoce
719 2279 782 2302 sua
811 2269 965 2303 barbaris
995 2269 1146 2304 occurrit
1178 2268 1214 2302 in
1243 2268 1401 2303 faucibus
1434 2266 1537 2301 maris
1569 2266 1613 2300 ad
1642 2266 1793 2301 Pharum

350 2312 536 2346 stationem
564 2312 789 2356 habentibus,
823 2315 919 2349 iuxta
948 2327 1010 2360 per
1040 2315 1270 2350 continentem
1301 2312 1486 2348 comitante
1515 2313 1671 2356 equitatu
1701 2311 1794 2346 haud

353 2357 492 2401 exiguo.
538 2358 708 2393 instructa
739 2360 900 2404 utrinque
931 2362 973 2395 ad
1003 2372 1150 2406 pugnam
1172 2361 1281 2394 classe
1303 2363 1424 2394 neutra
1447 2369 1527 2404 pars
1551 2357 1716 2404 praelium
1737 2357 1794 2391 in-

354 2404 529 2448 cipiebat,
562 2403 703 2448 Scythis
726 2405 818 2440 intra
841 2412 1040 2452 occupatum
1064 2411 1197 2452 portum
1220 2417 1259 2440 se
1280 2404 1554 2447 continentibus,
1578 2408 1615 2438 et
1630 2402 1796 2438 Romanis

352 2461 470 2483 eorum
504 2455 630 2483 motum
660 2451 953 2496 exspectantibus.
1001 2464 1076 2487 cum
1108 2457 1242 2497 tempus
1274 2455 1445 2485 tereretur
1475 2455 1512 2484 et
1540 2449 1586 2484 ad
1615 2459 1796 2494 vesperam

354 2495 431 2528 dies
456 2494 660 2539 inclinaret,
694 2508 827 2531 rursum
859 2497 992 2542 legatos
1014 2498 1059 2533 de
1081 2510 1166 2544 pace
1189 2497 1297 2532 mittit
1316 2497 1522 2542 imperator,
1556 2506 1684 2540 eosque
1714 2505 1796 2529 rur-

356 2551 430 2573 sum
450 2541 694 2575 contumeliose
714 2543 882 2577 barbarus
903 2543 1036 2588 reiicit,
1060 2555 1128 2578 non
1147 2542 1247 2578 aliter
1267 2554 1305 2577 se
1325 2553 1419 2576 arma
1436 2539 1670 2586 depositurum
1687 2539 1798 2584 signi-

357 2585 466 2619 ficans
491 2597 591 2631 quam
616 2589 766 2633 acceptis
789 2589 826 2623 in
849 2588 982 2634 singula
1015 2601 1152 2624 suorum
1178 2588 1427 2623 classiariorum
1451 2586 1565 2631 capite
1586 2586 1698 2621 tribus
1720 2584 1798 2620 auri

357 2630 470 2664 libris.
515 2632 606 2676 quod
630 2644 831 2678 responsum
853 2646 928 2669 cum
950 2635 1087 2670 videret
1107 2646 1234 2670 summe
1257 2634 1450 2675 absurdum,
1474 2632 1661 2677 imperator
1682 2642 1799 2678 pugne.

358 2677 608 2712 decernendum
628 2679 760 2714 statuit.
806 2680 1031 2726 barbarisque
1053 2681 1233 2717 etiamnum
1255 2678 1531 2724 quiescentibus,
1555 2682 1679 2712 vocato
1698 2677 1742 2711 ad
1759 2686 1800 2710 se

359 2722 522 2766 magistro
544 2723 674 2763 Basilio
699 2725 972 2761 Theodorocano
996 2728 1132 2762 mandat
1153 2731 1192 2761 ut
1213 2737 1288 2760 cum
1309 2725 1421 2759 tribus
1443 2723 1619 2758 velocibus
1648 2721 1801 2758 triremi-

359 2768 426 2801 bus
459 2767 528 2801 levi
562 2781 677 2813 pugna
708 2771 857 2814 Scythas
885 2777 1001 2808 ,tentet
1032 2778 1136 2818 atque
1166 2772 1209 2805 ad
1238 2770 1404 2816 praelium
1426 2774 1605 2815 provocet.
1651 2767 1800 2804 Basilius

360 2813 514 2859 acceptis
537 2814 734 2851 triremibus
756 2828 825 2852 non
846 2817 917 2852 levi
939 2819 1070 2864 praelio
1094 2829 1211 2853 eorum
1233 2817 1363 2852 animos
1385 2814 1563 2863 explorat,
1585 2814 1647 2850 sed
1669 2813 1706 2849 iu
1728 2824 1801 2848 me-
