1916 3210
311 164 407 212 646
703 165 924 209 IOANNIS
949 165 1339 211 GUROPALATAE

309 297 372 327 νες
402 282 458 336 τῷ
490 280 652 330 βασιλεῖ’
676 275 958 328 ὗποκλιθέντες
986 276 1162 335 εῗρηνικά
1193 295 1235 322 τε
1265 279 1332 322 καὶ
1365 281 1479 337 φίλια
1508 280 1748 340 ἐφρόνησαν,

307 346 429 400 μόνος
451 345 493 386 δὲ
510 343 531 386 ὁ
549 345 671 386 Σελτὲ
685 351 803 401 χεῖρα
826 346 963 387 δοῦναι
982 351 1039 403 τῷ
1053 350 1216 399 βασιλεῖ
1231 346 1303 389 οὐκ
1323 346 1517 404 ἠθέλησε,
1546 356 1630 401 τοῖς
1645 352 1748 395 ἕλεσι

310 419 380 455 τοῦ
391 413 561 468 Ἴστρου,
582 409 642 462 οἷς
662 412 868 469 συνέφυγε,
890 414 956 455 καὶ
979 417 1028 469 τῇ
1053 415 1175 457 ἓκεΐσε
1196 413 1437 474 ἀποκρήμνῳ
1454 416 1579 476 πέτρᾳ
1597 418 1749 477 ἐπερει-

260 491 288 524 Β
313 480 497 533 δόμενος·
533 476 593 529 οἷς
623 481 689 521 καὶ
715 479 931 536 θαρρήσας
957 482 1012 530 εἲς
1039 481 1085 524 τὸ
1114 483 1246 524 πεδίον
1274 484 1440 538 ἐξῆλθε,
1474 483 1670 541 συρράξαι
1691 491 1750 545 τῷ

311 551 474 601 βασιλεῖ
489 545 835 603 προθυμούμενος.
904 548 976 590 οὐκ
997 549 1051 599 εἷς
1069 549 1229 606 μακρὰν
1248 551 1291 592 δὲ
1309 555 1381 605 τῆς
1401 553 1546 602 οῗκείας
1563 552 1785 605 ἇπονοίαςᾰ

313 616 522 669 ἐκομίσατο
541 614 594 657 τὰ
612 615 807 672 ἐπίχειρα·
841 617 1033 672 βραχείας
1051 617 1130 674 γὰρ
1156 619 1319 674 μερίδος
1336 623 1415 662 τῶν
1436 623 1656 673 βασιλικῶν
1678 621 1752 664 ἄν·
1808 664 1811 667 ,

312 683 568 737 τιταχθείσης
590 683 700 740 αὐτῷ
723 683 855 740 φυγὰς
877 683 1022 741 ᾤχετο,
1055 687 1121 727 καὶ
1150 685 1423 743 κρησφύγετον
1449 687 1574 730 αὗτοῧ
1592 689 1753 746 ληφθέν

311 748 562 806 κατεριζῶθη
585 751 628 792 ἐκ
654 748 827 808 βάθρων
853 751 997 794 αὐτῶν.
1065 750 1087 794 ὅ
1119 753 1162 795 δὲ
1189 754 1379 806 βασιλεὺς
1406 755 1509 809 μετὰ
1537 754 1583 798 τὸ
1609 760 1751 800 τοῦτον

310 817 604 873 τροπώσασθαι
640 819 707 861 καὶ
743 818 936 875 ἀφανίσαι
970 818 1098 876 ἄρδην
1133 819 1348 873 ἀναζεύξας
1376 820 1595 877 ἐσκήνωσεν
1626 825 1668 867 ἓν
1693 829 1754 884 τῷ

309 888 506 943 Λοβιτζῷ
533 887 622 943 περὶ
654 886 748 937 τοὺς
780 887 927 938 αὐτοὺς
952 886 1172 943 πρόποδας.
1240 889 1430 946 ῥαγδαῖος
1454 891 1498 933 δὲ
1527 889 1681 948 ὄμβρος
1700 897 1809 950 τῇιο

310 957 548 1011 παρεμβολῇ
577 955 902 1012 ἔπικαταρραγεὶς
926 957 992 997 καὶ
1011 957 1168 1012 νιφετὸς
1187 955 1333 1013 ἔξωρος
1353 958 1652 1016 (Σεπτέμβριος
1673 960 1752 1017 γὰρ

310 1017 361 1076 ἦν
378 1021 532 1079 ἡμέραν
549 1021 656 1077 ἄγων
676 1021 753 1074 κδ’,
786 1023 888 1065 καθ’
910 1021 960 1078 ἢν
976 1021 1003 1077 ἦ
1020 1027 1091 1078 τῆς
1111 1022 1226 1080 ἁγίας
1243 1025 1582 1083 πρωτομάρτυρος
1597 1027 1753 1079 Θέκλας

312 1089 431 1147 ἑορτὴ
453 1094 618 1132 τελεῖται
636 1091 920 1147 Χριστιανοῖς)
942 1095 1092 1147 πολλῆς
1109 1090 1319 1142 κακώσεως
1337 1095 1403 1135 καὶ
1421 1092 1549 1149 λύμης
1567 1095 1753 1151 ἐνέπλησε

264 1171 295 1205 c
317 1158 362 1200 τὸ
385 1156 688 1214 στρατιωτικόν·
719 1157 746 1213 ἥ
762 1176 803 1201 τε
818 1160 895 1215 γὰρ
907 1159 1030 1209 ’ἵππος
1047 1160 1190 1213 σχεδὸν
1206 1159 1345 1203 ἅπασα
1362 1163 1429 1205 καὶ
1447 1166 1527 1204 τῶν
1545 1160 1754 1220 παρόντων

312 1228 349 1269 οἱ
367 1227 525 1276 πλείους
544 1231 600 1284 τῷ
618 1225 728 1282 κρύει
748 1228 814 1268 καὶ
835 1231 891 1284 τῷ
913 1226 1074 1285 ὄμβρῳ,
1119 1230 1260 1283 γυμνοὶ
1280 1230 1346 1271 καὶ
1364 1228 1636 1287 ἀπαράσκευοι
1657 1245 1752 1287 ‘cvr-¹-
1765 1237 1807 1274 15

305 1293 519 1349 χάνοντες,
547 1294 592 1337 τὸ
616 1296 685 1348 ζῆν
708 1294 947 1351 ἀπέρρηξαν.
1014 1296 1282 1338 ἓπιλελοίπασι
1311 1297 1366 1339 δὲ·
1383 1297 1496 1354 παρὰ
1524 1302 1658 1341 πᾶσαν
1681 1299 1755 1354 τὴν

311 1364 454 1404 ἐλπίδα
472 1363 539 1404 καὶ
561 1362 611 1404 τὰ
631 1360 834 1417 ἐπιτήδεια
843 1394 856 1415 ,
890 1364 1096 1417 ποταμίων
1118 1361 1326 1420 ῥευμάτων
1344 1369 1476 1422 φορᾶς
1492 1367 1559 1408 καὶ
1580 1370 1653 1409 τοῦ
1670 1383 1756 1422 χει-

310 1435 445 1484 μῶνος
462 1428 652 1485 γενόμενα
669 1428 881 1488 πάρεργον.
950 1431 1173 1486 ἄναστολῆς
1199 1432 1242 1474 δὲ
1270 1434 1434 1488 μετρίας
1456 1434 1670 1490 ’γενομένης
1688 1436 1757 1478 καὶ

311 1502 392 1541 τῶν
419 1502 588 1555 νιφετῶν
618 1498 827 1553 ἀνακωχὴν
853 1497 1058 1552 λαβόντων
1083 1498 1186 1555 ἐξῄει
1208 1498 1456 1552 ὃβασιλεῦς,
1485 1503 1690 1553 πλείστους
1710 1503 1756 1546 δὲ

312 1571 371 1622 τῷ
398 1570 565 1623 ποταμῷ
597 1565 814 1620 ἀποβαλὼν
840 1564 917 1608 ὑπὸ
951 1567 1068 1609 σκιὰν
1100 1566 1192 1621 ’ἔστη
1224 1567 1388 1623 δένδρου
1415 1568 1521 1619 τινὸς
1556 1568 1643 1624 ἅμα
1672 1569 1811 1614 τῶνΞῙ)

313 1632 584 1690 ὑπερεχόντων
602 1635 694 1676 τισί.
759 1634 849 1687 μετ’
875 1633 1006 1690 ὀλίγον
1037 1635 1081 1676 δὲ
1109 1634 1210 1688 ἠχῆς
1237 1635 1445 1690 γενομένης
1472 1637 1515 1678 ἐκ
1541 1641 1614 1692 τῆς
1635 1638 1758 1695 δρυὸς

314 1699 471 1757 πρόεισι
491 1701 634 1757 μικρὸν
654 1699 675 1742 ὃ
695 1699 903 1754 βασιλεύς,
946 1699 1040 1744 ὅσον
1061 1701 1117 1756 μὴ
1138 1706 1193 1760 τῷ
1214 1700 1329 1757 μήκει
1348 1703 1473 1758 αὐτῆς
1491 1704 1757 1760 καταλαμβά-

262 1781 293 1814 D
317 1773 461 1812 νεσθαι
470 1800 484 1820 ,
514 1767 615 1826 ἥπερ
635 1767 794 1826 ῥιζόθεν
814 1768 1119 1814 ἀνασπασθεΐσα
1137 1770 1258 1813 ὗπτία
1276 1775 1326 1828 τῇ
1342 1775 1394 1829 γῇ
1411 1769 1645 1831 προσήρισε.
1687 1774 1756 1830 γέ-

1352 1848 1353 1851 ’
1687 1848 1694 1867 l

405 1865 427 1899 8
448 1861 690 1910 κατηριπώθη
701 1865 721 1900 7
856 1867 901 1902 23
923 1863 1125 1911 προσήριπε
1135 1865 1155 1900 2

315 1944 421 1977 duces
437 1943 639 1988 imperatori
656 1956 695 1978 se
711 1943 953 1980 submittentes
975 1955 1093 1990 pacem
1115 1947 1151 1978 et
1172 1943 1353 1980 amicitiam
1373 1943 1521 1991 amplexi
1542 1947 1640 1981 sunt:
1662 1946 1756 1982 solus

314 1988 412 2022 Selte
436 2000 569 2024 manum
591 1991 675 2024 dare
696 1989 896 2035 imperatori
918 1989 1040 2034 noluit,
1062 1989 1146 2024 Istri
1167 1990 1361 2035 paludibus,
1384 2001 1452 2034 quo
1473 1992 1688 2036 confugerat,
1719 1997 1757 2028 et

313 2040 505 2080 praerupta
526 2046 615 2080 quae
639 2035 710 2069 illic
730 2040 806 2070 erat
829 2040 929 2082 petra
948 2035 1063 2072 nixus.
1116 2036 1239 2081 quibus
1262 2037 1363 2071 etiam
1384 2036 1495 2070 fretus
1516 2036 1553 2072 in
1577 2037 1756 2082 planitiem

316 2079 451 2124 erupit,
488 2086 645 2127 prompto
667 2080 780 2115 animo
803 2081 943 2126 cupiens
967 2092 1041 2115 cum
1062 2080 1271 2126 imperatore
1293 2092 1426 2116 manum
1446 2081 1646 2117 conserere.
1692 2083 1760 2118 sed

262 2125 264 2128 ’
312 2125 412 2159 brevi
434 2131 589 2171 tempore
611 2137 694 2160 suae
716 2127 910 2161 dementiae
931 2126 1084 2172 praemia
1106 2127 1207 2171 tulit,
1239 2127 1407 2172 siquidem
1438 2138 1513 2162 cum
1543 2127 1667 2173 exigua
1687 2123 1756 2163 im-

311 2171 485 2216 peratoris
511 2172 652 2206 militum
675 2183 792 2206 manus
818 2172 888 2217 ipsi
912 2171 1119 2216 restitisset,
1142 2172 1244 2218 fugit,
1269 2179 1305 2207 et
1328 2172 1401 2207 eius
1424 2172 1594 2218 refugium
1618 2179 1756 2219 captum·

314 2216 358 2249 ab
380 2216 468 2261 ipsis
490 2215 719 2252 fundamentis
744 2222 797 2252 est
817 2218 979 2252 dirutum.
1025 2217 1213 2263 imperator
1244 2223 1356 2252 autem
1388 2222 1468 2262 post
1495 2218 1607 2264 ipsum
1630 2219 1762 2264 ‘profli-'

314 2265 429 2305 gatum
451 2267 555 2307 atque
578 2262 725 2297 deletum
751 2263 906 2298 funditus
931 2263 1014 2297 inde
1041 2263 1219 2308 profectus
1251 2264 1296 2297 ad
1325 2263 1507 2298 Lobitzum
1535 2264 1765 2300 tabernacula·

314 2307 444 2351 posuit,
467 2309 511 2342 ad
533 2309 657 2343 montis
679 2308 829 2343 radices.
875 2308 1060 2343 vehemens
1091 2314 1203 2342 autem
1235 2309 1346 2343 imber
1366 2309 1403 2342 in
1426 2313 1540 2344 castra
1562 2309 1697 2345 delatus
1720 2315 1758 2345 et

315 2352 374 2385 nix
399 2352 646 2399 intempestiva
668 2355 760 2396 (erat
785 2354 875 2388 enim
895 2353 1109 2400 Septembris
1132 2354 1207 2388 dies
1230 2354 1399 2398 vigesima
1420 2358 1555 2399 quarta,
1582 2366 1651 2400 qua
1671 2366 1757 2400 pro-

314 2399 516 2443 tomartyris
540 2399 694 2434 Theclae
722 2400 918 2434 memoriam
947 2399 1121 2434 celebrant
1142 2399 1356 2443 Christiani)
1385 2399 1523 2434 multum
1545 2399 1755 2445 detrimenti,

315 2448 352 2477 et
374 2443 577 2478 calamitatis
601 2445 765 2480 militibus
790 2445 917 2479 attulit.
963 2456 1040 2479 nam
1064 2444 1172 2479 omnis
1194 2446 1270 2479 fere
1292 2444 1477 2490 equitatus,
1504 2450 1539 2480 et
1557 2446 1757 2489 eorum‘qui

316 2490 461 2523 aderant
485 2490 633 2535 plurimi,
657 2491 789 2535 frigore
813 2496 850 2525 et
873 2491 994 2535 imbre,
1019 2501 1093 2524 cum
1116 2490 1198 2524 nudi
1221 2498 1337 2525 essent
1359 2494 1396 2524 et
1415 2490 1587 2535 imparati,
1608 2490 1756 2525 interie-

317 2540 416 2578 runt,
441 2547 482 2569 ac
505 2542 644 2580 praeter
665 2548 797 2570 omnem
820 2547 915 2581 spem
939 2536 983 2570 ad
1005 2535 1133 2570 victum
1155 2535 1351 2570 necessaria
1369 2535 1589 2581 defecerunt,
1621 2535 1759 2571 relictis

315 2586 446 2614 tantum
469 2592 558 2624 quae
581 2581 754 2616 fluminum
773 2582 903 2635 impetu
923 2582 1164 2627 superfuerant
1187 2586 1223 2616 et
1245 2581 1359 2616 imbri.
1392 2592 1467 2615 cum
1489 2586 1603 2616 autem
1623 2581 1757 2616 medio-

317 2625 425 2659 criter
448 2627 566 2671 pluvia
587 2627 777 2662 remisisset
798 2637 966 2671 nivesque
989 2631 1194 2670 cessassent,
1219 2637 1378 2670 egressus
1400 2626 1598 2672 imperator,
1621 2630 1658 2660 et
1678 2627 1757 2672 plu-

318 2670 414 2704 rimis
435 2671 472 2705 in
494 2672 635 2706 flumine
657 2673 803 2716 amissis,
827 2673 890 2706 sub
915 2673 1066 2706 umbram
1089 2672 1262 2706 cuiusdam
1285 2671 1420 2706 arboris
1443 2683 1518 2706 cum
1540 2671 1659 2717 paucis
1677 2671 1758 2716 qui-

317 2717 459 2750 busdam
483 2717 690 2762 primoribus
713 2730 752 2752 se
775 2718 927 2763 recepit3
963 2729 1004 2752 ac
1033 2717 1134 2762 paulo
1165 2722 1245 2763 post
1275 2717 1368 2751 edito
1390 2728 1410 2751 a
1433 2727 1562 2762 quercu
1583 2728 1669 2751 sono
1691 2727 1757 2761 pa-

319 2773 390 2795 rum
415 2763 635 2807 progreditur
655 2763 864 2808 imperator,
894 2763 970 2797 fere
999 2768 1162 2808 quantum
1185 2762 1320 2797 arboris
1342 2761 1452 2807 ipsius
1475 2762 1650 2808 longitudo
1672 2771 1756 2796 con-

318 2806 491 2852 tingeret,
525 2819 615 2853 quae
636 2809 803 2845 radicitus
826 2807 944 2844 evulsa
963 2808 1087 2854 supina
1107 2808 1146 2844 in
1168 2812 1295 2844 terram
1316 2807 1458 2844 decidit.
1503 2806 1671 2843 obmutuit
1690 2806 1755 2841 im-
