1890 3236
296 195 327 241 2
335 194 395 241 16
769 193 1007 241 GEORGII
1039 194 1283 243 CEDRENI
1293 206 1314 226 ⁸·

294 307 398 352 κατὰ
423 311 503 350 τῶν
524 303 741 363 ὁμοφύλων
764 303 992 362 ἐθελοντήν.
1058 305 1213 352 ἐκεῖθεν
1242 307 1312 352 τὸν
1337 307 1524 367 Ἀργαῖον
1555 309 1742 367 damn,

292 379 394 435 πρὸς
418 373 666 431 Καισάρειαν
699 374 908 431 γενόμενος
937 375 981 419 ἔκ
1007 392 1050 419 τε
1079 377 1310 428 Κολωνείας
1336 380 1402 420 καὶ
1421 381 1743 436 Μεσοποταμίας

290 444 499 493 ἐπινικίους
537 443 721 498 ἀγγελίας
756 444 939 496 ἐδέξατο,
996 445 1272 499 κομισθέντων
1303 445 1412 504 αὐτῷ
1446 446 1740 504 λαφύρωννκαὶ

237 521 268 558 Β
292 509 556 566 αἰχμαλώτων
585 514 743 554 πολλῶν
770 513 969 569 Κουρτῶν
998 530 1041 556 τε
1067 515 1136 556 καὶ
1163 517 1424 570 Σαρακηνῶν,
1468 515 1540 566 οὓς
1559 515 1741 568 ἅπαντας

285 584 343 637 τῷ
370 581 475 637 ξίφει
505 578 830 625 ἀπεσκευάσατο·>
875 575 926 636 ἦν
950 581 1027 638 γὰρ
1053 583 1514 639 προκαταπεπλησμένον
1539 583 1586 628 τὸ
1610 583 1770 642 πρά-5

284 664 413 701 τευμα
442 646 637 706 λαφύρων
666 647 744 691 ἀπό
773 667 816 692 τε
838 651 989 709 Συρίας
1012 652 1081 692 καὶ
1110 655 1336 708 Τεφρικῆς,
1370 654 1436 694 καὶ
1457 653 1530 695 οὐκ
1552 652 1738 706 ἐβούλετο
1774 672 1777 675 ’
1829 676 1838 683 ·

283 718 350 758 καὶ
381 715 547 768 τούτους
577 716 677 772 ἔχειν
707 715 959 775 δύσχρηστον
985 718 1351 775 παρακολούθημα.
1417 722 1670 780 ἔνΜηδαίῳ
1688 723 1739 764 «δὲ

279 783 509 840 γενόμενος,
544 787 611 828 καὶ
641 786 762 840 τιμὰς
792 787 998 840 διανείμας
1020 794 1104 838 τοῖς
1123 788 1326 844 ἀριστεῦσι
1337 819 1352 840 ,
1391 790 1459 831 καὶ
1480 788 1584 847 πρὸς
1599 806 1738 847 παρα-

275 855 492 908 χειμασίαν
506 854 730 908 ἒκπέμψας,
751 854 874 905 αὐτὸς
890 854 1056 907 εὔζωνος
1073 856 1175 913 πρὸς
1191 856 1263 912 τὴν
1279 855 1576 911 βασιλεύουσαν
1597 857 1737 916 ἔφθα-

279 937 346 973 σε,
381 923 448 964 καὶ
478 922 582 964 κατὰ
610 923 654 965 τὸ
688 923 836 974 εἰωθὸς
865 922 935 966 διὰ
963 928 1035 966 τοῦ
1062 923 1312 982 πατριάρχου
1332 925 1402 968 τὸν
1422 930 1496 980 τῆς
1515 927 1627 982 νίκης
1640 927 1793 970 {cM-1⁰

280 991 376 1041 ξατο
399 990 596 1047 στέφανον
618 992 684 1033 καὶ
705 990 815 1048 παρὰ
834 995 908 1034 τοῦ
923 991 1108 1047 πλήθους
1125 994 1197 1044 τὰς
1215 995 1427 1044 ἐπινικίους
1445 993 1567 1052 ᾠδάς.

406 1058 516 1114 ’Ήδη
552 1060 595 1102 δὲ
626 1064 698 1115 τῆς
725 1063 932 1118 Τεφρικῆς
963 1060 1323 1119 ἀπομαρανθείσης
1351 1060 1378 1116 ἦ
1407 1066 1486 1106 τῶν
1521 1067 1735 1119 Ταρσιτῶν

278 1125 393 1182 ι’σχῦς
420 1125 587 1170 θάλλειν
613 1130 681 1170 καὶ
711 1127 959 1179 αὐξάνεσθαι
991 1128 1152 1185 ἤρχετο,
1186 1131 1254 1172 καὶ
1276 1129 1396 1173 πάλιν
1418 1130 1498 1174 ἀπὸ
1517 1130 1672 1174 τούτων.
1690 1131 1735 1174 αἶ

224 1204 256 1241 C
278 1199 358 1238 τῶν
382 1194 615 1249 Ῥωμαϊκῶν
646 1195 767 1254 ὁρίων
796 1198 974 1252 ἐσχατιαὶ
999 1200 1134 1249 δεινῶς
1156 1198 1366 1251 ἐπιέζοντο.
1435 1200 1538 1242 καθ’
1565 1193 1622 1242 ὧν
1642 1201 1734 1243 ,Ἂν-ε

276 1264 397 1320 δρέας
423 1263 610 1315 ἓκεῖνοςό
640 1264 920 1322 στρατηλάτης
950 1263 971 1308 ὅ
1001 1266 1044 1308 ἐκ
1070 1269 1247 1309 Σκυθῶν
1277 1265 1469 1317 πολλάκις
1501 1267 1732 1324 ἠνδρίσατο,
1745 1273 1788 1309 15

273 1334 341 1374 καὶ
365 1333 540 1384 πολλοὺς
569 1337 649 1376 τῶν
677 1336 733 1384 εἷς
761 1334 968 1391 προνομὴν
987 1333 1251 1392 ἐκτρεχόντων
1273 1334 1410 1392 ἀνῄρει
1433 1337 1501 1378 καὶ
1525 1334 1735 1391 αῗχμαλώ-

273 1417 370 1450 τους
389 1399 634 1456 ἐλάμβανεν·
662 1400 707 1444 ὃν
726 1400 746 1444 ὃ
764 1402 954 1456 βασιλεὺς
971 1402 1250 1458 πατρικιότητί
1262 1421 1304 1446 τε
1322 1406 1480 1459 ἐτίμησε
1500 1406 1566 1447 καὶ
1584 1406 1641 1456 εἷς
1657 1405 1734 1460 τὴν

275 1469 405 1524 ἀρχὴν
425 1474 505 1512 τῶν
523 1474 679 1525 σχολῶν
699 1469 948 1528 προβιβάζει.
1015 1470 1105 1514 τότε
1137 1472 1188 1526 δὴ
1215 1476 1371 1526 μᾶλλον
1397 1471 1418 1515 ὃ
1442 1473 1630 1528 Ἀνδρέας
1650 1473 1731 1516 ἀπὸ

270 1538 450 1591 μείζονος
469 1539 651 1589 ἔξουσίας
666 1556 707 1581 τε
726 1541 792 1582 καὶ
813 1537 1020 1594 δυνάμεως
1041 1540 1234 1596 ἐμφανέσι
1252 1539 1404 1595 μάχαις
1422 1539 1615 1592 πολλάκις
1630 1539 1732 1597 πρός

271 1622 315 1649 τε
333 1606 427 1656 τοὺς
444 1606 523 1648 ἀπὸ
537 1610 772 1663 Μελιτηνῆς
790 1609 856 1650 καὶ
875 1608 970 1658 τοὺς
988 1608 1066 1650 ἀπὸ
1084 1612 1251 1666 Ταρσοῦ
1268 1607 1519 1665 παρετάξατο
1539 1611 1606 1651 καὶ
1626 1611 1787 1654 vavi-zo
1823 1660 1825 1665 ,

270 1691 380 1729 κηκε.
447 1676 519 1718 καί
535 1675 629 1718 ποτε
648 1676 751 1730 μετὰ
775 1674 1040 1734 φρυάγματος
1058 1676 1279 1734 γράμματα
1299 1678 1536 1732 πέμψαντος
1557 1681 1616 1736 τῷ
1638 1678 1731 1721 Ἀν-

271 1742 372 1802 δρέᾳ
401 1748 473 1786 τοῦ
505 1743 775 1802 ἀμηρεύοντος
802 1749 875 1800 τῆς
899 1749 1073 1802 Ταρσοῦ
1080 1776 1093 1797 ,
1126 1747 1393 1803 βλασφημίας
1417 1744 1620 1798 ἀνάπλεα,
1654 1747 1730 1801 δη-

269 1814 419 1854 λοῦντα
451 1809 507 1862 ὥς
536 1812 610 1855 ἴδω
634 1813 676 1856 εἶ’
694 1830 739 1857 σε
764 1811 784 1855 ὅ
806 1818 878 1869 τῆς
895 1815 1068 1871 Μαρίας
1095 1812 1294 1872 ὠφελήσει
1323 1813 1412 1864 υἱὸς
1436 1815 1504 1857 καὶ
1532 1811 1559 1867 ἦ
1587 1818 1731 1858 τοῦτον

360 1907 383 1943 7
403 1907 568 1951 μηδαείω
593 1907 623 1943 C
759 1909 804 1944 16
826 1904 1085 1954 ᾖχμαλαίτευεν
1110 1908 1141 1943 C
1268 1909 1314 1946 22
1337 1907 1400 1943 καὶ
1423 1908 1480 1955 βλ.
1501 1905 1674 1945 ἀνάπλεω
1697 1910 1728 1946 C

269 1989 392 2021 contra
424 1986 499 2022 eius
528 1986 675 2032 gentiles
711 1987 842 2023 socium
874 1987 1010 2023 habuit.
1056 1987 1139 2022 inde
1172 1998 1238 2033 per
1269 1987 1444 2032 Argaeum
1473 1988 1654 2033 profectus
1684 1989 1730 2024 ad

270 2032 480 2068 Caesaream
503 2033 622 2078 venit,
658 2033 778 2079 ibique
803 2039 839 2068 et
861 2045 905 2068 ex
929 2033 1074 2068 Colonia
1104 2038 1141 2068 et
1172 2045 1216 2067 ex
1236 2033 1489 2079 Mesopotamia
1513 2035 1652 2068 nuntios
1674 2034 1730 2069 rei

268 2077 419 2112 feliciter
438 2083 559 2123 gestae
578 2079 725 2124 accepit,
748 2079 862 2114 allatis
884 2079 986 2114 simul
1006 2078 1128 2125 spoliis
1153 2090 1194 2113 ac
1217 2079 1332 2113 multis
1355 2079 1504 2125 captivis
1528 2079 1648 2114 Curtis
1673 2085 1728 2115 at-

268 2134 338 2168 que
364 2125 593 2169 Sarracenis,
629 2137 716 2170 quos
748 2137 866 2160 omnes
894 2125 1009 2170 gladio
1043 2124 1155 2160 occidi
1186 2125 1308 2159 iussit:
1343 2137 1422 2160 nam
1454 2125 1627 2160 exercitus
1658 2125 1728 2160 iam

267 2175 349 2204 ante
372 2170 493 2215 spoliis
517 2176 660 2205 onustus
685 2176 760 2206 erat
783 2171 942 2216 Syriacis
973 2177 1079 2215 atque
1103 2170 1353 2215 Tephricanis,
1389 2175 1426 2205 et
1456 2170 1596 2206 nolebat
1615 2171 1728 2217 impe-

267 2221 366 2249 rator
388 2216 602 2262 captivorum
625 2217 780 2251 inutilem
804 2229 918 2252 secum
941 2217 1080 2251 trahere
1100 2221 1288 2251 catervam.
1315 2222 1354 2251 ut
1376 2217 1419 2250 ad
1438 2216 1622 2251 Medaeum
1645 2228 1729 2262 per-

266 2261 383 2305 venit,
418 2262 572 2307 praemia
595 2262 640 2297 iis
662 2274 806 2307 quorum
828 2263 942 2297 virtus
965 2262 1002 2296 in
1024 2262 1114 2297 bello
1138 2262 1255 2297 fuerat
1277 2262 1404 2296 eximia
1427 2261 1570 2305 divisit;
1603 2262 1727 2297 militi-

265 2306 401 2351 busque
426 2308 610 2343 hiematum
634 2308 808 2354 dimissis,
842 2308 919 2354 ipse
955 2309 1122 2353 expedito
1154 2319 1230 2342 cum
1263 2309 1427 2343 comitatu
1451 2308 1577 2354 Cpolin
1607 2308 1728 2352 rediit,

264 2351 384 2396 ibique
407 2354 452 2388 de
476 2366 571 2388 more
595 2354 766 2389 victoriae
789 2365 952 2390 coronam
984 2365 1006 2389 a
1027 2353 1228 2400 patriarcha
1249 2354 1407 2400 accepit,
1442 2360 1479 2390 et
1509 2354 1658 2400 populus
1682 2353 1727 2400 ⁸ei

265 2397 450 2433 cantilenis
474 2400 671 2443 gratulatus
695 2406 762 2435 est.

355 2445 533 2489 Tephrica
549 2445 616 2480 hoc
634 2448 733 2481 modo
757 2445 898 2489 abolita,
923 2445 1151 2481 Tarsensium
1175 2445 1271 2480 vires
1293 2445 1422 2480 florere
1445 2456 1487 2480 ac
1508 2443 1726 2480 invalescere

264 2496 467 2534 coeperunt,
493 2502 699 2536 rursumque
722 2493 765 2527 ab
791 2492 845 2526 his
868 2493 1100 2527 Rornanorum
1122 2493 1210 2526 fines
1236 2491 1394 2536 graviter
1414 2489 1590 2525 infestari.
1638 2502 1724 2525 con-

264 2538 319 2568 tra
343 2535 405 2569 hos
425 2537 580 2571 Andreas
603 2538 739 2582 Scytha.
762 2549 1010 2582 saepenumero
1033 2549 1105 2572 rem
1127 2537 1267 2572 fortiter
1288 2537 1422 2581 gessit,
1445 2536 1638 2580 multosque
1661 2548 1723 2570 eo-

264 2591 339 2614 rum
372 2581 432 2626 qui
466 2583 668 2626 praedatum
692 2586 924 2618 excurrebant
945 2583 1124 2619 interfecit
1144 2589 1203 2618 aut
1224 2583 1338 2628 cepit3
1370 2582 1490 2626 itaque
1513 2592 1589 2616 eum
1613 2581 1723 2627 impe-

263 2630 360 2660 rator
383 2627 532 2672 patricia
555 2629 726 2672 dignitate
751 2630 1011 2664 cohonestatum
1043 2629 1170 2664 scholis
1205 2627 1388 2674 praefecit.
1435 2631 1542 2671 atque
1565 2627 1724 2666 Andreas

265 2677 387 2706 nactus
411 2673 574 2706 maiorem
599 2676 665 2708 iam
696 2680 922 2720 potestatem,
955 2675 1159 2720 viribusque
1182 2679 1323 2717 auctus,
1359 2673 1460 2707 iustis
1491 2672 1633 2717 praeliis
1658 2673 1724 2707 ali-

266 2718 403 2762 quoties
434 2729 508 2752 cum
532 2719 707 2754 Melitenis
740 2732 781 2754 ac
805 2721 1040 2755 Tarsensibus
1071 2730 1276 2765 congressus
1304 2717 1484 2752 victoriam
1511 2719 1722 2763 reportavit.

265 2763 359 2798 misit
378 2763 561 2809 aliquando
589 2765 695 2799 Tarsi
719 2778 851 2800 emeras
875 2768 1044 2809 superbas
1067 2768 1112 2801 ad
1135 2766 1306 2800 Andream
1329 2763 1462 2808 literas,
1496 2763 1616 2808 plenas
1638 2777 1722 2799 cou-

263 2808 480 2844 tumeliarum
505 2810 698 2855 impiarum.
746 2811 840 2846 inter
871 2811 940 2845 alia
966 2812 1158 2856 scripserat
1186 2807 1373 2855 “experiar
1395 2821 1439 2843 an
1462 2809 1530 2843 tibi
1558 2810 1605 2844 sit
1627 2822 1720 2844 com—

264 2856 463 2892 modaturus
493 2855 628 2891 Mariae
663 2856 754 2892 filius
787 2857 933 2902 eiusque
964 2862 1094 2903 mater,
1127 2856 1186 2892 ubi
1220 2866 1314 2891 meas
1343 2855 1463 2901 copias
1493 2856 1662 2891 adversus
1685 2861 1722 2891 te
