1916 3210
14 1935 16 1942 —
6 1871 13 1878 ν
11 1847 14 1857 -
0 1491 41 1838 »uss-uena*
0 1524 37 1550 ᾖ·
0 1404 32 1494 fest,
19 1359 24 1364 .

698 111 1147 159 ANNOTATIONES.
1252 159 1255 162 ,
1558 111 1659 159 839

172 267 176 270 .
197 238 324 273 namur
355 237 431 263 sua
460 237 504 262 eo
534 223 690 262 vidente
722 230 800 260 tres
832 236 966 260 enices
993 222 1207 261 cinnabari
1229 224 1273 261 in
1283 223 1426 275 fronte
1446 222 1580 261 bullae
1603 226 1662 263 acl

195 281 533 330 cmliv-mationem
545 294 624 331 pro
643 280 924 318 consuetudine
941 282 1140 331 exprimit,
1169 280 1400 332 bullamqae
1420 294 1586 318 auream
1615 283 1658 319 in

194 352 340 379 manus
368 337 499 390 legato
525 337 663 375 tradit.
724 336 804 376 Leo
827 337 1117 375 Grammaticus:
1149 335 1174 378 o‘
1193 334 1378 389 βασιλεῦς
1398 335 1464 377 καὶ
1488 336 1513 378 o‘
1533 339 1657 378 Βασί-

194 398 300 443 λειος
326 409 420 442 τους
446 393 606 447 τιμίους·
628 392 871 446 ὑπέγραψαν
893 391 1088 447 σταυρούς
1106 390 1211 448 ’ὅρκῳ
1231 395 1498 447 βεβαιοῦντες.
1556 396 1658 433 simi-

193 452 289 500 lem,
316 452 400 502 vagi
429 453 470 491 et
495 451 653 490 mendici
681 450 848 489 monachi
873 462 987 501 opera
1013 435 1239 517 Theophilus
1262 464 1369 499 usus,
1399 463 1448 490 ne
1471 450 1657 501 religionis

193 509 339 548 deesset
356 507 517 560 species,
547 507 598 545 ad
613 506 822 546 Manuelem
839 507 960 550 misit,
988 509 1029 544 ut
1045 508 1154 544 sacris
1172 508 1249 546 sive
1265 502 1544 561 χρυσοβούλλῳ
1564 508 1655 546 fides

192 564 347 616 amplior
371 563 585 603 adderetur.
641 563 726 601 hinc
756 559 1032 613 σταυροποὶτας
1065 565 1282 602 sacramenti
1311 564 1517 602 huiusmodi
1542 565 1654 603 viola-

193 627 294 660 tores
313 624 448 659 vocant
463 614 630 658 moderni
648 620 801 667 Graeci,
831 619 894 669 qui
914 633 1069 656 crucem
1088 619 1341 666 conculcant,
1371 620 1439 658 hoc
1458 625 1534 667 est,
1561 622 1657 659 iura-

190 681 354 718 mentum
388 689 434 715 ea
462 676 617 727 primum
648 677 684 714 in
720 677 844 714 charta
867 676 1000 714 tabulis
1025 681 1173 714 exarata
1197 677 1379 714 firmatum
1402 676 1656 716 intemeratum

189 746 337 773 servare
362 745 439 774 non
467 735 647 774 verentur.
701 732 758 770 his
786 731 911 770 affinia
938 733 1205 772 eruditissimus
1227 732 1276 771 de
1298 734 1478 770 Mat-ca
1468 747 1506 772 m
1528 733 1656 807 patriis

189 789 406 830 Annalibus.
461 788 596 826 Gonu.

304 849 332 884 t.
351 844 387 883 ΙΙ
415 858 453 896 p.
476 847 558 886 127
579 844 701 884 v.13.
751 844 941 895 princeps
973 844 1194 896 Ismaelus]
1232 846 1357 884 nescio
1386 858 1435 884 an
1466 846 1656 898 proprium

191 903 243 942 sit
270 901 361 950 hoc,
380 914 434 940 an
461 913 549 940 vero
575 899 798 940 Ismaelitam
827 902 1028 952 significet,
1056 906 1097 940 ut
1118 901 1351 953 gentilicium.
1406 915 1492 941 mox
1513 915 1656 942 rursum

189 959 242 1018 ita
264 959 427 1012 ponitur.
481 958 578 997 Xn..

303 1020 332 1055 t.
353 1015 388 1054 ll
415 1028 454 1066 p.
487 1014 567 1056 128
596 1026 630 1053 v.
660 1016 700 1055 3.
760 1010 984 1066 compater]
1032 1008 1258 1060 σύντεκνος.
1325 1027 1371 1053 ex
1398 1015 1581 1054 sententia
1615 1019 1655 1055 et

192 1072 345 1112 Zonara
365 1071 436 1110 hoc
452 1071 586 1118 didici3
623 1071 686 1120 qui
707 1070 834 1108 scribit
854 1069 1073 1108 Michaelum
1093 1069 1288 1122 Theophili
1311 1071 1344 1109 F
1372 1084 1395 1110 a
1414 1072 1551 1111 reduce
1570 1072 1653 1110 Ma-

114 1149 120 1156 ·
191 1128 300 1168 nuelo
327 1129 441 1167 fuisse
471 1141 518 1167 ex
542 1128 727 1179 baptismo
748 1131 967 1178 susceptum.
1014 1126 1212 1170 Gevatter.
1246 1126 1351 1166 xn.
1408 1140 1483 1178 qua
1512 1128 1653 1167 ratione

192 1186 335 1238 scripsit
352 1184 519 1223 Zonaras
540 1182 585 1225 ἐκ
614 1185 686 1223 τοῦ
714 1181 830 1235 ἁγίου
860 1183 1130 1235 βαπτίσματος
1151 1180 1222 1223 τὸν
1250 1185 1323 1223 τοῦ
1349 1183 1539 1235 βασιλέως
1560 1181 1654 1225 ὀἷόν

191 1238 360 1294 Magoni).
382 1239 552 1290 ἐδέξατο.
608 1240 693 1279 hinc
713 1239 764 1278 illi
787 1251 865 1278 cum
886 1243 992 1292 patre
1013 1238 1220 1293 Theophilo
1245 1241 1441 1293 compatris
1462 1253 1654 1281 commune

189 1311 340 1339 nomen.
396 1298 534 1337 Gonu.

304 1359 333 1395 t.
350 1353 387 1392 11
413 1368 453 1406 p
475 1355 555 1397 129
573 1349 997 1406 v.1.q>ne191a'9fflv]
1027 1366 1093 1392 ceu
1109 1354 1335 1406 perditorum
1357 1357 1394 1393 et
1412 1353 1652 1406 perduellium

189 1410 320 1451 ducem
346 1407 596 1465 φατριυὶρχην
618 1404 773 1461 Ἰαννῆν
791 1411 931 1447 censuit
949 1413 1076 1448 auctor
1093 1412 1310 1449 vocandum.
1366 1410 1585 1461 Xylander'
1576 1424 1652 1449 ico-

191 1468 369 1508 nomachi
377 1468 495 1506 sactus
516 1470 695 1534 patronus
714 1461 961 1519 πατριάρχηι
978 1465 1068 1515 legit
1085 1471 1123 1505 et
1142 1466 1313 1517 religiose
1334 1466 1432 1506 colit.
1463 1467 1594 1505 GoAn.

305 1522 375 1563 ib.
393 1537 429 1563 v.
456 1521 497 1564 4.
555 1518 704 1574 δρόμου
730 1524 875 1574 λογοθε
866 1521 975 1587 ’τηι]
1012 1523 1204 1572 logotheta
1233 1527 1291 1562 est
1322 1522 1576 1570 cancellarius,
1614 1527 1654 1560 ut

191 1593 382 1630 vocamus,
411 1587 476 1619 aut
495 1579 696 1618 libellorum
719 1579 893 1629 magister
914 1580 989 1617 sive
1009 1580 1145 1618 archivi
1165 1581 1381 1630 praefectus,
1411 1592 1479 1631 pro
1500 1574 1652 1631 δρόμου

189 1637 376 1688 legerem,
405 1637 437 1676 si
457 1636 600 1685 liceret,
640 1630 786 1691 δόμου,
828 1639 870 1673 ut
895 1635 1116 1685 intelligeres
1146 1635 1386 1674 domesticum
1420 1636 1651 1687 imperatoris

192 1700 307 1746 atque
322 1693 486 1733 intimum
506 1693 748 1732 secretarium.
806 1692 904 1730 nolui
921 1695 1043 1731 tamen
1062 1706 1107 1731 ex
1129 1693 1335 1731 coniectura
1351 1695 1513 1740 mutare,
1541 1704 1653 1742 prae-

192 1751 318 1790 sertim
337 1763 418 1789 cum
439 1751 490 1788 sic
510 1762 652 1788 rursum
672 1748 816 1799 legatur
837 1749 940 1786 initio
959 1748 1127 1788 Michaeli
1146 1748 1342 1800 Theophili
1360 1749 1392 1787 F
1419 1752 1456 1787 et
1475 1747 1557 1785 alibi
1579 1748 1652 1786 fre-

193 1811 371 1858 quenter,
412 1810 451 1845 et
477 1805 631 1845 Wolfius
662 1806 751 1844 citet
778 1818 823 1843 ex
852 1804 944 1843 libro
973 1806 1021 1844 de
1048 1806 1191 1844 Officiis
1214 1805 1342 1858 palatii
1364 1806 1402 1842 id
1422 1816 1553 1842 munus
1578 1804 1650 1842 iam

192 1869 284 1912 tum,
312 1877 392 1902 cum
412 1861 472 1902 ille
494 1862 587 1901 liber
608 1861 764 1913 scriptus
784 1861 876 1909 suit,
906 1862 1069 1911 ignotum
1091 1863 1215 1900 fuisse.
1272 1862 1419 1900 interim
1443 1873 1517 1898 non
1543 1860 1651 1898 ‹lissi-

191 1919 340 1960 mulabo
355 1919 581 1967 Himerium,
618 1918 683 1968 qui
708 1917 775 1955 sub
799 1916 926 1956 Leone
954 1916 1082 1956 Basilii
1111 1918 1143 1955 F
1177 1918 1312 1968 (quem
1339 1921 1375 1956 et
1395 1916 1650 1969 philosophum

191 1976 411 2026 nominant)
440 1988 517 2014 rem
537 1978 665 2013 contra
684 1971 875 2023 Agarenos
893 1973 1080 2025 praeclare
1102 1976 1238 2024 gessit,
1266 1987 1289 2012 a
1308 1977 1436 2011 nostro
1456 1976 1652 2024 protoase-

192 2033 329 2082 cretis,
367 2045 392 2071 a
418 2031 567 2070 Zonara
586 2030 707 2069 dromi
732 2030 958 2079 logothetam
987 2030 1070 2071 dici.
1127 2031 1413 2068 dissenserintne
1440 2030 1651 2080 scriptores,

192 2102 241 2130 an
259 2090 333 2128 duo
352 2089 445 2128 haec
460 2088 610 2126 nomina
626 2088 724 2125 idem
745 2087 903 2124 officium
923 2090 1063 2136 notent,
1091 2099 1166 2124 non
1184 2091 1383 2127 estmeum
1399 2085 1649 2137 pronuntiare.

193 2149 293 2186 certe
323 2146 492 2184 Zonaras
521 2144 618 2183 hunc
644 2143 897 2182 Theoctistum
928 2143 1067 2180 caniclii
1099 2144 1325 2194 praefectum
1356 2139 1461 2191 (τόν
1484 2139 1548 2181 ἐπὶ
1575 2141 1650 2180 τοῦ

191 2202 440 2251 κανικλείου)
460 2205 585 2250 vocat,
615 2200 652 2238 in
677 2200 750 2238 fine
772 2200 878 2237 huius
893 2199 1109 2251 Theophili,
1138 2203 1176 2238 et
1194 2203 1332 2249 noster,
1360 2199 1423 2237 ubi
1444 2196 1650 2236 Theoctisti

190 2259 402 2310 logothetae
419 2262 575 2297 mortem
596 2257 729 2305 refert,
766 2269 811 2295 eo
839 2255 984 2294 sublato
1009 2256 1171 2294 Bai-dam
1192 2255 1339 2294 canielei
1367 2255 1583 2305 dignitatem
1610 2253 1647 2290 in

193 2329 236 2355 se
258 2315 487 2357 transtulisse
511 2315 575 2352 ait.
601 2314 706 2352 Xn.
764 2312 972 2362 intelligunt
999 2313 1165 2350 moderni
1192 2313 1340 2362 quidam
1371 2312 1504 2349 Graeci
1523 2309 1649 2348 Tui-ci-

193 2373 245 2411 cis
266 2372 387 2412 edocti
407 2370 749 2420 consuetudinibus,
778 2382 870 2419 quas
891 2382 912 2406 a
937 2369 1010 2406 suis
1032 2369 1228 2407 maioribus
1246 2372 1411 2420 acceptas
1431 2371 1573 2419 putant,
1601 2366 1649 2404 de

194 2428 315 2468 bellici
336 2429 467 2468 aerarii
490 2427 699 2480 praesecto,
739 2425 796 2464 vel
832 2426 879 2464 de
907 2437 953 2463 eo
987 2426 1069 2474 qui·
1076 2426 1308 2476 imperatoris
1332 2426 1402 2463 iter
1424 2422 1650 2463 conficientis

193 2489 361 2524 censeret
385 2497 562 2536 expensas
593 2487 630 2522 et
654 2482 867 2521 necessariis
893 2482 1128 2531 providendis
1146 2485 1353 2520 numeraret
1369 2480 1553 2532 pecunias.
1611 2481 1651 2516 at

194 2543 283 2593 quia
299 2541 436 2580 Codini
450 2546 630 2593 tempore,
658 2552 732 2590 quo
749 2552 816 2577 nee
834 2538 930 2577 bella
946 2551 1014 2576 nec
1031 2539 1164 2576 itinera
1180 2538 1227 2576 ab
1246 2537 1521 2589 imperatoribus
1538 2535 1651 2573 susci-

191 2599 332 2651 pienda
354 2597 559 2646 desierant,
599 2597 828 2646 antiquatum
847 2599 929 2633 erat
947 2594 1150 2632 huiusmodi
1169 2594 1380 2644 logothetae
1396 2592 1649 2638 ministerium,

193 2655 242 2693 «le
264 2667 309 2693 eo
330 2655 452 2706 potius
473 2655 536 2705 qui
556 2651 826 2705 Hippodromi‚
864 2655 901 2689 et
936 2655 976 2688 ut
1001 2655 1185 2689 contracte
1209 2651 1474 2701 loquebantur,
1504 2648 1651 2686 Dromi

193 2711 481 2762 spectaculorum
511 2711 682 2746 rationes
712 2707 893 2753 tenebat,
938 2707 1074 2758 quique
1100 2708 1280 2747 referente
1307 2707 1483 2746 Tui-nebo
1505 2705 1651 2742 Dromi

190 2774 426 2818 procurator
449 2767 488 2806 in
506 2766 666 2818 antiquis
690 2764 984 2818 inscriptionibus
1007 2764 1159 2815 legitur,
1203 2765 1259 2803 vel
1285 2764 1348 2815 qui
1372 2775 1496 2802 cursus
1517 2761 1651 2814 publici
