1916 3210
685 159 1136 206 ANNOTATIONES.
1545 157 1645 205 829

283 277 323 315 t.
333 274 435 327 11⁴1».
453 275 511 318 22
531 284 565 312 v.
581 274 653 315 21.
710 271 946 324 indictione]
974 272 1028 312 ita
1052 271 1198 323 signum
1223 269 1311 311 illud
1331 268 1390 310 hic
1410 269 1645 321 interpretor,

176 333 228 378 ‚de
251 344 327 384 quo
353 343 488 383 snpra:
520 343 606 370 nam
637 328 822 368 Diaconus
849 342 986 368 annum
1016 328 1242 380 proximum,
1273 341 1348 380 quo
1375 328 1538 379 synodus
1565 328 1644 378 By-

176 389 292 429 zantii
314 392 458 428 tentata
478 387 570 436 suit,
600 387 834 425 indictionem
856 398 990 426 novam
1014 386 1158 424 videtur
1177 385 1318 436 liquido
1339 397 1493 434 vocare,
1521 384 1546 425 l.
1575 386 1644 428 23.

177 445 392 486 dearmatis
407 448 632 483 autemeam
651 443 879 481 turbantibus
895 445 996 482 locus
1015 446 1072 481 est
1089 443 1128 480 in
1145 446 1274 481 nostro
1295 441 1454 481 mutilus.
1481 442 1588 483 XYt..

178 543 180 545 ,
289 506 318 541 t.
335 501 371 540 11
397 514 437 553 p.
454 501 509 542 23
529 513 564 538 v.
581 497 620 539 4.
680 498 899 550 catholiea]
931 498 1109 550 templum
1129 503 1222 550 puto
1246 500 1341 546 dici,
1370 499 1408 537 in
1432 499 1533 551 quod
1554 511 1646 538 con-

175 559 364 600 veniretur
391 557 442 595 ad
469 555 652 606 synodum
680 555 947 595 celebrandam.
1006 556 1045 594 in
1072 554 1211 607 templo
1241 556 1406 608 Sophiae
1435 557 1477 595 id
1506 558 1644 596 sactum

174 619 261 656 acta
281 615 361 654 eius
380 613 530 652 docent.
587 611 694 650 ΧΠ..

289 675 314 710 t.
330 670 364 708 Π
388 683 425 722 p.
444 668 500 711 24
519 680 554 707 v·
571 670 640 710 21.
690 665 847 719 patris]
875 667 1021 707 mallem
1041 668 1180 708 matris.
1235 666 1353 708 Atroa
1369 672 1408 708 et
1425 669 1647 716 Quaestoria

175 727 268 781 qnid
281 726 354 766 loci
369 727 464 772 sint,
493 725 703 763 videndum.
761 724 867 764 Xn.

269 782 399 822 ..ibam
414 782 484 822 22.
509 781 514 786 “
539 779 675 833 rasos]
706 782 759 820 sic
777 794 892 834 saepe
910 781 1085 833 loquitur.
1139 780 1247 821 xm

286 838 367 879 t.11
393 851 432 891 p.
453 837 509 879 25
531 851 566 876 v.
586 839 650 878 11.
707 834 1001 891 εὖφημεῖσθαι]
1033 842 1074 877 ut
1100 838 1233 877 multos
1260 849 1379 877 annos
1406 837 1441 877 ei
1467 850 1644 891 appreca-

160 900 303 937 ·1·entur
321 899 402 938 tum
420 895 457 932 in
477 894 715 947 popularibus
736 900 813 934 tum
832 895 870 933 in
891 895 1141 934 ecclesiasticis
1157 896 1421 943 conventibus,
1446 907 1491 934 ac
1507 907 1644 934 nomen

175 955 254 997 eius
273 953 408 1003 ubique
425 965 507 990 cum
525 951 588 989 filii
608 950 838 1003 imperatoris
858 953 1007 990 nomine
1026 951 1284 991 celebraretur.
1341 952 1481 990 GOAR.

287 1007 343 1047 ib.
361 1020 396 1048 v
418 1007 487 1049 18.
541 1003 688 1061 κόρτην
710 1008 899 1047 cohortem
920 1021 1002 1047 esse
1022 1022 1067 1047 ex
1088 1008 1168 1046 aliis
1189 1008 1276 1047 locis
1298 1009 1431 1056 didici,
1458 1010 1555 1047 utin
1573 1008 1645 1048 Ni-

172 1066 334 1119 cephoro
365 1065 415 1104 de
445 1065 648 1104 Bardanio.
706 1065 818 1103 credo
845 1078 933 1115 ergo
956 1066 1179 1117 praetoriam
1198 1064 1256 1103 hic
1272 1069 1338 1104 aut
1357 1065 1463 1104 aliam
1481 1065 1643 1104 nobilem

173 1123 311 1163 notari.
339 1121 446 1162 Xn.
501 1136 579 1174 την
605 1116 776 1174 κόρτην]
808 1126 928 1170 errat,
966 1122 1028 1159 ubi
1052 1122 1267 1173 frequenter
1291 1121 1420 1160 alludit
1446 1122 1644 1173 interpres,

173 1184 213 1219 et
239 1175 386 1232 κόρτην
411 1181 519 1231 putat
545 1191 628 1217 esse
652 1177 769 1215 cohor
770 1184 860 1215 tem
921 1178 1069 1228 corrigit
1093 1191 1252 1217 errorem
1276 1179 1443 1217 eodinus
1463 1179 1511 1218 de
1527 1179 1644 1221 Offio.

172 1237 263 1275 Cur.
289 1236 372 1278 GP.
427 1235 592 1273 scribens
612 1234 669 1283 εἰς
687 1232 762 1286 τήν
780 1249 852 1275 του
874 1233 1067 1287 βασιλέως
1087 1232 1267 1287 σκηνήν,
1296 1231 1385 1287 ν’τις
1401 1233 1527 1290 κόρτη
1549 1231 1644 1277 ὄνο-

172 1288 347 1345 μάζεται.
416 1292 627 1330 tentorium
667 1292 815 1343 itaque,
858 1304 934 1331 non
969 1291 1108 1329 cohors
1138 1293 1370 1344 imperatoris
1406 1297 1466 1331 est
1501 1290 1642 1346 κόρτη.

171 1350 313 1390 GoAn,

282 1410 311 1445 t.
325 1405 362 1444 11
387 1417 425 1457 p.
446 1405 502 1445 26
524 1416 560 1444 v.
577 1405 644 1447 23.
702 1403 813 1454 quod
832 1403 985 1454 decuit]
1013 1399 1181 1443 Zonaras
1212 1404 1326 1443 habet
1355 1405 1642 1448 Constantinum

170 1475 240 1516 pro
258 1463 394 1502 tributo
414 1465 553 1500 stercus
571 1461 818 1499 iumentorum
838 1461 1000 1511 Bulgaro
1019 1462 1176 1500 misisse.
1232 1462 1337 1502 ΧΠ..

283 1523 312 1558 t.
330 1518 365 1557 11
392 1530 430 1570 p.
448 1520 504 1559 27
527 1530 562 1558 v.
579 1520 620 1559 6.
679 1514 872 1572 Προύσῃ]
902 1518 1013 1556 Asiae
1033 1518 1180 1557 civitate
1198 1530 1275 1557 non
1298 1519 1410 1569 longe
1426 1531 1450 1558 a
1468 1517 1642 1559 Nicome-

169 1577 246 1618 dia.
302 1575 443 1615 Gon.

282 1631 334 1671 ib.
352 1644 387 1672 v,
403 1627 472 1674 14.
529 1627 744 1680 Porphyra
774 1629 872 1669 locus
899 1633 957 1669 est
985 1630 1024 1668 in
1053 1629 1192 1681 palatio
1214 1630 1418 1682 puerperiis
1443 1631 1646 1683 imperato⁴

169 1701 273 1741 rum,
301 1688 460 1728 maxime
490 1687 838 1735 Constantinorum,
868 1686 1040 1733 celebris;
1068 1687 1131 1737 qui
1159 1699 1368 1736 cognomen
1392 1688 1440 1726 ab
1461 1701 1506 1727 eo
1527 1690 1643 1728 duxe-

170 1749 280 1795 runt,
322 1750 367 1783 nt
401 1748 581 1782 vocentur
619 1743 941 1794 Porphyrogeniti.
981 1743 1086 1781 XYr..
1158 1744 1258 1782 unde
1292 1744 1641 1795 porphyrogenitus.

168 1801 426 1854 Luitprandus
456 1801 482 1841 1
512 1802 562 1841 2.
593 1799 821 1850 Porplzyrsso
806 1801 979 1837 ‹renitum
1009 1806 1144 1837 autem
1170 1813 1252 1837 non
1275 1801 1319 1837 in
1333 1813 1543 1851 purpura,
1571 1802 1644 1841 sed

171 1859 216 1896 in
246 1858 362 1896 domo
392 1869 495 1908 quae
526 1855 742 1906 Porplyra
771 1856 918 1893 dieitur
948 1863 1091 1897 natum
1119 1856 1293 1907 appello.
1355 1858 1641 1897 Constantinus

170 1928 277 1953 emm
304 1914 468 1952 domum
492 1913 613 1950 istam
634 1912 843 1960 aedificari
861 1914 994 1958 iussit,
1023 1915 1092 1950 cui
1112 1913 1326 1964 Pwplzyra
1347 1927 1489 1952 nomen
1509 1917 1640 1967 impo-

168 1972 268 2018 suit,
297 1971 501 2022 voluitque
525 1982 796 2007 successuram
825 1968 1046 2007 nobilitati-s·
1073 1982 1171 2006 suae
1196 1969 1367 2007 sobolem
1394 1972 1483 2008 istic·
1505 1973 1550 2009 in
1572 1972 1639 2010 ία-

169 2041 254 2066 cem
273 2027 456 2080 prodire,
482 2033 680 2078 quatenus
707 2027 780 2077 qui
808 2039 880 2063 suo
911 2039 958 2062 ex
984 2032 1189 2063 stemmate
1216 2034 1489 2073 nascerentur,
1519 2028 1639 2066 luca-

170 2085 279 2123 lenta
311 2084 390 2123 bac
418 2083 688 2135 appellatione
716 2082 1052 2133 Porphyrogeniti
1076 2082 1387 2132 appellarentur.
1460 2085 1550 2124 haec
1578 2086 1640 2125 ille

167 2154 289 2182 rerum
307 2142 534 2181 Graecarum
555 2142 594 2178 in
615 2153 681 2178 sua
699 2139 886 2189 legatione
907 2139 1010 2179 testis
1033 2140 1212 2180 oculatus.
1269 2141 1407 2180 Gosn.

271 2202 310 2237 ⁴t.
333 2198 369 2237 ll
395 2212 432 2251 p.
460 2198 516 2238 28
549 2210 581 2238 v.
613 2198 652 2237 1.
716 2197 954 2247 Copronymi
973 2208 1105 2247 genus
1133 2196 1389 2249 exstinctum]
1433 2209 1521 2239 nam
1552 2197 1635 2239 Leo

168 2254 403 2294 Constantini
419 2259 584 2294 mortuus
600 2255 721 2292 suerat
739 2254 819 2291 iam—
827 2258 930 2293 ante
960 2253 1140 2292 Zonaras.
1195 2252 1300 2292 XYr..

281 2309 335 2350 ib.
355 2325 390 2350 v.
410 2314 476 2353 11.
530 2313 604 2362 τῆς
629 2309 671 2350 δὲ
695 2306 870 2362 Ἀβύδου
898 2325 967 2349 και
989 2311 1064 2350 τοῦ
1088 2307 1212 2363 Ἱεροῦ
1237 2308 1480 2362 κομμέρκια]
1510 2311 1635 2351 fauces

167 2366 418 2420 Propontidos
454 2372 539 2406 sunt
574 2368 690 2412 infra,
728 2380 853 2405 versus
879 2365 1069 2416 Aegaeum
1096 2379 1218 2414 mare,
1254 2368 1384 2406 Sestos
1410 2372 1449 2406 et
1470 2367 1635 2418 Abydos,

168 2437 304 2476 supra,
330 2437 456 2464 versus
480 2423 640 2463 Pontum
666 2423 866 2472 Euxinum,
895 2420 938 2463 τό
962 2419 1102 2475 Ἱερόν,
1134 2436 1179 2462 ex
1201 2422 1383 2463 Thraciae
1404 2428 1521 2475 parte.
1577 2425 1634 2463 his

166 2480 206 2519 in
225 2481 414 2530 saucibus,
441 2493 490 2520 ne
506 2480 614 2533 Cpoli
630 2480 888 2528 defraudetur,
912 2481 1087 2532 penditur
1105 2480 1284 2531 vectigal,
1310 2481 1412 2532 quod
1431 2481 1478 2520 ab
1494 2481 1634 2521 Eirene

165 2537 346 2576 minutum
366 2542 495 2577 auctor
513 2540 701 2577 memorat.
759 2537 894 2577 Gom.

277 2593 332 2633 ih.
357 2607 392 2634 v.
417 2596 487 2635 20.
544 2593 652 2632 hanc
681 2607 806 2631 unam
838 2593 1021 2644 culpam]
1063 2594 1168 2644 quasi
1197 2606 1285 2633 vero
1312 2593 1469 2632 atrocius
1497 2592 1568 2633 hoc
1594 2599 1634 2634 et

166 2649 287 2700 magis
304 2651 488 2690 nefarium
516 2655 630 2701 atque
657 2651 807 2702 impium
837 2651 1032 2701 excogitari
1058 2650 1247 2703 quippiam
1277 2650 1446 2717 potuerit.
1501 2651 1630 2702 itaque

166 2718 241 2744 non
272 2707 398 2759 inepte
425 2706 611 2756 librarius,
642 2703 813 2747 ταλάντα
839 2722 881 2747 τε
908 2705 1109 2760 Κεδρηνέ,
1137 2705 1206 2748 και
1235 2708 1275 2747 τί
1299 2702 1445 2748 τούτου
1472 2710 1628 2760 χεῖρονς

165 2765 286 2805 ποῖον
315 2760 393 2816 yolo
429 2764 584 2816 θηρίον
613 2760 863 2816 ἐπιβουλεύει
890 2767 974 2812 τοῖς
1002 2763 1148 2805 ἑαυτοῦ
1173 2760 1367 2817 ἐγγόνοις-ς
1402 2763 1627 2815 stultissime,

164 2819 306 2872 inquit,
334 2820 525 2870 Cedrene,
554 2821 645 2873 quid
669 2821 774 2861 hoc'
763 2834 846 2874 ipso
867 2821 917 2861 sit
942 2821 1131 2862 deterius?
1158 2833 1254 2874 quae
1272 2823 1371 2862 enim
1390 2820 1446 2862 vel
1460 2821 1540 2862 sera
1557 2834 1626 2861 suo
