1916 3210
315 186 411 232 582
782 181 1017 227 GEORGII
1051 181 1292 227 CEDRENI

271 302 273 305 ’
314 304 386 352 τῆς
406 294 600 354 προγόνου
619 295 686 338 καὶ
704 292 884 351 ἀρχηγοῦ
901 293 973 349 τὴν
991 293 1260 351 προσηγορίαν
1278 295 1576 353 κληρωσαμένη.
1621 295 1763 352 νέμον·

314 384 380 410 ται
398 366 441 407 δὲ
460 365 534 415 τὰς
550 363 674 419 πέραν
682 361 844 420 Ἴστρου
865 361 944 405 ἀπὸ
965 366 1037 405 τοῦ
1057 360 1343 420 Βορυσθένους
1363 368 1546 419 ποταμοῦ
1561 364 1627 407 καὶ
1643 365 1763 421 μέχρι

314 431 541 482 Παννονίας
566 429 803 485 ἦπλωμένας
828 427 1046 481 πεδιάδας,
1071 428 1247 486 νομάδες
1259 437 1307 474 ’τε
1327 429 1438 482 ὄντες
1452 430 1607 476 καὶτὸν
1624 433 1761 488 σκηνὲ-

316 518 387 555 την
409 499 476 541 διὰ
499 497 646 549 παντὸς
666 495 932 552 ἀσπαζόμενοι
947 498 1051 552 βίον.
1117 496 1260 542 τούτου
1281 503 1353 541 τοῦ
1370 499 1507 555 γένους
1524 498 1699 557 ἀρχηγὸς
1711 495 1761 556 ἦν

314 572 372 626 τῷ
392 565 479 610 τότε
507 565 651 622 Τυρὰχ
673 563 694 607 ὃ
715 570 788 608 τοῦ
812 566 960 623 Κιλτέρ
985 563 1095 618 υἱός,
1130 565 1322 623 εὐγενείας
1350 565 1459 622 ἥκων
1489 567 1532 618 ἐς
1559 567 1606 610 τὸ
1636 567 1793 624 &ugni-5

314 652 434 678 τατον
443 666 456 686 ,
490 633 650 688 ἀμβλὺς
671 633 716 676 δὲ
736 633 870 686 ἄλλως
889 635 956 676 καὶ
978 633 1053 690 τὴν
1072 631 1242 689 ἡσυχίαν
1260 637 1402 692 φιλῶν.
1466 629 1517 691 ἦν
1535 635 1580 678 δὲ
1598 632 1764 679 acal-'552-
1781 668 1784 671 -

315 707 384 752 λος
404 719 465 753 τις
487 702 528 744 ἓν
552 706 610 760 τῷ
633 700 741 744 ἔθνει
767 702 841 757 τὴν
865 705 1004 757 κλῆσιν
1030 702 1225 758 Κεγένης,
1257 702 1347 753 υἱὸς
1370 706 1445 746 τοῦ
1468 701 1682 761 Βαλτζάρ,
1713 700 1762 747 td

313 771 386 825 μὲν
411 771 521 826 γένος
547 768 705 824 ἄσημος
723 771 790 812 καὶ
808 770 950 825 σχεδὸν
968 767 1178 824 ἀνώνυμος
1185 802 1198 823 ,
1233 772 1321 827 περὶ
1342 770 1387 814 δὲ
1408 770 1460 813 τὰ
1479 771 1676 826 πολεμικὰ
1695 772 1764 815 καὶ

314 839 388 889 τὰς
410 838 650 895 στρατηγίας
671 835 802 895 κάρτα
825 835 1196 896 δραστηριῶτατος,
1230 837 1275 890 ὃς
1292 839 1358 881 καὶ
1376 836 1568 891 πολλάκις
1580 837 1765 890 ἐπιόντας

265 915 297 951 D
321 905 424 950 κατὰ
446 910 525 949 τῶν
542 904 806 958 Πατζινάκων
823 906 918 958 τοὺς
939 905 1093 958 Οἰίζους
1118 907 1257 964 (γένος
1276 908 1321 949 δὲ
1343 906 1535 951 Οὐννικόν
1554 907 1594 950 οἱ
1613 902 1762 961 Οὗζοι)
1775 915 1819 952 m

314 973 493 1025 ὑποστὰς
511 974 707 1031 ἐτρέψατο
725 977 792 1017 καὶ
812 972 1026 1027 ἀπώσατο,
1054 978 1126 1017 τοῦ
1148 975 1292 1032 Τυρὰχ
1313 974 1388 1029 οὐχ
1407 973 1517 1026 ὅπως
1534 974 1765 1027 ἄντεπεξελ-

317 1047 407 1085 θεῖν
421 1042 479 1098 μὴ
497 1040 794 1100 θαρρήσαντος,
817 1041 921 1085 ἀλλὰ
935 1043 1002 1085 καὶ
1019 1040 1264 1093 καταδύντος
1281 1044 1337 1093 εἰς
1352 1042 1404 1085 τὰ
1421 1042 1533 1100 παρὰ
1549 1047 1607 1102 τῷ
1619 1043 1764 1102 Ἴστρῳ

316 1111 386 1166 ἕλη
418 1113 484 1153 καὶ
515 1110 589 1161 τὰς
620 1111 775 1165 λίμνας.
841 1109 912 1153 τὸν
932 1110 1006 1165 μὲν
1028 1105 1100 1153 οὖν
1123 1109 1267 1168 Τυράχ
1289 1111 1327 1153 οἱ
1348 1109 1600 1164 Πατζινάκαι
1620 1113 1766 1167 ἐτίμων

319 1178 388 1221 διὰ
415 1178 460 1221 τὸ
488 1179 620 1234 γένος,
653 1178 722 1222 τὸν
753 1177 798 1221 δὲ
825 1178 977 1235 Κεγένη
1002 1175 1226 1234 ἠσπάζοντο
1254 1176 1525 1236 διαφερόντως
1540 1179 1610 1223 διὰ
1629 1179 1676 1224 τὸ
1694 1184 1768 1235 τῆς

318 1247 485 1303 ἀνδρίας
511 1244 762 1303 ὑπερβάλλον
791 1247 858 1288 καὶ
884 1246 959 1302 τὴν
986 1246 1028 1288 ἓν
1055 1252 1140 1296 τοῖς
1165 1246 1352 1301 πολέμοις
1376 1244 1596 1303 δεινότητα.
1661 1245 1763 1305 ἅπερ
1776 1257 1820 1294 15

318 1312 476 1357 ἀκούων
503 1315 570 1356 καὶ
600 1314 760 1368 βλέπων
789 1311 810 1356 ὅ
843 1313 986 1370 Τυρὰχ
1016 1312 1201 1357 ἐδάκνετο
1224 1314 1298 1370 τὴν
1321 1312 1480 1370 ψυχήν,
1515 1315 1656 1367 δεδιὼς
1676 1317 1767 1373 περὶ

317 1387 390 1438 τῆς
420 1382 569 1439 ἀρχῆς,
604 1383 671 1424 καὶ
700 1379 850 1439 τρόπον
878 1380 1002 1436 ἐζήτει
1032 1380 1141 1433 ὅπως
1168 1380 1218 1425 ι’ἱν
1245 1382 1316 1425 τὸν
1339 1382 1515 1439 Κεγὲνην
1538 1382 1767 1428 ἀποσκευά-

318 1467 451 1505 σηται.
519 1450 725 1506 ἐφίστησιν
746 1444 816 1492 οὗν
837 1450 946 1507 αὐτῷ
965 1447 1110 1505 λόχους
1130 1449 1344 1502 πολλάκις,
1369 1451 1539 1507 ἐγίνοντο
1562 1452 1607 1496 δὲ
1622 1450 1767 1502 πάντες

319 1517 448 1574 ἀργοί.
517 1518 598 1560 ἐπεὶ
627 1518 671 1560 δὲ
700 1516 890 1568 πολλάκις
917 1516 1170 1575 ἐπιχειρήσας
1193 1520 1372 1576 κρυφίως
1390 1517 1630 1575 ἠστόχησεν,
1666 1519 1768 1576 ἴγνω

319 1587 402 1628 ὁεῖν
430 1585 488 1640 μὴ
521 1584 744 1638 διαμέλλειν
777 1584 872 1627 ἀλλ’
908 1585 1113 1642 ἐπιχειρεῖν
1152 1590 1348 1643 φανερῶς.
1417 1587 1479 1629 διὸ
1507 1588 1576 1629 καὶ
1605 1591 1821 1643 πλῆθοςΞΟ

318 1653 485 1708 πέμψας
515 1656 756 1707 καταλαβεῖν
780 1653 955 1696 ἐκέλευσε
981 1653 1050 1696 τὸν
1077 1652 1207 1710 ἄνδρα
1225 1654 1292 1696 καὶ
1313 1652 1475 1697 ἀνελεῖν.
1543 1651 1565 1697 ὅ
1593 1656 1640 1698 δὲ
1664 1671 1768 1713 προ-

319 1721 438 1777 γνοὺς
457 1721 529 1776 τὴν
551 1721 765 1775 ἐπιβουλὴν
784 1720 916 1777 φυγὰς
931 1721 1033 1775 πρὸς
1050 1721 1101 1764 τὰ
1122 1721 1191 1776 ἕλη
1206 1722 1352 1776 γίνεται
1370 1725 1445 1764 τοῦ
1463 1723 1766 1780 Βορυσθένους,

179 1796 209 1830 Ρ
232 1797 300 1834 776
323 1791 390 1832 καὶ
414 1787 520 1833 οὕτω
542 1786 800 1846 διαφυγγάνει
819 1788 889 1834 τὸν
908 1787 1092 1848 ὄλεθρον.
1160 1789 1315 1833 ἐκεῖθεν
1339 1789 1384 1833 δὲ
1409 1789 1680 1848 κρυπτόμενος
1698 1793 1768 1834 καὶ

409 1930 432 1965 2
456 1927 712 1973 Βορυσθένους
734 1941 788 1966 om
809 1930 846 1965 in
867 1930 992 1965 lacuna
1013 1929 1044 1964 C
1178 1929 1201 1966 5
1223 1925 1349 1976 βιλτὰρ
1375 1930 1405 1965 C
1538 1932 1563 1968 6
1582 1926 1700 1975 ἄλλως
1719 1952 1764 1960 -

409 1973 450 2011 δὲ
473 1975 535 2010 καὶ
558 1986 612 2010 om
635 1976 665 2010 C
805 1978 847 2012 18
868 1973 1034 2022 ἐγένοντο
1057 1973 1088 2010 C
1221 1978 1266 2012 21
1288 1973 1427 2011 ἐκέλευε
1447 1975 1480 2011 C

317 2103 422 2145 atque
440 2103 581 2134 auctore
597 2099 806 2145 peculiarem
823 2099 947 2135 sortita
965 2102 1018 2135 est
1035 2098 1311 2145 appellationem.
1356 2099 1511 2135 incolunt
1527 2103 1623 2136 trans
1639 2100 1765 2137 Istrum

315 2145 477 2191 planities
509 2157 531 2180 a
561 2145 779 2190 Borysthene
809 2145 916 2180 fluvio
947 2146 990 2181 ad
1021 2145 1234 2181 Pannoniam
1261 2156 1370 2190 usque
1393 2150 1592 2192 porrectas,
1621 2146 1767 2182 incertis

319 2197 474 2226 errantes
508 2191 646 2225 sedibus
679 2202 883 2236 semperque
916 2191 952 2226 in
983 2191 1214 2226 tabernaculis
1245 2191 1422 2236 degentes.
1466 2191 1547 2226 huic
1567 2193 1664 2237 genti
1684 2197 1768 2230 tunc

318 2241 480 2282 praeerat
502 2236 685 2282 Tyrachus
709 2236 835 2271 Kilteri
857 2236 948 2271 filius
970 2237 1070 2271 homo
1094 2237 1344 2282 nobilissimus,
1382 2237 1560 2282 ceteroqui
1589 2238 1706 2284 segnis
1731 2242 1768 2274 et

319 2282 447 2326 quietis
479 2293 608 2317 amans.
656 2287 734 2317 erat
762 2282 798 2316 in
830 2283 948 2317 eadem
979 2289 1082 2327 gente
1114 2283 1215 2317 etiam
1246 2282 1332 2317 alius
1356 2282 1496 2329 quidam
1517 2283 1680 2328 Kegenes
1702 2295 1768 2318 no-

321 2328 430 2370 mine,
463 2327 635 2362 Baltzaris
658 2327 748 2362 filius
770 2340 898 2372 genere
921 2328 1161 2364 obscurissimo
1185 2328 1355 2373 nullisque
1376 2329 1566 2370 natalibus,
1593 2330 1655 2364 sed
1676 2329 1768 2364 bello

321 2372 556 2418 ducendisque
577 2373 776 2408 cohortibus
798 2374 901 2419 longe
920 2374 1252 2419 praestantissimum
1277 2385 1354 2408 nam
1376 2374 1516 2420 saepius
1537 2375 1633 2409 Uzos
1657 2375 1769 2419 (gens

321 2430 364 2452 ea
394 2419 533 2453 Unnica
563 2421 639 2462 est)
682 2419 853 2454 irruentes
885 2419 1075 2454 subsistens
1106 2420 1332 2466 profligat-at,
1370 2419 1534 2462 Tyracho
1566 2431 1635 2455 non
1667 2420 1768 2454 modo

323 2470 443 2499 contra
466 2476 527 2498 eos
549 2464 646 2498 exire
668 2476 736 2498 non
760 2477 861 2509 auso,
898 2466 961 2499 sed
993 2466 1096 2500 etiam
1119 2466 1155 2499 in
1176 2466 1271 2499 lacus
1295 2476 1336 2499 ac
1358 2465 1500 2511 paludes
1522 2466 1613 2500 Istro
1636 2466 1769 2500 vicinas

321 2521 360 2543 se
389 2510 613 2545 subducente.
661 2509 778 2556 itaque
801 2511 1001 2555 Tyrachnm
1024 2512 1159 2556 quidem
1182 2510 1391 2546 Patzinacae
1416 2512 1459 2545 ob
1481 2511 1621 2556 generis
1643 2508 1770 2546 nobili—

321 2560 427 2589 tatem
449 2556 720 2599 venerabantur,
747 2556 923 2601 Kegenem
946 2562 1059 2591 tamen
1082 2557 1226 2591 mirifice
1248 2557 1539 2602 amplectebantur
1561 2558 1604 2592 ob
1626 2556 1769 2591 fortitu-

323 2600 436 2635 dinem
458 2601 627 2645 insignem
650 2601 755 2646 inque
778 2602 939 2646 gerendis
964 2602 1064 2637 bellis
1086 2603 1336 2637 strenuitatem.
1383 2602 1469 2636 haec
1491 2613 1575 2636 vero
1600 2601 1768 2646 Tyn-achi,

323 2646 475 2680 videntis
498 2646 566 2680 ista
589 2653 694 2692 atque
716 2647 943 2691 inaudientis,
973 2648 1118 2682 animum
1142 2648 1363 2691 mordebant,
1391 2648 1434 2682 de
1455 2648 1600 2693 imperio
1623 2659 1686 2682 suo
1709 2659 1769 2682 so-

323 2691 428 2735 liciti,
465 2692 516 2725 ita
538 2703 622 2725 sane
646 2698 684 2725 ut
706 2693 749 2726 de
771 2693 920 2728 tollendo
944 2694 1088 2738 Kegene
1112 2694 1292 2739 cogitaret.
1340 2693 1396 2728 cui
1426 2705 1500 2727 cum
1522 2704 1628 2739 saepe
1650 2693 1767 2728 occul-

323 2742 377 2770 tas
401 2737 545 2770 tendens
567 2737 709 2771 insidias
736 2739 819 2772 nihil
845 2739 1046 2785 proficeret,
1076 2741 1216 2774 tandem
1238 2743 1359 2783 aperte
1382 2750 1458 2772 eum
1483 2739 1614 2774 adoriri
1635 2738 1767 2780 statuit,

323 2781 495 2826 missaque
517 2783 619 2816 turba
641 2782 807 2818 hominem
831 2785 960 2829 corripi
983 2785 1202 2830 interficique
1221 2784 1330 2819 iubet.
1377 2785 1438 2818 sed
1455 2784 1617 2829 Kegenes
1633 2782 1769 2818 insidiis

324 2827 557 2872 praecognitis
582 2827 626 2862 ad
649 2828 792 2874 paludes
816 2827 1086 2875 Borysthenicas
1109 2830 1285 2878 profugit,
1308 2829 1427 2875 itaque
1443 2829 1586 2865 'exitium
1607 2827 1766 2864 evitavit.
