1916 3210
325 177 423 225 684
724 178 948 223 IOANNIS
981 178 1373 223 GUROPALATAE

321 286 352 350 ᾖ
380 292 446 334 καὶ
477 290 627 345 μαθὼν
657 289 736 345 ἤδη
769 291 1174 348 καταστρεψαμένους
1195 291 1342 344 αὐτοὺς
1361 292 1406 335 τὸ
1423 291 1591 338 Ἰκόνιον·
1602 292 1772 350 ἀπᾶραι,

323 359 505 408 δεδιότας
523 358 596 412 τὴν
620 358 745 400 αὐτοῦ
765 359 985 411 ἕπιδίωξιν,
1018 359 1243 418 ἀπόμοιραν
1263 361 1335 415 μέν
1355 378 1444 403 τινα
1464 366 1543 404 τῶν
1560 361 1772 419 ταγμάτων

323 429 386 470 ἐπὶ
409 427 593 468 Κιλικίαν
613 427 832 481 ἐξέπεμψεν
851 425 1156 483 ἕνωθησομένην
1174 429 1441 486 Κατατουρίῳ
1460 433 1517 487 τῷ
1533 433 1607 484 τῆς
1618 430 1772 473 Ἀντιο-

319 495 432 549 χείας
451 495 584 546 δουκί,
619 494 736 551 ἀνδρὶ
753 496 917 553 γενναίῳ
936 497 1002 538 καὶ
1023 496 1151 539 πολλὰ
1171 498 1452 555 ἐπιδειξαμένῳ
1473 497 1524 539 τὰ
1541 500 1615 553 τῆς
1629 497 1772 556 ἂρετῆς

321 560 606 619 προτερήματα
633 561 848 620 πρότερον,
883 564 1084 622 δεξαμένῳ
1104 581 1145 607 τε
1169 566 1224 615 εἴς
1246 564 1407 619 Μόψου
1435 563 1569 608 ἑστίαν
1592 560 1804 621 &norff-5

270 638 303 672 D
326 645 397 673 σαι
435 630 480 672 τὸ
518 628 641 684 τάχος
682 631 833 686 (ἐκεῖσε
860 631 938 689 γὰρ
969 635 1267 689 προσεδοκῶντο
1295 633 1332 674 οἱ
1364 636 1541 690 Τοῢρκοι
1573 633 1772 690 διελθεῖν)
1804 658 1806 661 v

322 698 440 740 κάκεῖ
451 694 686 755 προσμένειν
706 699 856 750 αὖτοὺς
869 701 936 742 καὶ
955 701 1072 744 παντὶ
1091 699 1226 759 τρόπῳ
1245 698 1519 755 λυμήνασθαι.
1586 688 1775 744 seez-‘iffi

321 783 388 816 τες
414 765 547 809 τοίνυν
577 767 644 808 διὰ
669 771 749 810 τῶν
771 771 843 822 τῆς
863 769 1094 819 Σελευκείας
1116 768 1240 826 ὀρέων
1263 771 1318 819 εἷς
1339 768 1410 824 τὴν
1426 773 1496 824 τῆς
1516 771 1685 826 Ταρσοῦ
1698 783 1775 812 we-

323 831 447 877 διάδα
479 836 874 891 κατηκοντίσθησαν,
908 835 1011 879 ἔνθα
1034 837 1145 894 παρὰ
1168 841 1248 880 τῶν
1266 836 1479 893 Ἀρμενίων
1498 837 1776 894 συγκυρηθένω

322 907 388 953 τες
407 907 542 945 πᾶσαν
562 902 704 958 σχεδὸν
722 903 795 958 τὴν
815 905 924 946 λείαν
949 904 1163 959 ἀπέβαλον.
1231 905 1270 947 οἳ
1299 906 1342 947 δὲ
1369 906 1549 959 πολέμιοι
1571 902 1775 958 μαθόντες
1784 910 1830 946 10

321 970 396 1025 τὴν
427 974 508 1014 τῶν
531 969 740 1026 Ῥωμαίων
774 973 815 1014 ἔν
843 971 1006 1027 Μόψου
1036 971 1147 1032 ἑστίᾳ
1177 972 1436 1030 παρεμβολήν
1444 990 1460 1025 ,·
1500 973 1604 1028 μηδὲ
1631 972 1775 1031 μικρὸν

318 1039 598 1094 χρονίσαντες,
641 1038 984 1091 διαναπαύσαντες
1010 1041 1054 1083 δὲ
1084 1040 1250 1092 ἑαυτοὺς
1277 1042 1318 1084 ἓν
1343 1045 1391 1098 τῇ
1418 1041 1693 1095 Βαλτολιβάδι
1720 1038 1783 1092 ὡς7

323 1105 436 1159 ἐνόν,
470 1106 620 1165 ᾤχοντο
643 1108 712 1150 διὰ
732 1113 810 1163 τῆς
821 1107 985 1161 νυκτός,
1017 1107 1259 1165 ὑπερβάντες
1276 1126 1318 1152 τε
1337 1109 1382 1151 τὸ
1404 1107 1662 1166 Σαρβαδικόν
1680 1107 1776 1166 ὅρος

324 1175 391 1217 καὶ
415 1177 471 1225 εἷς
489 1174 541 1217 τὰ
561 1180 634 1219 τοῦ
654 1174 802 1219 Χάλεπ
820 1177 895 1220 σὺν
915 1179 1070 1234 σπουδῇ
1093 1176 1354 1228 ἐπελάσαντες
1372 1176 1486 1234 ὅρια,
1520 1177 1674 1220 καὶ-τὸν
1690 1177 1779 1219 κίν-

181 1247 212 1282 Ρ
235 1248 303 1284 833
326 1245 446 1286 δυνον
459 1241 583 1298 μόλις
594 1242 878 1296 ὖπαλύξαντες.
934 1245 1026 1287 ἀνία
1047 1246 1089 1288 δὲ
1108 1245 1273 1299 κατέσχε
1290 1245 1358 1288 τὸν
1377 1245 1546 1300 βασιλέα
1566 1245 1774 1302 ἇπρακτη-
1787 1255 1829 1291 15

323 1308 479 1354 σάντων
507 1315 587 1355 τῶν
613 1314 654 1355 ἓν
676 1312 839 1367 Μόψου
867 1311 1000 1373 ἑστία·
1031 1314 1234 1364 καταστὰς
1253 1313 1331 1371 γὰρ
1353 1315 1420 1356 καὶ
1443 1313 1570 1364 αὐτὸς
1582 1313 1776 1367 εὐθὺ-τῆς

323 1379 364 1422 ἓν
395 1381 606 1440 Σελευκείᾳ
636 1379 1019 1433 Κλαυδιουπόλεως,
1054 1383 1135 1424 ἐπεὶ
1165 1384 1254 1438 περὶ
1274 1386 1345 1436 τῆς
1362 1379 1514 1424 τούτων
1530 1379 1776 1436 ἐμεμαθήκει

327 1453 484 1505 φυγῆς,
520 1448 718 1504 ἀπογνοὺς
742 1448 1044 1507 ὄπισθόρμητος
1064 1451 1218 1506 γέγονεν
1242 1451 1304 1492 ἐπὶ
1326 1449 1371 1492 τὸ
1394 1447 1637 1502 Βυζάντιον,
1668 1449 1777 1492 ἔπει-

320 1513 488 1571 γόμενος
509 1514 564 1566 ὥς
582 1516 663 1572 ἤδη
679 1517 816 1560 λοιπὸν
837 1519 908 1559 καὶ·
922 1522 994 1560 τοῦ
1012 1517 1245 1573 μετοπώρου
1264 1516 1494 1568 ἐπιστάντος
1503 1549 1518 1570 ,
1546 1515 1775 1560 καταλιπών

321 1583 456 1640 ἕτερον
484 1585 582 1627 λαὸν
612 1584 780 1628 ὄπισθεν
804 1585 873 1628 διὰ
893 1584 938 1628 τὸ
965 1587 1030 1627 καὶ
1054 1584 1211 1643 ἑτέρους
1233 1583 1439 1642 Τούρκους
1462 1587 1836 1641 καταληΐζεσθαιῖο.

321 1652 395 1706 τὴν
416 1649 642 1708 Ῥωμαϊκὴν
669 1658 767 1709 γῆν,
798 1652 902 1696 κατὰ
930 1655 1103 1710 φατρίας
1129 1655 1194 1695 καὶ
1215 1654 1362 1710 μοίρας
1386 1653 1687 1710 διαιρουμένους
1707 1655 1775 1695 καὶ

322 1721 642 1777 κατατρέχοντας
657 1723 899 1765 λωποδυτῶν
917 1719 1066 1778 τρόπον
1083 1724 1149 1764 καὶ
1169 1726 1347 1764 κλεπτῶν
1352 1752 1371 1774 ,.
1400 1723 1467 1764 καὶ
1485 1721 1530 1764 τὸ
1549 1720 1776 1778 προστυχὸν

323 1785 432 1832 ἅπαν
456 1788 722 1846 ἀφανίζοντας
744 1791 811 1833 καὶ
833 1790 1052 1846 ληΐζοντας.
1119 1789 1179 1833 δι’
1205 1788 1234 1832 ἃ
1256 1791 1324 1832 καὶ
1348 1788 1545 1847 δυσχερὴς
1566 1783 1617 1846 ἦν
1633 1787 1661 1845 ἦ
1678 1787 1777 1832 τού-

411 1929 457 1965 13
479 1929 541 1974 τε]
567 1926 607 1965 δὲ
629 1930 659 1964 Ρ

321 2051 383 2087 ubi
406 2063 480 2087 cum
504 2052 685 2088 didicisset
702 2053 801 2100 ipsos
825 2066 951 2090 everso
969 2055 1088 2090 Iconio
1110 2054 1298 2111 proficisci,
1325 2054 1457 2089 veritos
1480 2066 1526 2089 ne
1548 2064 1586 2088 se
1609 2052 1670 2088 ille
1693 2064 1773 2098 per-

323 2104 547 2144 sequeretur,
578 2104 710 2144 partem
732 2102 900 2144 quandam
922 2101 1095 2147 legionum
1118 2114 1154 2136 in
1177 2101 1334 2135 Ciliciam
1358 2101 1469 2146 misit,
1491 2111 1581 2145 quae
1603 2110 1679 2134 cum
1702 2100 1775 2133 Ca-

320 2145 451 2179 taturio
483 2144 690 2180 Antiochiae
720 2145 808 2181 duce
840 2147 1125 2193 coniungeretur,
1155 2147 1233 2182 viro
1263 2158 1452 2191 generoso,
1483 2145 1614 2191 quique
1635 2144 1776 2179 virtutis

320 2190 419 2235 prius
455 2190 558 2224 multa
592 2191 798 2227 documenta
827 2193 992 2238 dederat,
1027 2198 1066 2227 ut
1090 2205 1134 2228 ea
1157 2198 1301 2238 accepta
1323 2192 1432 2237 primo
1458 2202 1596 2237 quoque
1619 2195 1775 2235 tempore

322 2236 365 2270 ad
391 2236 638 2281 Mopsuestiam
664 2244 876 2283 occurreret,
899 2250 966 2283 quo
991 2239 1102 2273 Turci
1125 2238 1309 2273 adventuri
1335 2237 1632 2280 existimabantur,
1656 2235 1776 2280 ibique

322 2292 383 2316 eos
407 2286 614 2327 exspectans
636 2283 791 2317 omnibus
815 2284 925 2318 modis
950 2285 1154 2319 offenderet.
1201 2288 1460 2330 praetereuntes
1489 2282 1597 2327 igitur
1621 2292 1684 2327 per
1706 2282 1775 2316 Se-

319 2326 455 2361 leuciae
480 2332 611 2362 montes
635 2328 678 2362 ad
702 2328 809 2363 Tarsi
831 2329 1009 2375 planitiem
1031 2329 1152 2365 iaculis
1175 2329 1326 2364 confecti
1348 2333 1449 2371 sunt3
1482 2327 1542 2363 ubi
1576 2328 1620 2362 ab
1652 2327 1776 2362 Arme-

322 2372 390 2406 niis
419 2373 659 2418 comprehensi
690 2386 822 2409 omnem
845 2376 921 2410 fere
942 2377 1106 2422 praedam
1129 2376 1286 2411 amisere.
1334 2380 1371 2409 at
1393 2375 1510 2408 hostes
1532 2372 1680 2418 cognitis
1702 2373 1777 2407 Ro-

322 2429 496 2452 manorum
528 2419 651 2453 castris
682 2420 726 2453 ad
749 2421 996 2466 Mopsuestiam
1020 2434 1063 2456 ne
1086 2433 1204 2467 parum
1230 2421 1367 2466 quidem
1390 2419 1607 2463 commorati,
1641 2429 1715 2452 cum
1737 2429 1777 2452 se

320 2463 418 2508 ipsos
436 2465 473 2498 iu
494 2464 712 2499 Baltolibade
760 2477 800 2500 ro
823 2467 957 2502 viribus
979 2468 1204 2512 refecissent,
1228 2471 1332 2501 noctu
1353 2465 1533 2509 abierunt,
1557 2470 1593 2499 et
1613 2468 1776 2509 superato

322 2509 515 2544 Sarbadico
552 2514 668 2545 monte
701 2522 721 2545 a
777 2513 864 2547 fines
897 2513 1030 2559 Chalep
1062 2525 1190 2548 summo
1215 2511 1339 2547 'studio
1369 2511 1430 2546 vix
1461 2511 1591 2545 evitato
1621 2509 1774 2555 periculo

323 2565 540 2590 concessere.
589 2555 746 2591 molestia
773 2556 993 2594 afficiebatur
1021 2558 1232 2605 imperator,
1267 2557 1359 2602 quod
1388 2556 1416 2590 ii
1447 2556 1507 2602 qui
1537 2554 1776 2601 Mopsuestiae

323 2605 424 2634 erant
447 2601 550 2635 otiosi
573 2602 753 2646 degerent.
800 2615 944 2649 cumque
978 2610 1074 2640 recta
1105 2603 1356 2650 Claudiopolim
1381 2602 1417 2636 in
1440 2601 1632 2636 Seleuciam
1655 2601 1774 2646 profe—

323 2650 401 2680 ctus
424 2646 473 2680 ibi
499 2648 542 2680 de
563 2647 715 2692 ipsorum
737 2649 821 2694 fuga
844 2649 1043 2695 didicisset,
1074 2649 1266 2696 desperatis
1293 2649 1398 2682 rebus
1426 2658 1590 2682 reversus
1623 2652 1678 2681 est
1699 2647 1773 2690 By-

324 2691 496 2736 zantium,
529 2693 684 2728 adhibita
704 2695 905 2738 celeritate,
937 2697 1030 2741 quod
1051 2696 1120 2730 iam
1146 2701 1327 2730 autumnus
1347 2698 1546 2739 appeteret,
1577 2691 1699 2727 relicto
1721 2691 1774 2726 al-

325 2740 402 2770 tero
435 2738 610 2782 exercitu,
647 2750 689 2773 eo
723 2741 816 2785 quod
848 2741 905 2775 alii
937 2753 1075 2788 quoque
1108 2741 1218 2775 Turci
1249 2752 1314 2786 per
1339 2740 1451 2774 tribus
1475 2743 1510 2774 et
1533 2738 1647 2773 curias
1670 2735 1775 2771 divisi

324 2780 556 2818 Romanorum
588 2789 717 2819 terram
751 2786 1013 2822 excursionibus
1048 2787 1340 2832 depopularentur
1371 2785 1539 2819 latronum
1563 2795 1605 2818 ac
1627 2782 1773 2828 praedo-

325 2836 406 2861 num
424 2839 541 2875 more,
561 2829 744 2876 omniaque
762 2831 801 2866 in
823 2843 1049 2879 quaecunque
1069 2833 1265 2868 inciderent
1285 2830 1552 2873 demolirentur-3
1583 2828 1708 2874 quibus
1730 2827 1774 2862 de
