1916 3210
0 0 55 247 ἶξ
758 170 1038 217 HISTORIA.
1527 169 1624 217 655

172 296 250 341 σεη
268 281 430 338 ,τούτων
461 281 743 341 ἀποτμηθεῖσα
764 283 858 344 ἄχρι
882 279 1178 342 Θεσσαλονίκης
1200 285 1268 328 καὶ
1292 280 1417 341 αὐτῆς
1430 282 1628 337 Ἑλλάδος

167 349 407 412 εἷοῆρρησε,
435 354 503 396 καὶ
520 357 601 397 πᾶν
616 354 662 397 τὸ
681 354 907 412 προστυχὸν
929 352 1227 410 κατελυμῆνατο
1245 356 1313 398 καὶ
1334 352 1531 412 ἔκεράϊσε,
1556 357 1624 397 καὶ

170 421 284 466 λείαν
303 421 452 477 ἤλασεν
472 421 546 466 οὔκ
565 422 812 479 ἀριθμητήν.
876 427 1042 478 χειμῶνι
1063 424 1107 466 δὲ
1129 429 1448 481 περιπεπτωκυῖα
1473 427 1624 481 πολλῷ,

170 488 244 534 ὅτε
255 490 359 548 πρὸς
379 491 475 542 τοὺς
490 491 708 549 σφετέρους
724 490 970 550 ὑπέστρεφεν
975 523 990 544 ,
1027 491 1075 535 οὐ
1094 490 1219 547 μόνον
1237 492 1289 535 τὰ
1309 489 1502 550 ἀλλότρια
1521 491 1625 535 ἀλλὰ

135 561 238 605 exal
267 560 321 603 τὰ
350 557 497 615 ἑαυτῆς
526 559 671 614 σχεδὸν
700 560 899 615 ἀπέβαλεν
930 558 1088 603 ἅπαντα
1102 593 1116 613 ,
1149 562 1217 604 καὶ
1247 560 1446 616 δυστυχὴς
1473 562 1528 612 εἷς
1553 560 1627 616 τὴν

167 627 430 686 παρεμβολὴν
452 628 724 680 ’ἓπανέζευξεκ
793 626 815 671 ὅ
838 629 882 671 δὲ
902 629 1094 683 βασιλεὺς
1117 627 1421 684 πυνθανόμενος
1440 631 1530 687 περὶ
1551 633 1625 672 τοῦ

166 700 415 752 πληθυσμοῦ
435 693 611 752 ἤσχαλλε
630 697 705 751 μὲν
725 699 791 740 καὶ
809 695 998 752 ἠδημόνει
1007 729 1021 749 ,
1056 698 1249 755 στρατιὰν
1273 699 1317 740 δὲ
1341 698 1536 756 ἀθροῖσαι
1554 701 1623 740 καὶ

167 762 357 820 δυνάμεις
391 762 637 821 ἀξιομάχους
671 765 832 822 ἀφεῖναι
865 765 960 809 κατ’
994 766 1126 809 αὐτῶν
1156 764 1417 824 ὀκνηρότερος
1446 761 1496 822 ἦν
1505 798 1520 819 ,
1567 764 1624 818 ὥς

163 833 239 888 μέν
259 850 364 884 τινες
387 832 542 890 ἔλεγον,
575 838 656 877 τῶν
680 833 958 889 ἀναλωμάτων
981 836 1120 892 φειδοῖ
1146 830 1223 891 (ἦν
1240 834 1318 891 γάρ
1330 866 1344 887 ,
1378 833 1434 886 ὧς
1449 833 1616 892 ἔφαμεν,
1638 842 1671 877 D

110 910 158 948 10
167 899 471 960 φιλοχρήματος
487 903 554 944 καὶ
571 902 640 945 τὸν
658 902 803 957 ὀβολὸν
819 903 968 954 παντὸς
983 904 1217 961 προτιμῶν)
1226 935 1239 954 ,
1275 901 1330 954 ὥς
1347 903 1389 945 δ’
1413 902 1508 946 ἔνιοι
1517 936 1531 956 ,
1559 903 1619 960 μὴ

163 969 416 1028 ἀποθαρρῶν
453 969 556 1028 πρὸς
589 969 791 1027 τοσαύτην
821 972 936 1026 ἲσχὺν
970 970 1400 1029 ἀντιπαρατάξασθαι·
1446 971 1620 1024 ἅπαντες

161 1038 242 1097 yde
283 1036 548 1096 ἀπρόσμαχον
583 1039 630 1083 τὸ
671 1044 752 1083 τῶν
787 1041 974 1084 ἐναντίων
1002 1045 1164 1095 πλῆθος
1196 1041 1504 1098 διισχυρίζοντο,
1549 1043 1618 1084 καὶ

161 1105 371 1164 ἀμήχανος
391 1106 520 1151 ἐδόκει
541 1112 664 1151 πᾶσιν
681 1107 708 1164 ἦ
730 1107 946 1166 λύτρωσις,
982 1110 1048 1151 καὶ
1073 1110 1277 1164 μετοικίαν
1296 1108 1376 1165 ἤδη
1399 1109 1439 1152 οἳ
1457 1110 1619 1162 πλείους

161 1174 435 1231 ἐβουλεύοντο.
488 1174 510 1219 ὃ
528 1178 572 1220 δὲ
586 1178 780 1231 βασιλεὺς
798 1178 1012 1236 πρεσβείαν
1029 1178 1131 1235 πρὸς
1150 1178 1244 1229 τοὺς
1262 1176 1464 1236 ἐθνάρχας
1482 1178 1616 1222 αὐτῶν

107 1255 151 1293 15
162 1245 365 1297 ἕσταλκὼς
378 1246 562 1303 ἐπειρᾶτο
581 1243 637 1296 ὥς
655 1244 741 1289 οἷόν
761 1264 803 1290 τε
823 1253 1076 1305 παρενεγκεῖν
1092 1245 1240 1297 αὐτοὺς
1258 1248 1326 1290 καὶ
1343 1251 1614 1301 καταστειλαι,

158 1313 291 1357 πολλὰ
307 1312 464 1365 τούτοις
480 1314 719 1366 ἀποστείλας
736 1315 922 1372 ἐπαγωγὰ
938 1317 1004 1358 καὶ
1021 1314 1241 1373 θελκτήρια
1251 1329 1262 1340 ·
1290 1316 1518 1373 χαρίσμασι
1536 1316 1616 1374 γὰρ

159 1383 288 1434 ἐνίους
307 1383 441 1426 αὐτῶν
463 1381 604 1440 ἀδροῖς
624 1383 876 1435 ἐδεξιώσατο.
941 1384 1128 1440 μέγιστον
1148 1385 1192 1427 δὲ
1213 1383 1334 1435 ἔθνος
1354 1383 1421 1436 ὅν,
1457 1387 1525 1427 καὶ
1545 1385 1615 1428 διὰ

158 1455 278 1496 τοῦτο
297 1451 400 1510 πρὸς
418 1451 617 1510 πορισμὸν
637 1450 839 1510 ὁσημέρας
855 1451 1188 1510 ἕπιρρηγνύμενον
1196 1484 1210 1505 ,
1225 1453 1282 1496 ’ἓν
1297 1456 1460 1504 πολλοῖς
1474 1454 1615 1512 μέρεσι

157 1518 232 1577 τὴν
265 1521 547 1578 Βουλγαρίαν,
590 1519 670 1576 ἤδη
701 1521 746 1563 δὲ
774 1519 848 1577 τήν
879 1539 920 1564 τε
956 1520 1123 1582 Θρᾴκην
1150 1523 1219 1564 καὶ
1247 1521 1320 1578 τὴν
1348 1523 1613 1566 Μακεδονίαν
1637 1537 1667 1571 Ρ
1690 1540 1758 1575 815

102 1589 387 1644 ξοαννέθλιβε.
453 1589 512 1644 μὴ
538 1589 682 1648 φέρων·
699 1590 743 1632 δὲ
771 1587 792 1631 ὃ
817 1591 1012 1644 βασιλεὺς
1038 1590 1089 1633 τὰ
1119 1588 1311 1646 λεγόμενα
1342 1590 1514 1647 (ἀνέδην
1535 1591 1615 1649 γὰρ

157 1657 271 1716 παρὰ
297 1656 459 1701 πάντων
484 1655 540 1709 ὥς
568 1657 766 1715 φειδωλὸς
782 1660 849 1701 καὶ
868 1660 1056 1716 γλίσχρος
1077 1657 1281 1716 διεσύρετό
1302 1675 1344 1702 τε
1364 1661 1432 1702 καὶ
1451 1659 1616 1714 διεβάλ-

156 1728 274 1783 λετο)
306 1725 427 1780 ἔξεισι
451 1731 524 1783 τῆς
541 1729 775 1783 βασιλίδος,
813 1729 880 1771 καὶ
905 1729 996 1787 περὶ
1023 1727 1095 1772 τὸν
1122 1726 1247 1773 τόπον
1268 1727 1313 1780 ὃς
1335 1727 1615 1788 Χοιροβάκχοι

243 1858 268 1895 2
289 1855 448 1903 εἰσήρισε
468 1857 499 1892 Ρ

151 1972 292 2009 minima
313 1984 396 2022 pars
418 1973 572 2020 ipsorum
594 1972 709 2010 divisa
730 1986 840 2021 usque
862 1975 906 2011 ad
929 1974 1214 2011 Thessalonicam
1237 1977 1274 2011 et
1295 1973 1406 2022 ipsam
1425 1972 1610 2011 Graeciam

149 2019 300 2066 irrupit,
341 2025 377 2055 et
410 2020 516 2055 obvia
546 2021 660 2056 omnia
691 2022 834 2056 vexavit
867 2021 1100 2067 diripuitque,
1143 2021 1280 2056 infinita
1310 2023 1433 2056 abacta
1463 2021 1609 2066 praeda.

150 2066 215 2101 aed
246 2077 322 2101 cum
353 2066 390 2101 in
421 2066 658 2102 vehementem
690 2068 834 2102 hiemem
865 2068 1063 2111 incidisset,
1097 2067 1235 2112 quando
1268 2067 1312 2102 ad
1344 2077 1426 2101 suos
1455 2067 1607 2112 redibat,

151 2123 222 2147 uon
241 2111 350 2147 solum
371 2112 484 2147 aliena
505 2113 570 2148 sed
593 2113 695 2148 etiam
718 2125 782 2148 sua
805 2115 881 2148 fere
904 2114 1016 2149 omnia
1037 2113 1174 2158 amisit,
1198 2119 1235 2148 et
1251 2112 1442 2147 infortunio
1461 2119 1607 2158 accepto

150 2157 190 2193 in
220 2162 335 2193 castra
366 2169 512 2192 reversa
541 2164 607 2193 est.
654 2159 844 2206 imperator
873 2166 988 2194 autem
1021 2160 1066 2194 de
1097 2171 1214 2194 eorum
1237 2158 1454 2194 multitudine
1477 2159 1609 2193 certior

150 2204 267 2238 factus
297 2204 517 2238 cruciabatur
547 2205 660 2239 animo
685 2212 722 2240 et
742 2218 847 2251 aegre
870 2206 1028 2250 ferebat,
1065 2205 1256 2240 exercitum
1279 2210 1393 2239 tamen
1423 2215 1548 2249 cogere
1571 2208 1609 2239 et

149 2249 295 2285 idoneas
330 2250 448 2295 copias
481 2254 603 2285 contra
637 2251 734 2296 ipsos
768 2252 906 2286 mittere
937 2252 1183 2296 cunctabatur,
1217 2263 1258 2286 ac
1291 2250 1409 2295 segnis
1439 2255 1536 2294 erat,
1567 2254 1608 2285 ut

149 2294 291 2342 quidam
313 2295 474 2340 aiebant,
499 2296 692 2341 sumptibus
715 2309 879 2343 parcens:
906 2303 983 2332 erat
1005 2297 1117 2341 enim,
1140 2303 1179 2332 ut
1202 2296 1370 2339 diximus,
1396 2307 1544 2342 avarus,
1570 2299 1608 2331 et

147 2351 320 2377 nummum
343 2340 501 2376 omnibus
523 2343 627 2377 rebus
650 2345 902 2390 anteponebat;
932 2349 971 2378 ut
993 2355 1077 2378 vero
1101 2343 1181 2388 alii,
1207 2343 1298 2389 quod
1321 2353 1388 2376 non
1415 2342 1608 2377 confideret

147 2389 318 2423 adversus
356 2393 472 2422 tantas
510 2388 605 2423 vires
641 2401 744 2435 posse
777 2390 853 2424 acie
886 2390 1087 2424 decertare:
1126 2401 1243 2424 omnes
1279 2388 1369 2423 enim
1403 2389 1608 2422 asserebant

145 2433 425 2469 adversariorum
462 2433 711 2470 multitudinem
750 2435 1073 2481 inexpugnabilem,
1117 2435 1344 2479 omnibusque
1382 2433 1608 2479 impossibilis

146 2479 341 2526 redemptio
374 2481 496 2515 ducum
526 2480 730 2525 videbatur,
766 2487 802 2517 et
831 2483 875 2517 de
908 2481 1116 2526 migratione
1146 2483 1214 2517 iam
1243 2481 1362 2527 plures
1391 2480 1604 2525 cogitabant.

146 2526 337 2572 imperator
370 2531 483 2562 autem
513 2526 627 2561 missis
650 2527 777 2572 legatis
799 2529 843 2563 ad
865 2527 1043 2573 principes
1066 2528 1216 2563 nationis
1239 2527 1418 2570 tentabat,
1455 2525 1486 2560 si
1510 2525 1606 2560 sactu

147 2571 318 2618 possibile
349 2577 462 2616 esset,
497 2572 509 2606 i
535 2584 593 2607 sos
618 2574 791 2609 abducere
815 2579 851 2609 et
873 2573 941 2608 sibi
965 2574 1153 2609 conciliare
1176 2573 1291 2609 multis
1313 2571 1428 2607 missis
1453 2572 1607 2607 muneri-

146 2619 232 2659 bus,
267 2617 393 2663 quibus
414 2618 664 2663 definirentur,
696 2625 802 2665 atque
823 2621 910 2655 adeo
933 2620 1068 2665 aliquos
1092 2633 1135 2655 ex
1158 2620 1244 2666 ipsis
1269 2617 1401 2654 crebris
1425 2617 1606 2652 beneficiis

146 2668 348 2710 exceperat.
394 2665 456 2699 sed
487 2665 582 2700 natio
614 2665 777 2710 maxima,
810 2673 846 2702 et
873 2666 1001 2700 iccirco
1025 2666 1182 2711 quotidie
1207 2664 1434 2711 irruptionem
1456 2664 1603 2708 faciens,

145 2714 186 2745 ut
208 2709 418 2756 stipendium
440 2710 524 2746 illud
549 2711 711 2756 haberet,
735 2713 771 2747 in
793 2712 915 2747 multas
937 2712 1122 2757 Bulgariae
1142 2718 1279 2758 partes,
1303 2710 1370 2745 iam
1387 2710 1499 2756 ipsam
1516 2721 1606 2756 quo-

146 2767 216 2802 que
244 2756 430 2792 Thraciam
461 2763 498 2792 et
525 2757 764 2793 Macedoniam
793 2758 1024 2805 opprimebat.
1072 2771 1141 2793 non
1165 2759 1283 2793 ferens
1308 2765 1422 2791 autem
1445 2756 1605 2791 convicia

143 2803 352 2849 imperator,
386 2803 479 2848 quod
502 2804 546 2838 ab
569 2804 725 2838 omnibus
748 2805 859 2851 palam
881 2809 921 2840 ut
942 2815 1070 2840 avarus
1091 2810 1197 2851 atque
1218 2803 1380 2839 sordidus
1402 2801 1603 2837 incesseba-

144 2854 204 2886 tur
226 2855 264 2886 ct
283 2850 530 2897 accusabatur,
563 2851 663 2897 regia
691 2852 779 2887 urbe
800 2862 964 2899 egressus
986 2851 1031 2889 ad
1051 2850 1164 2888 locum
1186 2850 1248 2899 qui
1270 2848 1514 2886 ehoerobachi
1534 2859 1601 2885 vo-
