1890 3236
295 196 391 243 132
765 193 1004 240 GEORGII
1031 194 1276 243 CEDRENI

293 310 432 355 σπίσαι
450 314 584 352 πᾶσαν
603 306 762 363 ἡλικίαν
782 304 826 348 ἕκ
845 323 887 350 τε
905 308 1175 361 Βαβυλωνίας
1195 309 1263 351 καὶ
1284 298 1474 366 Φοινίκης
1494 312 1562 354 καὶ
1580 313 1746 362 Παλαι-

292 381 428 434 στίνης
466 378 532 419 καὶ
567 376 703 429 κοίλης
731 376 904 431 Συρίας,
950 375 1008 419 ἔτι
1035 376 1080 418 δὲ
1111 378 1179 419 καὶ
1207 380 1282 431 ’τῆς
1307 379 1550 436 πορρωτέρω
1577 379 1748 436 Λιβύης

293 447 575 503 ἀθροίζεσθαι.
641 441 774 486 πάντα
793 443 836 485 δὲ
853 443 924 486 τὸν
941 443 1256 501 στρατευόμενον
1274 446 1347 489 σὺν
1366 447 1475 506 αὐτῷ
1492 445 1746 506 γράφειν-ἐπὶ

242 530 274 566 Ῑ)
296 520 369 570 τῆς
399 514 545 562 οἰκείας
571 510 742 562 ἀσπίδος
764 510 964 569 Ἅμώριον
993 513 1191 564 ἐκέλευσε,
1224 513 1298 568 τὴν
1331 515 1421 557 κατ’
1456 515 1584 559 αὐτοῦ’
1616 514 1747 573 ὁρμὴν

293 579 575 634 αἰνιττόμενος.
614 577 798 635 συνήχθη
814 585 909 636 γοῦν
928 582 1039 639 αὐτῷ
1055 586 1134 632 πᾶς
1153 580 1173 623 ὅ
1191 582 1364 637 στρατὸς
1382 582 1456 626 ἀνὰ
1474 584 1548 639 τὴν
1566 581 1745 641 Ταρσόν.
1756 591 1778 628 5

293 647 448 707 ἐπεξῄει
479 649 523 691 δὲ
555 650 622 691 καὶ
653 646 674 690 ὅ
708 646 909 706 Θεόφιλος
937 650 1040 693 κατὰ
1067 650 1114 693 τὸ
1142 648 1397 706 Δορύλαιον,
1437 657 1560 710 τριῶν
1586 650 1748 710 ἡμερῶν
1772 695 1775 698 ,

291 718 390 762 ὁδὸν
409 718 610 773 Ἀμωριόυ
640 716 802 771 ἀπέχον.
868 721 1027 761 πολλῶν
1054 714 1123 761 οὖν
1151 718 1508 772 συμβουλευόντων
1524 721 1747 775 μετοικίσαι

290 787 361 831 τὸν
394 787 436 829 ἓν
463 785 647 843 Ἀμωρίῳ
681 788 868 828 οἰκοῦντα
899 787 997 830 λαὸν
1029 789 1096 829 καὶ
1123 785 1362 830 ὖπενδοῦναι
1386 793 1434 845 τῇ
1460 788 1613 846 ἂσχέτῳ
1635 792 1748 848 φορᾷ

290 859 372 899 τῶν
401 857 674 911 Σαρακηνῶν,
708 858 827 896 τοῦτο
846 854 919 908 μὲν
937 854 1082 906 ἄδοξον
1104 852 1230 897 ἐδόκει
1249 861 1306 913 τῷ
1329 857 1516 914 Θεοφίλῳ
1537 858 1605 899 καὶ
1623 855 1748 899 ἄναν-

292 926 412 980 δρον,
448 921 570 965 καλὸν
597 922 641 964 δὲ
672 923 739 964 καὶ
768 922 870 978 πρὸς
897 923 1064 981 ἀνδρίαν
1090 923 1230 966 εὔοδον
1248 925 1294 966 τὸ
1315 929 1472 979 μᾶλλον
1492 926 1745 982 ε’ποχυρῶσαι
1758 931 1802 967 10

291 991 392 1035 αὐτὸ
414 992 481 1033 καὶ
503 994 730 1047 στρατηγοῦ
749 991 927 1046 γενναίου
950 994 1147 1035 διασῶσαι
1165 997 1310 1050 βουλῇ.
1378 994 1624 1044 ἐξαπέστειλε
1649 996 1747 1049 γοῦν

284 1061 435 1104 Ἀέτιον
457 1058 527 1102 τὸν
547 1060 756 1115 πατρίκιον
772 1060 838 1101 καὶ
853 1064 933 1101 τῶν
954 1060 1198 1103 ἀνατολικῶν
1228 1059 1473 1117 στρατηγόν,
1508 1061 1606 1112 δοὺς
1635 1061 1747 1120 αὐτῷ

291 1130 361 1172 καὶ
383 1134 501 1184 χεῖρα
532 1126 738 1184 ἀρκοῦσαν
767 1129 822 1177 εἷς
855 1127 1086 1186 ἀποτροπὴν
1113 1133 1192 1171 τῶν
1219 1130 1394 1186 ἐχθρῶν.
1461 1131 1596 1174 ἐδίδου
1617 1130 1747 1173 δὲκαὶ

287 1195 490 1253 ἡγεμόνας
517 1199 593 1238 τοῦ
619 1199 720 1239 λαοῦ
743 1196 838 1246 τοὺς
856 1198 960 1250 μετὰ
977 1196 1112 1254 βραχὺ
1132 1196 1493 1254 μαρτυρήσαντας,
1531 1195 1747 1256 Θεόδωρον

144 1274 174 1309 Ρ
197 1274 267 1312 530
289 1265 361 1308 τὸν
384 1263 596 1321 Κρατερὸν
616 1266 684 1306 καὶ
711 1263 913 1321 Θεόφιλον
941 1267 1009 1308 καὶ
1035 1265 1106 1308 τὸν
1127 1264 1423 1320 Βουβούτζικον
1448 1267 1515 1308 καὶ
1540 1265 1636 1316 τοὺς
1660 1269 1746 1308 λοι-
1757 1271 1801 1307 15

290 1331 413 1385 πούς,
442 1334 587 1382 οἵτινες
615 1332 663 1375 οὗ
691 1331 815 1388 μόνον
844 1338 917 1376 τοῦ
946 1333 1203 1390 πεμφθέντος
1229 1331 1318 1377 τότε
1349 1337 1451 1376 λαοῦ
1469 1333 1573 1376 ἀλλὰ
1593 1334 1748 1389 καὶτῆς

288 1400 497 1460 φάλαγγος
513 1404 594 1442 τῶν
608 1398 681 1456 pff
697 1399 917 1458 μαρτύρων
935 1400 1140 1458 γεγόνασιν
1161 1401 1342 1458 ἀρχηγοί.
1411 1401 1467 1452 ὥς
1485 1403 1530 1444 δὲ
1551 1401 1655 1446 κατὰ
1673 1402 1748 1457 τὴν

291 1469 459 1530 Ταρσὸν
488 1469 629 1525 ἐπέστη
659 1469 763 1524 μετὰ
787 1469 935 1520 παντὸς
953 1474 1026 1513 τοῦ
1045 1474 1147 1512 λαοῦ
1165 1467 1186 1512 ὅ
1206 1475 1286 1512 τῶν
1303 1473 1553 1527 Σαρακηνῶν
1572 1468 1746 1526 ἡγεμών,

287 1535 610 1593 βουλευσάμενος
632 1538 734 1592 μετὰ
757 1541 837 1580 τῶν
860 1537 1060 1581 συνόντων
1083 1538 1193 1596 αὐτῷ
1216 1540 1282 1580 καὶ
1307 1537 1634 1593 μαντευσάμενος
1655 1539 1746 1581 δέον

288 1605 413 1664 ἔκρινε
430 1606 488 1661 μὴ
508 1605 659 1656 εὐθέως
671 1613 817 1663 χωρεῖν
836 1607 937 1663 πρὸς
951 1605 1149 1664 Ἀμῶριον
1158 1639 1172 1659 ‚
1205 1607 1474 1665 ἀποπειρᾶσαι
1493 1607 1538 1650 δὲ
1552 1605 1802 1664 πρότερον20

286 1680 361 1731 τῆς
382 1679 453 1718 τοῦ
475 1676 674 1727 βασιλέως
695 1673 904 1729 δυνάμεως
928 1675 996 1718 διὰ
1019 1679 1091 1718 τοῦ
1113 1675 1203 1718 υἱοῦ
1225 1675 1373 1727 αὐτοῦ,
1407 1676 1530 1733 μέρος
1551 1673 1748 1729 λαβόντος

287 1748 360 1787 τοῦ
379 1746 556 1802 στρατοῦ
563 1775 577 1796 ,
610 1747 729 1787 τοῦτο
746 1742 1029 1800 λογισάμενος,
1064 1742 1120 1795 ὥς
1138 1746 1174 1787 εἴ
1191 1744 1441 1802 περιγένηται
1459 1747 1534 1787 τοῦ
1546 1743 1747 1798 βασιλέως

378 1895 400 1930 1
424 1893 647 1940 Βαβυλῶνος
661 1895 700 1930 vC
870 1897 894 1931 3
916 1894 987 1930 σὺν
1008 1894 1113 1944 αὐτῷ
1137 1908 1191 1931 om
1214 1895 1245 1930 C
1417 1897 1442 1932 4
1464 1893 1604 1936 οἰκείας
1624 1893 1747 1940 χώρας

375 1937 579 1984 ἄμμόριον,
605 1941 731 1976 omisso
755 1938 913 1976 ἐκέλευσε
939 1942 968 1976 C
1094 1943 1117 1977 6
1139 1941 1294 1984 ἐπέξεισι
1317 1941 1347 1976 C
1471 1944 1511 1978 11
1539 1941 1692 1987 βουλαῖς
1714 1942 1745 1976 C

379 1984 451 2034 γὰρ
475 1986 506 2020 C
645 1987 688 2024 15
713 1986 955 2034 βοβούτζικον
978 1988 1010 2022 C
1076 2004 1078 2006 ·
1145 1988 1192 2023 22
1214 1988 1282 2023 τοῦ
1306 1987 1464 2033 στρατοῦ
1489 1999 1544 2023 om
1566 1988 1597 2023 C

286 2131 358 2167 que
392 2120 496 2155 etiam
524 2119 647 2157 Africa
679 2123 800 2168 copias
831 2123 1017 2167 conduxit,
1056 2122 1223 2158 militibus
1255 2123 1413 2157 mandato
1436 2125 1477 2157 ut
1498 2122 1615 2168 quivis
1645 2125 1744 2158 scuto

284 2179 350 2202 suo
392 2166 569 2202 Amorium
610 2168 832 2203 inscriberet.
880 2181 948 2214 quo
988 2170 1156 2204 innuebat
1186 2181 1225 2203 se
1255 2168 1430 2203 Amor-ium
1464 2169 1609 2214 aggredi
1639 2169 1744 2203 velle.

285 2212 379 2258 apud
402 2213 551 2247 Tarsum
575 2225 692 2249 omnes
717 2215 790 2249 eius
814 2215 936 2260 copiae
959 2219 1209 2249 convenerunt.
1257 2214 1475 2259 Theophilus
1511 2225 1649 2260 quoque
1681 2226 1744 2249 ex-

285 2258 473 2304 peditione
498 2259 592 2294 facta
626 2261 670 2295 ad
701 2260 911 2306 Dorylaeum
942 2261 1123 2307 pervenit,
1159 2260 1251 2305 quod
1283 2260 1392 2294 tridui
1420 2260 1548 2294 itinere
1576 2262 1677 2295 abest
1700 2261 1744 2295 ab

286 2304 440 2339 Amorio.
487 2305 587 2340 fuere
625 2310 696 2341 tum
733 2307 830 2341 multi
859 2307 919 2352 qui
952 2308 1138 2341 suaderent
1167 2305 1370 2350 imperatori
1401 2310 1440 2341 ut
1474 2306 1746 2340 Saracenorum

287 2349 410 2384 maiori
445 2361 547 2395 quam
581 2363 670 2396 quae
691 2351 844 2387 inhiberi
866 2352 978 2398 possit
1004 2353 1038 2387 vi
1060 2353 1232 2387 ruentium
1254 2352 1417 2397 impetum
1441 2351 1651 2395 declinaret,
1687 2351 1745 2386 in·

286 2394 450 2439 colasque
482 2398 615 2432 Amorii
645 2398 712 2432 alio
745 2399 966 2433 transferret.
1020 2399 1082 2433 sed
1105 2398 1142 2432 id
1163 2398 1292 2432 infame
1317 2410 1358 2433 ac
1382 2409 1501 2443 parum
1523 2397 1627 2432 virile
1650 2402 1748 2433 ratus

285 2440 504 2485 Theophilus
517 2469 527 2487 ,
557 2443 841 2490 praeclarumque
863 2457 905 2480 ac
927 2445 1019 2479 forte
1043 2449 1200 2479 statuens
1222 2445 1342 2478 urbem
1365 2443 1574 2478 communire
1594 2448 1632 2478 et
1655 2448 1748 2478 stre-

285 2486 347 2520 nui
379 2486 476 2520 ducis
509 2489 652 2524 consilio
687 2502 850 2535 servare,
884 2491 1022 2526 Aetium
1054 2490 1239 2535 patricium
1273 2489 1504 2524 Orientalium
1526 2489 1647 2523 ducem
1671 2499 1747 2523 cum

285 2543 389 2566 manu
412 2533 456 2566 ad
478 2535 716 2580 profligandos
738 2536 856 2571 hostes
877 2536 1003 2571 idonea
1025 2549 1067 2570 eo
1090 2535 1209 2572 mittit.
1256 2535 1467 2570 multitudini
1485 2545 1624 2579 quoque
1643 2544 1747 2578 prae-

284 2577 362 2611 ficit
385 2589 444 2611 eos
468 2579 529 2622 qui
556 2581 654 2624 paulo
677 2587 758 2627 post
775 2587 947 2627 martyres
963 2582 1048 2617 facti
1063 2587 1164 2626 sunt,
1188 2581 1411 2616 Theodorum
1427 2581 1609 2614 Craterum
1625 2579 1746 2614 Theo-

283 2622 414 2669 philum
437 2624 664 2661 Bubutzicum
689 2633 725 2662 et
747 2628 920 2673 reliquos,
945 2628 1006 2674 qui
1028 2640 1097 2663 non
1120 2628 1219 2662 modo
1243 2632 1325 2661 tunc
1347 2625 1444 2660 missi
1465 2625 1659 2668 exercitus,
1684 2625 1747 2661 sed

283 2674 321 2703 et
356 2668 508 2703 cohortis
541 2673 771 2719 quadraginta
795 2675 938 2708 duorum
961 2679 1150 2718 martyrum
1174 2674 1314 2707 fuerunt
1335 2671 1526 2717 principes.
1574 2671 1743 2705 Sarrace-

284 2725 405 2749 norum
440 2726 524 2749 vero
557 2717 720 2765 princeps
755 2725 936 2765 postquam
966 2720 1114 2754 Tarsum
1139 2723 1215 2754 toto
1239 2729 1313 2753 cum
1338 2717 1492 2751 exercitu
1515 2716 1632 2759 venit,
1666 2727 1742 2752 cum

283 2760 358 2795 suis
380 2761 464 2805 quid
486 2761 579 2796 facto
598 2773 679 2798 usus
700 2764 748 2799 sit
768 2765 950 2809 deliberat,
973 2765 1178 2810 divinatque
1199 2776 1267 2798 non
1289 2767 1386 2798 recta
1406 2762 1450 2796 ad
1468 2762 1644 2796 Amorium
1663 2773 1743 2796 esse

282 2806 516 2887 Kergendum,
549 2807 612 2842 sed
645 2809 846 2844 mittendum
878 2823 954 2845 cum
986 2816 1086 2856 parte
1111 2811 1284 2845 exercitus
1306 2809 1433 2850 filium,
1469 2807 1529 2853 qui
1553 2807 1742 2843 exercitum

317 2863 473 2888 ornanum
496 2857 623 2891 tentet.
664 2854 720 2891 nic
743 2856 833 2892 enim
856 2857 1148 2902 ratiocinabatur,
1170 2855 1202 2892 si
1224 2855 1363 2902 quidem
1384 2853 1476 2889 filius
1496 2854 1741 2900 imperatorem
