1890 3236
299 195 399 242 290
775 192 1016 262 chaGu
1043 192 1287 237 GEDRENI

300 309 473 364 δουλικῷ
499 304 576 362 γὰρ
608 305 650 347 ἓν
677 302 852 360 σχήματι
878 302 1214 361 προσυπαντήσας
1239 302 1262 346 ὃ
1284 302 1491 358 Ῥωμανός
1513 305 1647 364 αῧαὶἵ,
1679 307 1750 350 καὶ

299 372 525 431 προθύμως
558 371 736 427 ποιήσειν
774 373 820 415 τὸ
863 373 1077 415 κελευσθὲν
1110 371 1468 429 ἐπαγγελλόμενος,
1519 373 1748 431 ἦρίμαῖκαὶ

300 443 404 485 κατὰ
427 440 571 497 μικρὸν
596 434 688 496 ἦγεν
709 440 832 483 αὐτὸν
853 443 908 491 εἷς
928 441 1001 495 τὴν
1023 441 1199 498 ἐνέδραν.
1265 440 1391 495 μηδὲν
1412 440 1456 482 δὲ
1473 439 1748 485 {mutuum

298 514 379 553 τῶν
395 507 675 563 μελετωμένων
693 513 766 551 τοῦ
784 509 1143 565 παρακοιμωμένου
1161 509 1426 563 δυνηθέντος,
1467 508 1564 550 ἀλλ’
1588 507 1749 560 ἀκάκως

299 579 366 620 καὶ
385 578 512 634 χωρὶς
529 574 720 626 ὑπονοίας
740 578 1034 633 διαλεγομένου,
1077 578 1144 619 καὶ
1159 580 1314 631 μᾶλλον
1333 575 1493 632 ἔγγιστα
1513 574 1781 634 nomadum-5

300 645 448 696 αὐτοῦ,
482 646 550 686 καὶ
575 645 806 699 πυθομένου
829 647 863 687 εἰ
885 644 964 700 ἔχει
993 644 1146 701 ἄνδρας
1171 643 1332 696 εὐειδεῖς
1357 645 1433 687 καὶ.
1451 645 1768 700 γενναίους-καὶ

298 713 372 767 τὴν
400 712 614 767 βασιλικὴν
643 713 810 770 ἐρέττειν
835 714 1079 768 ἐπιτηδείους
1101 711 1266 770 τριήρη,
1313 716 1387 755 τοῦ
1412 712 1457 755 δὲ
1475 714 1542 755 καὶ
1560 712 1750 767 ἔχεινκαὶ

301 781 417 837 ἔγγὺς
436 787 621 838 παρεῖναι
638 778 805 832 τοί-τους
825 780 1028 838 εἰρηκότος
1037 813 1051 834 ,
1085 782 1153 824 καὶ
1171 785 1223 838 τῇ
1241 785 1398 838 κεφαλῇ
1414 778 1627 831 νεύσαντος
1640 778 1749 835 ἥκειν

216 897 222 904 X
247 862 279 898 c
302 849 414 900 τινὰς
430 850 598 904 πλησίον
613 854 692 892 τῶν
707 849 993 906 εὖειδεστέρων,
1028 848 1050 891 ὃ
1067 851 1369 899 Κωνσταντΐνος
1386 847 1640 903 θεασάμενος
1652 847 1750 893 τοῦ-

298 935 394 968 τους
423 918 490 959 καὶ
515 915 621 970 τάχα
650 916 946 972 ἀποδεξάμενος
967 918 1149 975 ἀπαίρειν
1168 918 1361 973 ἠπείγετο.
1427 916 1449 966 ὁ
1477 918 1521 960 δὲ
1544 915 1750 972 Ῥωμανὸς
1761 925 1804 961 10

297 985 459 1041 ἕγγιστα
485 983 629 1028 τούτου
658 991 899 1042 περιπατῶν,
950 984 1006 1036 ὥς
1035 987 1203 1041 πλησίον
1229 986 1405 1042 ἐγένοντο
1436 989 1488 1042 τῇ
1517 987 1752 1043 στρατηγίδι

298 1052 474 1110 τριήρει,
519 1054 732 1107 κατασχὼν
764 1055 834 1097 τὸν
861 1054 1186 1106 Κωνσταντῖνον,
1233 1055 1299 1096 καὶ
1325 1054 1453 1109 μηδὲν
1481 1054 1601 1096 πλέον
1629 1053 1751 1098 dudm

298 1122 391 1164 ἀλλ’
424 1121 450 1177 ἢ
479 1119 602 1175 μόνον
630 1120 787 1179 ιἝίρατε
818 1122 1009 1175 τοῦτον,”
1046 1122 1168 1173 αὐτὸς
1193 1122 1267 1175 μὲν
1294 1121 1402 1176 ἕστη,
1438 1121 1477 1163 οἳ
1505 1122 1550 1164 δὲ
1571 1121 1674 1180 πρὸς
1701 1121 1748 1165 τὸ

297 1189 414 1247 ἔργον
445 1189 555 1240 ὄντες
584 1190 887 1247 ηὗτρεπισμένοι
917 1188 1128 1246 εἰσήγαγον
1164 1193 1220 1240 εἷς
1250 1190 1324 1245 τὴν
1350 1190 1578 1246 ναυαρχίδα
1609 1191 1678 1232 καὶ
1707 1191 1749 1233 ἐν

297 1259 500 1317 ἀσφαλείᾳ
525 1265 721 1312 κατεῖχον,
767 1259 939 1313 μηδενὸς
965 1260 1165 1313 ἐπαμῦναι
1192 1262 1335 1301 τοῦτον
1363 1257 1640 1312 τολμήσαντος
1668 1263 1748 1302 τῶν
1760 1265 1803 1302 15

296 1327 572 1380 συνεπομένων
591 1327 701 1384 αὐτῷ
712 1359 724 1378 ,
761 1327 865 1369 ἀλλὰ
889 1326 1048 1370 πάντων
1067 1327 1296 1384 παραυτίκα
1317 1326 1630 1382 διασπαρέντων.
1656 1331 1751 1382 -“-τῆς

297 1394 438 1453 φήμης
453 1389 524 1436 οὖν
545 1396 783 1451 ἐξαρθείσης
800 1395 957 1452 ταραχὴ
979 1396 1142 1450 κατέσχε
1162 1400 1296 1437 πᾶσαν
1313 1395 1386 1449 τὴν
1403 1392 1532 1446 πόλιν,
1564 1395 1751 1452 τυραννί-

299 1465 369 1513 δος
398 1461 454 1512 ὥς
482 1462 586 1512 ε’ῖκὸς
614 1464 794 1506 ἐπίθεσιν
825 1465 1100 1519 λογισαμένην.
1168 1461 1410 1520 φθάσαντος
1437 1456 1509 1505 οὖν
1536 1467 1609 1505 τοῦ
1629 1461 1750 1518 λόγου

247 1549 280 1584 1)
305 1533 369 1574 καὶ
390 1531 507 1586 μέχρι
527 1534 598 1585 τῆς
616 1532 826 1585 βασιλίδος
844 1535 988 1587 Ζωῆς,
1023 1534 1080 1582 εἷς
1096 1531 1322 1587 ἀμηχανίαν
1343 1532 1411 1573 καὶ
1432 1531 1470 1573 οἱ
1490 1532 1533 1573 ἓν
1549 1531 1650 1574 τέλει
1666 1530 1751 1574 ἐνέ-

298 1615 454 1641 πιπτον.
523 1604 807 1654 προσκαλεῖται
828 1605 923 1655 γοῦν
950 1598 975 1655 ἦ
1002 1602 1163 1654 βασιλὶς
1191 1599 1260 1642 τὸν
1277 1597 1526 1656 πατριάρχην
1544 1597 1807 1642 ΝικόλαονΞΟ

297 1669 364 1709 καὶ
383 1667 477 1716 τοὺς
496 1671 570 1721 τῆς
591 1667 814 1722 συγκλήτου
835 1666 1032 1724 λογάδας·
1077 1668 1425 1723 κοινολογισαμένη
1447 1667 1490 1708 δὲ
1503 1666 1595 1720 μετ’
1616 1666 1750 1710 αὐτῶν

297 1736 484 1788 ἐκπέμπει
510 1734 612 1791 πρὸς
635 1734 853 1789 Ῥωμανόν,
893 1736 967 1792 τὴν
992 1738 1123 1779 αἰτίαν
1147 1740 1218 1779 τοῦ
1245 1733 1450 1792 γεγονότος
1476 1738 1628 1788 μαθεῖν
1655 1736 1751 1778 ἐθέ-

297 1807 438 1846 λουσα.
481 1807 562 1845 τῶν
580 1804 623 1845 δὲ
643 1805 911 1861 πεμφθέντων
931 1805 1148 1862 γενομένων
1168 1803 1270 1847 ἔνθα
1286 1802 1555 1862 προσώρμουν
1574 1802 1619 1846 αἱ
1635 1801 1751 1861 τριή-

388 1924 413 1959 8
436 1920 476 1957 δὲ
501 1933 556 1956 om
578 1922 608 1956 C
745 1924 768 1958 6
788 1919 1077 1967 πυνθανομένου
1100 1922 1131 1957 C
1268 1923 1311 1958 11
1335 1921 1383 1967 τῇ
1406 1921 1619 1968 στρατηγίδι
1641 1933 1696 1957 om
1719 1922 1750 1956 C

388 1969 435 2050 {t}
457 1965 729 2050 {igtggnguffvot
761 1970 791 2004 C
975 1970 1017 2005 16
1050 1966 1326 2013 διεσπαρμένων
1349 1968 1379 2003 C
1559 1969 1606 2004 20
1628 1962 1698 2003 οὖν
1720 1968 1752 2003 C

297 2115 459 2152 insidias.
506 2115 634 2151 etenim
663 2115 784 2151 servili
812 2116 924 2150 forma
953 2115 988 2151 ei
1017 2127 1202 2151 occurrens
1222 2116 1416 2160 Romanus,
1454 2118 1491 2150 et
1520 2115 1681 2151 mandata
1712 2127 1753 2151 se

297 2163 456 2199 studiose
471 2168 709 2197 exsecuturum
727 2162 943 2207 promittens,
968 2162 1132 2207 paulatim
1148 2162 1185 2196 in
1200 2172 1316 2196 casses
1331 2161 1515 2206 pertrahit,
1541 2161 1628 2196 nibil
1650 2172 1753 2207 pror-

298 2219 357 2243 sus
380 2219 498 2243 eorum
520 2219 611 2253 quae
632 2209 843 2253 parabantur
866 2207 1038 2242 coniicere
1063 2207 1258 2252 valentem,
1295 2208 1356 2242 sed
1380 2206 1540 2242 similiter
1561 2212 1599 2242 et
1621 2208 1756 2252 absque

297 2253 368 2289 ulla
390 2253 590 2298 suspicione
613 2253 874 2299 colloquentem,
898 2254 1112 2300 propiusque
1133 2253 1280 2288 subinde
1299 2253 1540 2297 accedentem,
1563 2264 1605 2288 ac
1625 2263 1756 2297 rogan-

298 2303 369 2334 tem
391 2300 534 2334 virosne
555 2299 703 2334 haberet
748 2299 884 2334 ulchros
907 2311 948 2334 ac
970 2300 1092 2344 sortes,
1117 2305 1218 2346 aptos
1242 2299 1286 2334 ad
1308 2298 1565 2344 imperatoriam
1580 2299 1755 2340 triremem

298 2346 480 2390 agendam.
515 2346 703 2391 respondet
760 2356 900 2380 omanus
926 2357 987 2380 eos
1011 2350 1150 2391 praesto
1174 2356 1264 2390 csse,
1290 2350 1327 2379 et
1348 2345 1588 2379 formosiorum
1609 2344 1756 2390 quibus-

299 2391 377 2425 dam
411 2391 525 2426 innuit
557 2397 596 2426 ut
621 2392 803 2429 accedant.
850 2402 937 2436 quos
966 2390 1214 2436 contemplatus
1246 2396 1283 2425 et
1310 2391 1463 2435 probans
1495 2389 1756 2434 Constantinus,

299 2442 377 2471 cum
401 2437 491 2471 solvi
512 2448 618 2471 naves
641 2438 798 2482 iuberet,
824 2438 1000 2472 Romanus
1022 2436 1121 2472 iuxta
1142 2435 1376 2481 obambulans,
1410 2442 1450 2470 ut
1471 2436 1627 2482 proxime
1649 2446 1754 2481 prae-

300 2482 426 2516 toriam
449 2482 563 2517 navim
585 2490 724 2517 ventum
744 2489 810 2528 est,
835 2483 872 2517 id
894 2483 993 2517 modo
1017 2483 1111 2516 fatus
1132 2477 1307 2527 “abripite
1322 2479 1434 2515 hunc”
1456 2481 1628 2516 subsistit.
1675 2480 1756 2525 qui-

301 2527 366 2560 bus
389 2539 473 2561 vero
506 2528 680 2572 negotium
706 2528 823 2563 datum
845 2534 942 2573 erat,
977 2527 1004 2562 ii
1027 2528 1291 2562 Constantinum
1313 2527 1431 2561 statim
1453 2526 1490 2561 in
1513 2526 1627 2561 navim
1650 2536 1756 2570 prae-

300 2572 426 2606 toriam
447 2573 631 2619 abducunt,
652 2574 774 2620 ibique
792 2574 828 2609 in
851 2574 1011 2609 custodia
1033 2579 1227 2618 asservant,
1252 2572 1389 2607 nemine
1410 2571 1570 2606 comitum
1592 2582 1668 2606 eum
1691 2573 1756 2607 de-

299 2616 446 2652 fendere
468 2629 565 2664 auso,
602 2619 664 2654 sed
685 2620 843 2655 omnibus
869 2619 1042 2664 extemplo
1066 2618 1222 2664 dilapsis.
1270 2618 1371 2652 huius
1399 2617 1566 2659 facinoris
1598 2618 1690 2652 fama
1717 2616 1756 2652 in

301 2664 420 2697 urbem
444 2663 547 2699 allata
569 2666 700 2701 animos
723 2666 897 2701 hominum
919 2665 1160 2708 conturbavit,
1183 2664 1402 2709 tyrannidem
1428 2664 1472 2698 ab
1495 2663 1613 2708 aliquo
1635 2662 1758 2698 invadi

301 2709 516 2754 putantium3
549 2721 693 2756 cumque
715 2712 760 2746 ad
781 2712 879 2746 Zoen
902 2723 1012 2757 usque
1035 2710 1273 2756 pervenisset,
1297 2710 1501 2754 proceribus
1522 2719 1662 2754 quoque
1682 2720 1756 2743 ma·

299 2765 401 2798 gnam
424 2754 677 2791 solicitudinem
700 2756 835 2792 iniecit.
880 2757 955 2792 Zoe
970 2756 1151 2791 Nicolaum
1173 2754 1406 2802 patriarcham
1430 2760 1467 2789 et-
1488 2759 1668 2789 senatores
1691 2754 1754 2789 de-

298 2798 408 2834 lectos
438 2800 482 2836 ad
511 2812 551 2835 se
579 2807 702 2846 vocat,
735 2814 844 2849 reque
866 2814 942 2837 cum
965 2803 1009 2838 iis
1030 2802 1224 2838 deliberata
1246 2801 1289 2836 ad
1313 2801 1503 2836 Romanum
1527 2799 1654 2845 mittit,
1693 2799 1754 2846 qui

297 2855 436 2881 causam
458 2846 546 2881 facti
568 2848 764 2893 exquirant.
813 2860 887 2894 eos,
913 2859 988 2885 cum
1011 2849 1056 2885 ad
1078 2848 1218 2884 navium
1239 2846 1424 2883 stationem
1447 2845 1627 2882 venissent
1649 2850 1686 2882 et
1707 2845 1754 2881 do
