1890 3236
271 189 370 238 276
742 183 980 231 ,GEORGu
1012 183 1254 228 GEDREM

271 304 492 360 παίστορας
513 299 623 356 αὐτῷ
640 297 759 349 ὄντας
775 298 853 355 πρὸ
872 301 944 353 τῆς
961 297 1169 352 βασιλείας
1185 298 1251 340 καὶ
1268 300 1350 341 τῶν
1368 294 1603 343 ἀκολάστων
1616 295 1723 357 πρά·-

272 377 372 424 ξεων
390 367 601 417 κοινωνοὺς
615 368 684 410 καὶ
702 365 970 423 θεράποντας,
999 366 1198 417 πλείστοις
1213 383 1254 409 τε
1272 363 1452 422 χρήμασι
1468 364 1725 423 meminique

273 442 339 483 καὶ
362 441 417 488 εἷς
438 433 741 493 πατρικιότητος
758 434 880 490 τιμὴν
901 433 1150 489 ἀνεβίβασεν.
1217 433 1404 488 ἐβούλετο
1422 434 1484 486 δ’,
1513 432 1570 485 ὥς
1584 442 1723 492 φασιν,

271 509 306 550 εἲ
327 507 384 560 μὴ
406 505 503 555 θεὸς
521 503 683 558 ἐπέσχε,
716 503 786 546 τὸν
805 504 1046 558 Βασιλίτζην
1067 505 1123 554 εἷς
1143 502 1212 545 τὸν
1232 503 1438 556 βασίλειον
1455 501 1607 559 θρόνον
1624 501 1726 549 ἄνυε

273 580 408 632 γαγεῖν
437 574 504 616 καὶ
532 573 838 615 Κωνσταντῒνον
859 571 1083 627 εὐνουχίσαι
1105 570 1176 614 τὸν
1195 573 1339 614 οἰκεῖον
1359 569 1540 626 ἀνεψιόν.
1605 569 1759 618 &enulfi

133 650 162 684 P
186 650 253 686 608
276 644 424 699 ἐγένετο
458 639 530 692 ἄν,
565 642 601 683 εἲ
628 640 687 695 μὴ
718 640 818 691 θεὸς
841 640 915 695 μέν
939 638 1155 698 πρότερον,
1189 638 1245 690 ὥς
1269 639 1451 697 εἴρηται,
1478 636 1729 691 διεκώλυσεν,
1773 663 1776 667 <

275 710 406 754 ἔπειθ’
439 710 478 752 οἱ
511 708 613 766 πρὸς
637 708 804 751 Λέοντα
830 708 899 752 τὸν
932 713 1006 752 τοῦ
1037 708 1182 758 παιδὸς
1209 708 1363 764 πατέρα
1393 705 1732 766 διαφυλάττοντες

275 779 455 830 εὔνοιαν,
489 778 585 820 ποτὲ
611 777 685 832 μὲν
715 778 893 833 λέγοντες
921 775 977 828 ὡς
1004 776 1146 833 νήπιός
1173 778 1259 820 ἐστι
1280 778 1376 819 ποτὲ
1397 777 1444 819 δὲ
1462 774 1518 827 ὥς
1540 773 1731 832 ἀσθενής,

274 849 342 892 καὶ
378 845 484 890 οὕτω
522 845 628 890 κατὰ
660 846 807 902 μικρὸν
840 844 1240 900 ἀποβουκολήσαντες
1273 845 1342 888 τὸν
1370 845 1631 902 Ἀλέξανδρον
1660 843 1732 889 τὸν

275 917 403 960 παῖδα
429 911 654 965 «ἰσώσαντο,
689 919 763 958 τοῦ
789 912 973 957 θανάτου
994 912 1296 968 καταλαβόντος
1315 915 1474 956 ἐκεῖνον.
1541 914 1609 957 ἐπὶ
1633 910 1731 956 τού·-
1742 917 1788 953 1⁰

275 1002 347 1028 του
369 980 685 1038 βασιλεύσαντος
705 981 836 1041 ἐφάνη
859 980 1037 1038 κομήτης
1059 984 1103 1025 ἐκ
1122 981 1294 1034 δύσεως,
1321 981 1366 1025 ὃν
1386 982 1525 1038 ’ξιφίαν
1542 984 1734 1026 καλοῦσιν

277 1054 315 1096 οἱ
334 1055 423 1109 περὶ
443 1055 572 1094 ταῦτα
591 1052 724 1094 δεινοί.
790 1056 933 1095 τοῦτον
954 1052 998 1095 δὲ
1016 1051 1150 1108 ἔλεγον
1173 1050 1355 1106 αἱμάτων
1368 1049 1488 1106 χύσιν
1503 1050 1735 1109 προσημαί-

276 1139 356 1165 νειν
377 1123 419 1164 ἐν
436 1124 487 1177 τῇ
503 1121 700 1174 βασιλίδι.

407 1211 458 1254 Ὅ
487 1211 532 1254 δὲ
560 1209 754 1266 βασιλεὺς
783 1206 949 1262 πλάνοις
971 1210 1038 1253 καὶ
1060 1206 1198 1266 γόησιν
1218 1207 1450 1259 ἐκδεδωκὼς
1469 1205 1634 1262 ἔαὺτόν,
1667 1208 1736 1253 καὶ

278 1278 583 1334 πυνθανόμενος
611 1281 700 1336 περὶ
727 1282 799 1335 τῆς
825 1277 972 1322 ἑαυτοῦ
995 1280 1202 1333 βασιλείας
1225 1280 1260 1321 εἲ
1279 1275 1571 1335 μακροχρόνιος
1592 1273 1737 1330 tabiae,
1750 1283 1792 1319 15

228 1354 260 1390 B
282 1348 499 1404 ὑπέσχοντο
533 1347 760 1405 μακρόβιον
791 1347 913 1391 αὐτὸν
941 1346 1132 1399 ἔσεσθαι,
1167 1348 1203 1389 εἷ
1220 1344 1241 1389 ὅ
1262 1346 1303 1389 ἓν
1319 1350 1378 1404 τῷ
1396 1342 1544 1406 ἱππικῷ
1563 1343 1714 1401 ἓστηκιῖ
1720 1363 1740 1396 ς

279 1416 458 1475 σύαγρος
499 1414 520 1459 ὅ
559 1419 760 1472 χαλκοῦς,
801 1417 937 1458 αἰδοῖα
968 1418 1035 1458 καὶ
1061 1414 1232 1466 ὀδόντας
1256 1414 1315 1471 μὴ
1347 1413 1469 1470 ἔχων,
1510 1411 1741 1472 προσλάβοι

281 1486 382 1540 παρ’
434 1485 574 1528 αὐτοῦ.
652 1490 848 1539 στοιχεῖον
885 1484 963 1542 γὰρ
1005 1483 1133 1527 αὐτοῦ
1172 1487 1316 1526 τοῦτον
1354 1480 1455 1526 εἶναι
1494 1476 1740 1542 προφανῶς·

281 1555 434 1597 Λέοντι
462 1554 539 1610 γὰρ
573 1550 834 1608 ἀντιμᾶχεται
861 1557 920 1611 τῷ
951 1552 1098 1605 αὗτοῦ,
1134 1553 1281 1610 φασίν,
1314 1550 1495 1611 ἀδελφῷ.
1563 1549 1625 1603 οἷς
1653 1567 1742 1594 πει-

282 1625 400 1673 σθεὶς
429 1620 451 1664 ὅ
480 1628 568 1672 ταΐς
599 1622 811 1677 ἀληθείαις
837 1619 1046 1678 χοιρόβιος
1076 1620 1129 1663 τὰ
1164 1621 1349 1663 λείποντα
1382 1620 1486 1678 με’ρη
1521 1622 1580 1679 τῷ
1610 1620 1739 1678 χοίρῳ
1750 1617 1796 1666 20

282 1691 593 1749 προσανενέωσε.
661 1695 713 1747 τῇ
739 1688 904 1747 τοιαύτῃ
936 1685 1008 1733 οὖν
1035 1688 1223 1744 ἐχόμενος
1252 1687 1441 1748 ἀπονοίᾳ,
1477 1687 1637 1732 ἱππικὸν
1662 1699 1744 1732 ’πε-

283 1757 480 1814 ποιηκώς,
505 1759 601 1808 τοὺς
623 1758 754 1816 ἱεροὺς
774 1762 854 1801 τῶν
874 1760 1092 1813 ἐκκλησιῶν
1117 1758 1290 1808 πέπλους
1309 1758 1377 1800 καὶ
1397 1756 1493 1807 τοῦς
1511 1757 1650 1808 θείους
1671 1753 1744 1799 λῦ-

280 1845 404 1883 χνους
442 1829 511 1870 καὶ
548 1827 644 1878 τοὺς
673 1831 916 1885 λαμπτῆρας
945 1827 1164 1882 ἀναλαβὼν
1190 1825 1236 1869 τὸ
1269 1824 1428 1868 ἱππικὸν
1456 1823 1745 1882 κατεκόσμησε,

377 1968 401 2004 8
423 1964 477 2009 αἷς
498 1970 580 2015 post
600 1963 641 2003 δὲ
665 1977 719 2003 om
741 1966 774 2002 C
911 1968 956 2004 10
977 1964 1158 2003 διέσωσαν
1180 1967 1212 2003 C
1345 1967 1393 2003 20
1412 1965 1574 2013 χοίρινος
1594 1966 1628 2002 0

286 2090 468 2126 libidinum
497 2090 666 2126 ministris
696 2093 733 2126 et
764 2089 869 2126 sociis
892 2101 974 2126 usus
996 2092 1132 2136 fuerat,
1166 2091 1338 2138 pecuniae
1362 2091 1481 2127 effusis
1503 2089 1748 2137 largitionibus

289 2139 419 2172 ditatos
443 2136 486 2171 ad
510 2137 689 2183 patriciam
712 2136 915 2182 dignitatem
938 2138 1075 2172 extulit.
1122 2139 1235 2173 fertur
1263 2138 1374 2175 animo
1407 2137 1560 2182 agitasse
1583 2142 1622 2173 ut
1645 2136 1749 2183 Basi—

288 2184 407 2218 litzam
429 2183 499 2217 sibi
521 2193 755 2218 successorem
777 2183 929 2226 faceret,
952 2194 994 2218 ac
1011 2184 1275 2219 Constantinum
1290 2183 1420 2218 Leonis
1437 2183 1559 2219 fratris
1573 2183 1628 2218 sui
1642 2182 1750 2219 filium

290 2233 480 2264 castraret.‘
525 2233 630 2274 atque
661 2228 699 2262 id
728 2229 957 2274 perfecisset,
990 2229 1058 2264 nisi
1087 2230 1173 2265 deus
1203 2229 1392 2276 praecipue
1421 2229 1680 2275 impedivisset,
1713 2231 1751 2274 et

289 2274 510 2310 obstitissent
532 2275 558 2309 ii
582 2274 643 2320 qui
666 2274 777 2309 Leoni
801 2275 905 2310 fidem
930 2276 1139 2320 servabant,
1173 2275 1438 2310 Constantinum
1471 2276 1571 2311 modo
1605 2285 1751 2322 puerum

290 2321 403 2356 adhuc
435 2320 537 2354 modo
570 2319 742 2355 infirmum
772 2320 951 2366 dicentes,
984 2322 1104 2367 itaque
1136 2321 1302 2368 paulatim
1331 2321 1491 2356 lactando
1519 2320 1752 2356 Alexandrum

290 2366 490 2408 trahentes,
520 2366 632 2400 donec
655 2378 746 2401 mors
773 2367 918 2402 consilia
942 2367 1016 2402 eius
1040 2367 1240 2414 intercepit.
1285 2367 1351 2402 boc
1381 2367 1574 2414 imperante
1605 2370 1752 2411 cometa,

291 2412 354 2458 qui
387 2424 409 2447 a
439 2411 547 2457 gladii
576 2411 801 2448 similitudine
823 2413 974 2459 Xiphias
997 2413 1125 2448 dicitur
1147 2425 1189 2448 ac
1209 2413 1389 2460 sanguinis
1412 2412 1583 2449 fusionem
1603 2411 1642 2448 iu
1665 2408 1753 2448 urbe

292 2458 504 2504 portendere
526 2459 655 2503 fertur,
679 2460 723 2493 ab
746 2459 941 2495 Occidente
962 2460 1138 2506 apparuit.

386 2525 549 2560 Ceterum
572 2526 769 2562 Alexander
794 2539 870 2562 cum
891 2539 931 2562 se
954 2527 1200 2573 impostoribus
1223 2539 1266 2562 ac
1286 2525 1612 2573 praestigiatoribue
1633 2524 1754 2560 dedis-

295 2573 370 2615 set,
407 2583 450 2606 ex
483 2571 598 2617 iisque
627 2573 866 2608 sciscitaretur
887 2585 932 2608 an
955 2574 1024 2609 sibi
1047 2574 1244 2608 diuturnum
1268 2578 1362 2608 esset
1381 2574 1532 2607 futurum
1559 2571 1753 2616 imperiuffi,

294 2617 333 2653 id
365 2618 524 2662 responsi
554 2618 634 2653 tulit
663 2619 723 2654 diu
753 2620 946 2664 victurum,
980 2620 1012 2654 si
1042 2631 1127 2664 apro
1151 2630 1260 2654 aeneo
1283 2619 1345 2664 qui
1368 2619 1405 2653 in
1428 2618 1533 2652 Circo
1558 2621 1655 2662 erat,
1686 2628 1753 2663 pu-

294 2663 410 2698 denda
434 2668 470 2697 et
493 2663 615 2698 dentes
645 2665 748 2707 (nam
771 2665 858 2699 haec
879 2665 1051 2708 deerant)
1079 2665 1236 2699 adderet.
1284 2675 1360 2698 eum
1387 2663 1477 2698 enim
1501 2674 1580 2698 esse
1601 2663 1754 2698 elemen-

294 2712 366 2743 tum
399 2708 587 2743 Alexandri
616 2710 708 2744 haud
739 2711 862 2755 dubie,
899 2711 1126 2757 repugnantis
1155 2710 1259 2752 fratri
1281 2710 1356 2744 eius
1378 2708 1504 2744 Leoni.
1552 2719 1753 2755 persuasum

295 2758 351 2788 est
374 2753 441 2788 hoc
464 2754 594 2788 homini
616 2766 700 2790 vere
723 2757 902 2801 porcinam
924 2758 1031 2792 vitam
1053 2755 1215 2801 degenti,
1253 2760 1290 2790 et
1349 2759 1442 2789 artes
1474 2754 1564 2790 istas
1596 2756 1675 2801 apri
1695 2754 1754 2789 iu-

293 2799 479 2834 stauravit.
526 2800 592 2835 hae
622 2803 810 2838 vaecordia
841 2806 984 2848 captus,
1018 2814 1094 2838 cum
1123 2806 1302 2847 equestres
1347 2801 1432 2834 udos
1456 2801 1598 2846 ederet,
1632 2800 1755 2836 aulaea

293 2845 529 2882 ecclesiastica
560 2850 598 2882 et
625 2848 833 2886 candelabra
861 2859 962 2885 sacra
983 2847 1088 2886 Circo
1111 2848 1265 2887 ornando
1289 2846 1468 2892 adhibuit,
1500 2846 1567 2882 deo
1588 2858 1647 2883 res
1667 2857 1753 2883 con·
