1916 3210
301 151 400 197 680
690 149 922 196 IOANNIS·
950 149 1339 195 GUROPALATAE

301 262 386 308 νότι
417 259 802 316 δεινοπαθήσαντες,
835 259 1005 318 ἄραντες
1030 260 1074 303 ἐκ
1099 264 1173 304 τοῦ
1201 261 1526 318 φρουρίουψτὴν
1543 261 1743 307 Menona-

302 333 449 385 ταμίαν
477 326 831 383 καταλαμβάνουσι
859 331 927 371 καὶ
955 329 1084 371 πολλὰ
1115 328 1221 371 κακὰ
1244 336 1327 381 τοῖς
1349 325 1743 388 ἐκεῖσεεῐργάσαντο.

305 401 387 442 ἐπεὶ
412 397 453 440 δ’
480 396 501 440 ὅ
527 397 716 451 βασιλεὺς
728 395 834 451 μετὰ
855 395 1040 452 πλήθους
1059 390 1151 452 ἧκεν
1174 399 1228 447 εἷς
1245 394 1515 452 Καισάρειαν,
1549 395 1747 450 Τούσκων

304 470 464 521 πλῆθος
493 465 595 508 πολὺ
624 465 772 519 μαθὼν
801 464 874 520 τὴν
898 462 1039 522 χώραν
1068 468 1304 519 λεηλατοῦν,
1339 464 1747 522 affectetis-Momm

305 539 377 589 τῆς
404 537 595 589 στρατιᾶς
621 532 712 576 κατ’
743 532 889 576 αὐτῶν.
955 533 1080 588 μηδὲν
1104 531 1275 584 ἀνύσας,
1308 532 1413 575 ἀλλὰ
1433 536 1582 591 φεῦγον
1598 530 1779 588 funde-w

305 601 494 656 ξάμενος,
528 601 821 655 συντεταμένως
841 605 914 656 τῆς
935 600 1073 658 πρόσω
1097 605 1228 658 φορᾶς
1247 601 1385 655 εἴχετο.
1449 598 1572 656 μήπω
1586 597 1752 656 ‹ii-4225&
1791 641 1794 644 Δ

256 681 287 716 C
309 668 466 727 τάφρου
501 666 600 724 μήτε
638 668 871 724 σκηνώσεως
901 669 1132 726 γενομένης,
1175 667 1380 725 ἐφάνησαν
1413 668 1452 713 οἱ
1482 667 1751 724 neuwen-s&

307 735 557 795 ἐρυμνότατα
578 741 656 780 τῶν
679 736 811 780 τόπων
834 738 1064 792 κατέχοντες
1084 738 1149 780 καὶ
1172 737 1245 788 τὰς
1266 735 1425 794 λοφιάς.
1463 769 1466 774 -
1491 740 1592 792 βοῆς
1615 737 1758 794 δέψει-ιν

307 805 498 860 νομὲνης,
525 805 582 860 μὴ
611 803 876 856 ἐκδεδωκότος
902 809 975 849 τοῦ
997 806 1195 860 βασιλέως
1214 803 1356 848 ἑαυτὸν
1374 802 1595 853 ἀναπαύσει
1603 802 1752 861 „ciffi

306 873 352 918 τὸ
387 872 567 916 ἐνυάλιον
599 875 885 926 σαλπίσαντος,
929 871 1132 931 προῄεσαν
1168 873 1271 916 κατὰ
1307 871 1418 924 τάξιν
1455 872 1498 917 αἱ
1530 871 1754 931 ’φάλαγγες-ἰ
1763 877 1809 915 10

308 941 512 999 ἅρθεισῶν
543 941 586 984 δὲ
615 947 694 985 τῶν
723 946 906 997 σημαιῶν
932 942 1165 999 προέκοψαν
1189 942 1262 996 μὲν
1284 946 1363 988 τῶν
1386 941 1572 988 ἐναντίων
1589 941 1753 985 πολλοί·1

308 1007 592 1066 προλαβόντων
611 1011 653 1052 δὲ
671 1014 750 1054 τῶν
766 1008 1000 1066 ταγμάτων,
1027 1007 1071 1052 ἓν
1090 1010 1162 1065 μὲν
1183 1014 1262 1053 τῶν
1282 1007 1512 1053 Λυκαόνων
1530 1007 1754 1065 λεγόμενον,

310 1078 443 1133 ἕτερον
469 1079 513 1121 δὲ
535 1082 614 1121 τῶν
642 1076 832 1136 ἑσπερίων
859 1079 1048 1136 ἀριθμῶν
1056 1109 1070 1130 ,
1104 1079 1260 1121 καὶτοῦ
1280 1076 1483 1133 συνήθους
1501 1075 1755 1135 θρασύτερον

310 1145 412 1189 κατὰ
435 1150 515 1189 τῶν
536 1147 719 1189 ἐναντίων
740 1144 941 1190 ἐλάσαντα
961 1146 1061 1203 πρὸς
1082 1146 1213 1203 φυγὴν
1232 1146 1356 1196 εὐθὺς
1378 1145 1532 1189 ἀπιδεῖν
1555 1143 1756 1202 κατηνάγ-

311 1230 454 1257 κασαν.
521 1212 834 1271 προβιβάζοντος
873 1215 917 1257 δὲ
952 1218 1025 1258 τοῦ
1056 1215 1254 1268 βασιλέως
1279 1214 1356 1269 τὴν
1384 1213 1525 1269 λοιπὴν
1551 1212 1755 1272 στρατιάν,
1768 1217 1827 1257 16·

312 1283 378 1324 καὶ
406 1282 452 1325 τὸ
483 1282 622 1325 λοιπὸν
653 1287 811 1338 πλῆθος
840 1287 920 1326 τῶν
950 1284 1148 1338 πολεμίων
1175 1288 1257 1333 τοῖς
1287 1281 1478 1339 φεύγουσι
1506 1282 1758 1340 συνδιέφυγε.

312 1348 536 1407 παριόντων
553 1351 597 1393 δὲ
614 1356 694 1395 τῶν
711 1355 966 1409 στρατιωτῶν
981 1353 1046 1393 καὶ
1063 1355 1136 1394 τοῦ
1154 1354 1458 1408 μισθοφορικοῦ
1474 1354 1555 1394 τῶν
1569 1353 1759 1402 Σκυθῶν,

262 1426 294 1461 D
316 1422 396 1461 τῶν
429 1417 568 1470 Οὕζων
599 1419 726 1476 φημί,
773 1417 891 1474 λόχος
927 1418 1149 1476 Τουρκικός
1179 1418 1251 1461 οὐκ
1283 1420 1415 1475 ὀλίγος
1444 1424 1527 1469 τοῖς
1547 1416 1773 1474 Ῥωμαίοις,

313 1486 574 1543 προσέπεσεν·
609 1487 679 1538 οὓς
708 1485 914 1541 δεξάμενοι
945 1487 984 1529 οἳ
1015 1487 1335 1544 περιλειφθέντες
1355 1489 1411 1537 εἷς
1431 1486 1615 1544 φυλακὴν
1634 1503 1762 1544 στρα-

313 1557 452 1596 τιῶται
465 1586 478 1606 ,
512 1553 589 1611 πρὸ
610 1554 768 1598 πάντων
787 1556 829 1598 δ’
854 1555 893 1597 οἳ
916 1552 1129 1612 Φράγγοι,
1153 1556 1220 1596 καὶ
1245 1553 1480 1610 ἀγχεμάχως
1506 1554 1817 1608 ovantum-20

313 1638 380 1672 τες
400 1623 467 1664 καὶ
488 1621 632 1673 ἱκανῶς
650 1623 1021 1678 ἀνθαμιλληθέντες
1038 1623 1279 1679 ἐτρέψαντο,
1308 1622 1480 1678 μηδενὸς
1498 1626 1578 1665 τῶν
1595 1622 1762 1677 ἱσταμέ-

314 1706 393 1732 νων
421 1688 634 1745 ταγμάτων
659 1689 891 1747 Ῥωμαϊκῶν
920 1697 1004 1741 τοῖς
1033 1688 1235 1748 Φράγγοις
1255 1690 1373 1748 μέχρι
1392 1692 1459 1733 καὶ
1484 1688 1614 1746 ἁπλῆς
1633 1689 1763 1748 ὁρμῆς

315 1756 725 1814 παραβοηθήσαντος.
791 1760 833 1802 εἶν
860 1757 988 1819 τούτῳ
1018 1758 1057 1801 δ’
1085 1757 1310 1816 ὑπέστρεψε
1337 1760 1405 1802 καὶ
1430 1756 1456 1802 ὅ
1478 1759 1669 1812 βασιλεὺς
1692 1763 1765 1814 τῆς

407 1851 429 1887 5
453 1849 568 1897 μηδὲν
590 1849 663 1888 3³?

316 1929 366 1965 les
394 1942 479 1966 vero
510 1931 621 1977 ipsius
650 1931 770 1978 iniquo
795 1934 908 1968 animo
932 1932 970 1968 id
994 1932 1090 1979 passi
1112 1944 1155 1967 ex
1178 1931 1305 1978 oppido
1330 1931 1480 1979 profecti
1501 1931 1539 1967 iu
1562 1932 1778 1979 Mesopota--

316 1975 418 2010 miam
450 1988 490 2010 se
521 1977 714 2024 recipiunt,
748 1979 924 2024 multaque
955 1980 1079 2014 damna
1107 1979 1158 2014 ibi
1189 1979 1475 2013 commorantibus
1496 1979 1660 2025 intulere.
1705 1979 1767 2014 ubi

318 2033 404 2056 vero
437 2021 624 2067 imperator
657 2035 733 2058 cum
768 2025 923 2059 exercitu
949 2025 991 2059 ad
1015 2025 1220 2060 Caesaream
1241 2025 1422 2069 pervenit,
1457 2024 1688 2070 cognovitque
1709 2024 1768 2059 in-

317 2073 456 2111 gentem
481 2069 674 2103 Turcorum
699 2081 832 2104 manum
856 2070 1032 2115 regionem
1052 2070 1274 2116 depraedari,
1298 2070 1465 2114 quandam
1489 2070 1663 2105 exercitus
1684 2081 1768 2116 par-

319 2119 388 2147 tem
412 2114 578 2149 adversus
601 2114 612 2148 i
640 2127 697 2149 sos
720 2115 833 2159 misit;
872 2127 972 2161 quam
995 2115 1126 2150 infecta
1147 2128 1186 2150 re
1209 2116 1396 2161 fugientem
1425 2114 1624 2161 excipiens,
1655 2115 1770 2152 conti-.-

320 2158 418 2192 nenti
440 2159 568 2194 itinere
589 2171 611 2194 u
626 2159 734 2196 terius
757 2162 921 2206 progredi
944 2173 1128 2207 aggressus
1152 2165 1218 2196 est.
1265 2172 1341 2195 cum
1370 2162 1519 2196 nondum
1551 2171 1665 2205 neque
1692 2161 1770 2197 vak-

319 2203 388 2237 lum
411 2215 524 2249 neque
547 2206 804 2242 tabernaculum
828 2213 1060 2242 constructum
1079 2212 1192 2251 esset,
1215 2207 1333 2241 hostes
1351 2217 1563 2252 apparuere,
1586 2206 1648 2252 qui
1666 2207 1771 2243 tutis-

321 2249 409 2284 sima
439 2249 515 2284 loca
547 2253 762 2296 occupabant
785 2257 820 2287 et
841 2252 1000 2288 tumulos.
1048 2253 1141 2287 edito
1177 2258 1289 2287 autem
1313 2251 1462 2287 clamore
1486 2263 1561 2287 cum
1582 2253 1772 2298 imperator

321 2306 399 2328 sese
428 2295 537 2341 quieti
565 2298 704 2333 minime
733 2297 943 2343 dedidisset,
975 2309 1094 2333 verum
1128 2297 1307 2332 classicum
1332 2297 1536 2342 cecinisset,
1568 2309 1773 2344 processere

322 2340 444 2375 ordine
474 2341 685 2388 phalanges,
720 2344 933 2390 sublatisque
962 2343 1071 2389 signis
1102 2355 1306 2390 processere
1338 2343 1613 2379 adversariorum
1642 2344 1793 2389 plures„

322 2386 383 2419 sed
417 2398 490 2421 cum
522 2387 679 2433 legiones
710 2394 959 2436 occupassent,
990 2401 1060 2424 una
1091 2390 1292 2434 Lycaonum
1322 2394 1405 2424 tunc
1435 2389 1628 2435 appellata,
1661 2390 1773 2425 altera

324 2431 586 2468 occidentalium
619 2435 794 2480 copiarum
826 2435 928 2470 solito
964 2435 1146 2480 audacior,
1180 2436 1348 2470 adversus
1382 2434 1500 2470 hostes
1522 2435 1677 2480 irruere,
1711 2446 1772 2471 eos

323 2477 367 2510 ad
401 2478 518 2522 fugam
548 2480 664 2514 statim
690 2486 849 2526 spectare
872 2485 1072 2526 coegerunt.
1119 2486 1155 2516 et
1178 2492 1252 2514 cum
1274 2480 1462 2526 imperator
1480 2480 1648 2526 reliquum
1670 2492 1774 2516 exer-

323 2521 429 2556 citum
452 2529 532 2558 ante
555 2526 782 2570 produceret,
808 2527 975 2573 reliquam
997 2537 1135 2571 quoque
1157 2527 1304 2563 hostium
1327 2526 1576 2563 multitudinem
1598 2538 1674 2561 cum
1695 2526 1795 2562 aliis-

323 2567 535 2611 fugientibus
556 2571 656 2605 simul
673 2572 796 2618 fugere
814 2572 989 2618 compulit.
1035 2571 1279 2606 accedentibus
1301 2577 1414 2606 autem
1436 2571 1600 2606 militibus
1623 2577 1659 2606 et
1681 2573 1774 2616 Scy-

326 2612 460 2648 tharum
493 2617 741 2661 mercenariis,
773 2619 859 2653 Uzis
892 2619 1052 2663 inquam,
1083 2618 1175 2652 baud
1204 2617 1330 2662 exigua
1358 2617 1550 2652 Turcorum
1582 2617 1707 2653 cohors
1735 2617 1772 2652 in

326 2658 499 2694 Romanos
522 2661 673 2706 invasit3
707 2674 794 2708 quos
818 2664 1031 2709 excipientes
1052 2663 1167 2697 relicti
1190 2663 1232 2696 ad
1255 2663 1441 2697 custodiam
1465 2662 1609 2706 milites,
1634 2667 1670 2697 et
1692 2668 1775 2709 ante

327 2714 443 2739 omnes
479 2706 630 2752 Franci,
674 2709 929 2754 comminusque
963 2708 1140 2753 congressi
1171 2713 1208 2742 et
1239 2708 1373 2743 abunde
1408 2708 1566 2754 praeliati
1597 2709 1773 2752 fuderunt,

328 2749 418 2783 nulla
441 2761 484 2784 ex
508 2752 671 2788 Romanis
695 2754 911 2798 legionibus,
946 2765 1035 2798 quae
1055 2753 1106 2789 ibi
1129 2753 1263 2799 positae
1288 2758 1406 2796 erant,
1440 2754 1587 2789 Francis
1611 2754 1667 2788 vel
1688 2753 1774 2788 sim-

326 2794 408 2840 plici
430 2795 562 2843 impetu
584 2810 684 2844 opem
707 2800 854 2836 ferente.
898 2801 1037 2835 interea
1067 2811 1204 2846 quoque
1228 2810 1249 2834 a
1262 2835 1265 2838 ,
1271 2799 1511 2846 persequendo
1533 2799 1688 2836 redierat
1707 2798 1771 2834 im-
