1916 3210
323 182 421 230 832
739 177 1034 224 XYLANDRI
1065 177 1139 222 ET
1173 177 1347 223 GOARI

320 289 640 346 κουρατωρειῶν,
667 290 707 328 et
729 288 768 327 in
788 287 968 328 Mauricio
986 282 1291 343 Ἀριστόβουλον
1308 282 1543 344 κουρᾶτωρα
1557 292 1639 334 των
1654 291 1770 346 fiacr-

321 351 443 390 amm
463 347 600 388 οἴκων.
656 345 796 384 GOAR.

431 418 459 452 t.
471 413 507 451 Π
534 426 573 464 p.
592 413 646 453 38
669 423 703 452 v,
720 411 760 451 9.
815 405 1131 463 Δωδεκᾶνησον]
1162 411 1236 450 ruit
1262 411 1321 451 hic
1348 411 1454 451 simul
1482 426 1563 453 cum
1589 414 1628 454 X
1627 415 1769 468 ylandri

319 470 482 509 versione
504 467 708 505 duodecim
725 467 949 504 insularum
969 467 1055 506 ficta
1077 467 1234 513 civitas,
1263 469 1294 506 si
1311 464 1603 521 Δωδεκανησον
1621 471 1770 510 duode-

321 527 399 562 cim
433 524 620 574 Cyclades
650 523 804 560 insulas
832 524 1014 574 (quarum
1040 536 1110 562 nna
1135 528 1213 562 erat
1239 525 1467 576 praefectura
1491 530 1530 565 et
1551 526 1770 579 dispositio)

318 582 591 632 interpreteris,
620 592 710 630 quas
738 580 872 618 Strabo
895 592 1043 630 quoque
1062 580 1288 619 duodenario
1309 593 1459 621 numero
1483 582 1772 636 comprehendit,

319 638 449 689 quibus
466 640 505 676 et
523 637 612 675 alias
632 637 826 674 accessisse
847 639 1033 674 asseverat
1050 635 1162 676 l.10.
1219 636 1357 678 GOAR.

432 701 486 740 ib.
507 715 541 741 v.
563 703 629 745 15.
685 700 923 755 κομμὲρκια]
964 703 1279 741 commerciorum
1305 703 1536 756 vectigalia,
1569 708 1609 746 et
1638 706 1773 754 tributa

319 761 482 828 quaevis
499 772 566 827 pro
595 760 765 798 mercium
792 759 1042 829 asportatione
1071 758 1158 797 fiseo
1185 761 1392 812 pendenda
1448 766 1575 800 auctor
1599 774 1711 814 supra
1733 763 1773 803 in

320 816 443 855 Irene.
471 809 642 867 Ἀβῦδου
661 813 729 855 καὶ
746 817 820 856 τοῦ
839 812 964 868 Ἱερου
985 830 1033 854 τα
1053 813 1270 868 κομμὲρκια
1288 813 1488 868 §nezivios-
1541 817 1686 874 Gom.

431 886 460 921 t.
479 882 514 921 11
543 896 581 935 p.
603 884 658 926 39
683 895 716 921 v.
743 885 807 924 19.
866 883 1043 919 exteriori
1073 881 1306 936 columella]
1350 882 1424 933 ἔξω
1454 870 1606 940 movim.
1661 898 1773 938 supr·

323 939 560 978 coniecturam
591 952 707 979 meam
733 940 895 991 exposui.
951 939 1018 978 sed
1046 943 1085 979 et
1111 938 1181 978 hoc
1206 940 1380 993 suspicari
1395 940 1500 990 licet,
1521 925 1630 983 ex'tra
1644 942 1773 982 urbem

324 997 362 1035 in
388 995 507 1046 aliquo
537 996 708 1035 suburbio
740 996 855 1046 hunc,
884 995 1048 1033 simulata
1077 1007 1101 1033 a
1124 997 1260 1034 mundo
1280 996 1522 1046 discessione,
1548 998 1586 1037 in
1606 997 1775 1038 columna

325 1053 446 1103 aliqua
474 1054 702 1101 constitisse,
729 1053 855 1103 quales
883 1063 994 1103 supra
1016 1051 1150 1090 Daniel
1172 1052 1318 1102 Stylites
1344 1052 1486 1104 aliique
1501 1057 1587 1093 sunt
1611 1066 1774 1095 comme·

326 1110 469 1150 morati.
526 1110 564 1147 in
592 1108 819 1160 autographo
846 1106 919 1156 ἔξω
947 1111 1004 1145 est
1029 1107 1107 1146 sine
1133 1113 1307 1158 accentu,
1335 1113 1376 1147 ut
1391 1110 1501 1160 quasi
1522 1109 1714 1150 cohaerere
1734 1114 1774 1150 et

325 1165 500 1203 coaluisse
518 1166 556 1204 in
571 1179 681 1204 unam
697 1177 821 1204 vocem
836 1177 918 1203 cum
933 1162 1072 1220 κιονίῳ
1089 1163 1266 1204 videatur.
1297 1177 1402 1217 equae
1419 1170 1640 1218 sequuntur,
1665 1179 1772 1220 pror-

325 1234 386 1259 sus
408 1225 493 1260 sunt
512 1223 676 1261 confusa.
730 1221 824 1261 Xn..

435 1292 461 1326 t.
479 1289 513 1327 Il
541 1302 578 1339 p.
602 1288 657 1331 40
689 1301 724 1327 v.
751 1286 817 1329 14.
872 1283 921 1328 roi
951 1282 1153 1338 Εὕχαΐτα]
1193 1286 1444 1340 Hellenopolis
1472 1289 1631 1340 antiquis
1661 1289 1775 1340 dicta,

323 1343 468 1382 demum
497 1345 817 1396 Theodoropolis,
844 1356 868 1382 a
895 1344 1034 1382 Ioanne
1060 1344 1219 1382 Zimisce
1240 1345 1288 1383 ob
1312 1358 1444 1397 corpus
1465 1345 1657 1386 Theodori
1673 1356 1775 1387 mnr-

323 1401 414 1451 tyris
432 1401 470 1438 in
491 1413 535 1439 ea
553 1402 738 1440 conditum
756 1404 946 1481 reparata,
973 1399 1083 1439 Asiae
1098 1400 1183 1438 urbs
1203 1405 1272 1442 est.
1327 1401 1466 1442 GoAn.

434 1466 488 1505 ib
509 1480 545 1506 v.
566 1471 629 1511 19.
685 1465 839 1521 γενικόν
861 1465 1101 1520 λογοθέτην]
1133 1479 1179 1506 ex
1198 1470 1383 1519 praesenti
1402 1468 1483 1508 loco
1503 1465 1663 1523 γενικόν
1679 1468 1776 1510 hunc

322 1522 542 1576 λογοθὲτην
562 1538 629 1575 pro
649 1537 694 1563 eo
715 1538 824 1575 quem
844 1522 1128 1561 cancellarium
1147 1524 1298 1562 dicimus
1319 1526 1410 1563 sumi
1430 1537 1504 1564 non
1521 1539 1630 1593 posse
1647 1525 1775 1578 liquet.

324 1582 412 1630 quin
440 1581 562 1631 potius
589 1596 637 1620 τα
660 1577 827 1649 δημόσια
844 1578 955 1647 τέλῃ,
985 1580 1085 1629 quod
1108 1579 1165 1617 hic
1186 1581 1412 1630 exsequitur,
1443 1576 1708 1634 ἀναβιβάσαι,
1736 1588 1776 1622 et

323 1635 394 1673 alia
411 1635 499 1673 fisco
517 1636 748 1675 obvenientia
768 1631 1001 1687 ἀπαιτῆσαι,
1027 1636 1075 1673 ad
1095 1637 1240 1672 aerarii
1237 1635 1411 1686 publici
1431 1637 1633 1690 (γενικοῦ)
1649 1651 1775 1688 prae-

311 1690 486 1742 jectum·
498 1696 652 1743 spectat.
707 1692 793 1731 vide
818 1696 1005 1730 auctorem
1024 1691 1119 1730 infra
1136 1705 1174 1744 p·
1193 1690 1294 1742 568,
1325 1693 1587 1746 europalatem
1602 1694 1653 1733 ad
1668 1693 1774 1734 calcis

323 1750 497 1786 extrema.
554 1748 686 1786 Gom.

435 1806 463 1842 t.
488 1803 523 1842 11
564 1817 602 1855 p.
632 1802 682 1844 41
718 1814 755 1842 v.
780 1806 847 1846 20.
902 1815 1066 1854 corpora
1094 1801 1392 1856 Bulgarorum]
1427 1806 1511 1845 των
1539 1801 1774 1857 ὅμοφυλων.

325 1859 429 1911 quod
455 1859 486 1898 si
513 1860 563 1898 ad
590 1860 815 1898 Christianos
841 1859 1000 1908 referas,
1030 1872 1157 1898 sensus
1189 1861 1258 1898 erit
1284 1873 1366 1899 eum
1396 1861 1491 1900 adeo
1517 1861 1646 1913 spoliis
1675 1862 1776 1901 colli-

325 1915 455 1966 gendis
480 1916 596 1955 fuisse
622 1917 825 1965 intentum,
848 1919 889 1954 ut
912 1927 962 1955 ne
988 1916 1063 1954 suis
1086 1915 1234 1966 quidem
1251 1915 1443 1956 humandis
1459 1922 1602 1970 tempus
1619 1917 1774 1958 dederit.

324 1971 424 2013 ΧΠ..

438 2025 492 2065 ib.
509 2039 544 2065 v.
560 2028 628 2069 22.
684 2023 864 2080 ταμιεῖα]
888 2026 926 2065 ἱιι
942 2027 1072 2077 quibus
1088 2027 1255 2067 videlicet
1269 2028 1366 2067 bona
1381 2028 1505 2068 Crumi
1520 2028 1775 2070 conderentur.

326 2083 410 2123 aula
428 2084 600 2135 principis
618 2083 879 2123 habitationem
899 2084 1092 2132 significat.
1119 2084 1298 2124 Zonaras.
1352 2084 1445 2122 ΧΠ..

438 2143 466 2178 t.
482 2139 516 2177 11
543 2153 581 2191 p.
597 2136 652 2181 47
673 2154 708 2179 v.
727 2142 795 2181 22.
850 2140 1095 2189 imperatorio
1120 2138 1312 2191 modiolo]
1342 2141 1515 2180 mundum
1537 2142 1774 2194 imperatricis

327 2200 481 2248 apparet
503 2196 627 2234 fuisse.
654 2198 747 2235 er..
804 2195 1020 2233 modiolum
1045 2196 1227 2235 muliebris
1253 2197 1489 2247 eiusdemque
1515 2199 1641 2249 regiae
1663 2198 1775 2238 vestis

325 2265 443 2302 genus
464 2265 566 2300 esse,
595 2256 634 2290 ut
650 2253 838 2291 indubium
857 2256 977 2291 textus
996 2253 1077 2303 ipse
1096 2253 1320 2300 manifestat3
1348 2253 1447 2291 cuius
1464 2254 1602 2302 forma,
1629 2254 1661 2292 si
1679 2254 1776 2293 bene

326 2310 394 2347 sim
426 2312 611 2347 assecutus
639 2322 684 2348 ex
710 2309 893 2347 veteribus
917 2309 1185 2360 imperatricum
1204 2309 1353 2358 figuris,
1382 2321 1487 2348 sacco
1505 2309 1597 2348 virili
1615 2311 1775 2361 impera·

323 2365 419 2403 torio
444 2377 519 2402 non
544 2365 612 2402 suit
637 2365 812 2404 absimile.
870 2365 1068 2403 distentum
1093 2366 1189 2404 enim
1213 2369 1292 2403 erat
1316 2365 1559 2416 undequaque
1583 2366 1775 2404 indumen-

325 2425 425 2467 tum,
453 2423 492 2458 et
523 2421 660 2470 absque
685 2422 821 2459 sinibus
847 2420 1024 2470 rigidum,
1053 2422 1145 2460 circa
1165 2420 1306 2459 lumbos
1325 2421 1561 2469 adstrictum,
1589 2421 1639 2459 ad
1657 2421 1773 2473 pedes

325 2476 490 2514 nonnihil
515 2477 688 2528 amplius,
717 2481 754 2515 et
780 2478 919 2516 formae
944 2489 1040 2529 pene
1067 2477 1254 2515 deformis.
1309 2477 1356 2515 de
1382 2477 1532 2515 manicis
1553 2478 1604 2515 ita
1623 2476 1715 2515 laxis
1732 2479 1775 2515 ut

325 2534 376 2570 ad
407 2536 539 2571 terram
567 2545 683 2583 usque
710 2534 915 2571 defluerent
939 2536 1062 2572 taceo:
1091 2534 1180 2571 satis
1207 2533 1346 2583 quippe
1368 2536 1424 2571 est
1443 2533 1669 2571 invenustum
1683 2531 1775 2570 illud

326 2588 576 2638 qualecunque
593 2602 742 2628 vocasse
760 2588 991 2635 modiolum,
1017 2589 1066 2627 ad
1084 2588 1247 2626 modioli
1262 2589 1358 2627 vasis
1376 2589 1510 2640 potorii
1529 2588 1578 2626 ad
1596 2599 1774 2626 summum

326 2644 428 2691 elati,
456 2647 498 2681 ut
512 2643 693 2683 Vitruvius
708 2646 885 2695 loquitur,
914 2649 952 2683 et
968 2658 1090 2683 rursus
1109 2646 1159 2684 ad
1177 2646 1287 2683 imum
1304 2645 1515 2683 revertentis
1533 2644 1773 2682 imitationem

327 2700 578 2749 compositum.
644 2714 691 2738 an
717 2702 803 2751 quia
830 2701 1133 2752 modimperator
1157 2704 1365 2750 vocaretur,
1398 2701 1462 2750 qui
1486 2700 1587 2750 leges
1612 2699 1772 2738 convivis

326 2756 421 2792 inter
448 2755 579 2805 pocula
604 2758 759 2805 diceret,
796 2770 839 2795 ac
864 2762 1060 2808 propterea
1091 2758 1256 2796 Graecae
1283 2756 1527 2808 imperatrices
1558 2754 1772 2793 modiolum

328 2810 398 2848 sibi
420 2811 604 2851 vindicare
627 2813 874 2862 decreverint,
901 2813 990 2852 mihi
1006 2814 1270 2865 incompertum
1289 2816 1359 2852 est.
1414 2811 1475 2851 alii
1497 2811 1642 2851 mitram
1659 2820 1774 2862 expo·
