1890 3236
315 181 413 229 934
717 238 722 243 ,
915 182 1162 226 FABROTI

315 297 402 347 post
417 291 546 331 Cenat.
568 304 599 330 c.
620 292 693 334 31:
731 290 796 328 illi
821 290 1036 329 multorum
1067 292 1346 341 imperatorum
1374 304 1538 338 sacras,
1575 306 1646 331 nos
1672 293 1758 330 sola

310 350 559 400 portavimus
577 347 798 398 evangelia.
856 347 1064 386 Breviculus
1082 347 1255 386 historiae
1273 348 1638 398 Eutychianistarum:
1669 361 1759 387 eon-

318 414 380 442 tra
403 405 593 443 Ioannem
612 404 834 453 episcopum
853 416 968 440 sacra
981 405 1178 454 principis
1195 404 1406 456 deferente,
1441 402 1502 452 ab·
1515 405 1759 456 episcopatus

318 461 431 497 illius
451 459 746 507 confirmatione
756 473 870 510 papa
887 473 1097 509 suspensas
1118 467 1185 496 est.

431 513 839 581 σαξιμοδέξιμον.
893 517 1204 554 videMeursium.

432 582 537 622 σειρ
550 586 604 622 ομ
616 567 738 622 ἄστη
750 586 770 618 ς
787 572 926 620 lancea,
937 573 1062 620 telum,
1075 573 1223 619 framea,
1236 571 1364 622 pugio.
1382 570 1638 611 V.Menrsium.
1657 569 1762 610 aliter

320 628 470 679 exponit
485 627 674 679 Moschop
697 629 720 668 1
745 626 831 680 περὶ
855 638 934 679 σχ..·
964 624 1073 680 σειρα
1096 626 1124 678 ἦ
1147 624 1295 675 ἅλυσις,
1320 622 1397 676 αφ’
1417 623 1466 667 οὗ
1488 622 1761 679 σειρομᾶστης.
1779 647 1782 650 *

433 681 682 734 σέκρετον,
712 680 1050 736 σεκρετοὶριον,
1079 688 1268 731 secretum,
1296 684 1545 721 secretarium:
1572 695 1657 722 nam
1673 689 1790 734 pro-'

320 740 455 777 miscue
471 744 688 790 usurparunt
705 743 782 777 tam
803 740 935 778 Graeci
957 753 1066 790 qnam
1087 739 1229 786 Latini,
1258 744 1299 776 ut
1320 739 1515 777 Marcellini
1532 739 1558 778 l.
1588 740 1638 781 15
1657 738 1764 784 iudi-

321 794 421 832 ciale
444 801 649 841 secretam,
677 796 716 832 id
746 799 804 834 est
830 797 1074 835 secretarium.
1131 794 1428 846 Theophylactus
1442 795 1644 834 simocatta
1662 795 1763 836 Hist.

319 851 471 890 Mauric.
490 853 515 892 8
545 853 592 892 8.
634 851 865 902 μεθίσταται
890 853 962 891 τοῦ
985 866 1092 903 παρα
1113 850 1314 902 Ῥωμαίοις
1325 849 1547 920 λεγομένου
1569 849 1762 902 σεκρέτου.

319 907 477 944 Basilica
501 908 524 944 l.
542 909 597 947 60
618 908 678 947 tit.
699 909 753 949 33
782 921 813 948 c.
830 909 903 948 29·
943 906 1180 959 εἰσέρχονται
1208 907 1264 954 εἰς
1289 921 1333 946 το
1363 905 1554 958 σέκρετον.
1609 907 1766 946 Glossae
1801 957 1804 962 Α

321 963 479 1000 ibidem:
520 962 577 1009 είς
602 960 645 1002 τό
671 963 922 1015 δικαστηρίου
952 960 1210 1015 σεκρετάριον.
1266 975 1300 1003 v.
1320 962 1517 1001 Concilium
1538 962 1675 1014 Cpolit.
1696 963 1765 1001 sub

321 1018 480 1064 Menna,
510 1022 582 1058 aet.
605 1021 625 1059 1
651 1023 689 1057 et
707 1019 745 1061 5.
801 1023 880 1058 erat
907 1026 1031 1058 autem
1058 1026 1234 1058 secretum
1267 1032 1333 1057 seu
1355 1019 1587 1058 secretarium
1609 1018 1707 1057 locus
1727 1019 1766 1057 in

322 1087 395 1122 quo
415 1087 544 1113 causae
564 1087 706 1113 reorum
727 1076 1035 1126 expendebantur.
1074 1075 1199 1113 Passio
1216 1076 1257 1112 S.
1282 1075 1472 1127 Cypriani:
1501 1076 1545 1113 in
1563 1075 1766 1112 secretario

323 1131 523 1167 Paternus
545 1130 764 1180 proconsul
790 1132 986 1182 Cypriano
1016 1132 1191 1181 episcopo
1213 1131 1324 1168 dixit.
1384 1131 1503 1168 iudicii
1524 1132 1674 1168 sormam
1693 1130 1768 1170 ele.-

290 1192 292 1197 '
323 1190 453 1235 gauter
473 1187 645 1224 describit
662 1188 816 1225 Ioannes
835 1188 1184 1237 Hierosolymitanus
1213 1188 1250 1224 in
1268 1187 1491 1224 Matthaeum
1515 1199 1546 1226 c.
1567 1186 1620 1228 25
1641 1199 1672 1227 v.
1693 1187 1767 1228 31:

325 1243 556 1279 criminosas
583 1256 772 1293 personas
806 1243 925 1280 iudex
956 1243 1166 1280 auditurus
1197 1244 1239 1279 in
1259 1242 1424 1292 publico
1452 1241 1631 1278 tribunal
1651 1255 1768 1279 suzim

326 1298 494 1334 collocat
511 1298 554 1335 in
572 1298 737 1344 excelso,
766 1300 872 1336 eirca
896 1312 936 1336 se
957 1301 1156 1336 constituit
1175 1299 1320 1336 vexilla
1341 1312 1413 1350 reg
1389 1298 1522 1335 ‹ralia-
1506 1327 1518 1345 ,
1559 1305 1651 1335 ante
1671 1311 1769 1335 corv-

326 1361 502 1404 spec-lam
519 1368 636 1392 suzim
652 1356 766 1405 ponit
783 1368 900 1406 super
914 1369 1089 1392 mensam
1109 1354 1357 1400 calliculam,
1379 1327 1503 1391 bande
1519 1353 1643 1391 tribus
1662 1354 1769 1405 digi-

328 1411 378 1446 tis
398 1416 559 1446 mortem
582 1411 786 1448 hominum
806 1411 953 1448 scribat
969 1419 1042 1449 aut
1064 1413 1201 1448 vitam.
1260 1411 1354 1448 hinc
1374 1410 1466 1448 inde
1489 1409 1676 1461 ‹fficiales
1704 1424 1771 1447 or-

326 1466 461 1503 dinate
481 1468 699 1504 consistunt
711 1482 722 1504 :
753 1469 795 1504 in
813 1467 937 1504 medio
954 1469 1159 1505 secretario
1178 1474 1386 1518 ponuntur
1406 1479 1554 1518 genera
1575 1466 1771 1503 horrenda

321 1535 572 1572 poenarum,
611 1537 711 1574 qliae
740 1537 818 1560 non
846 1523 973 1561 solam
995 1526 1089 1574 pati
1118 1524 1188 1561 sed
1216 1531 1255 1561 et
1282 1523 1412 1560 videre
1435 1529 1668 1560 tormentum
1697 1529 1766 1559 est.

327 1584 436 1615 stant
458 1579 569 1614 iuxta
585 1580 728 1628 parati
749 1586 932 1626 tortores,
971 1580 1203 1617 crudeliores
1229 1586 1390 1630 aspectu
1420 1592 1541 1630 quam
1566 1577 1766 1618 manibus.

330 1641 411 1670 tota
432 1634 573 1670 iudicii
575 1635 710 1686 facies
728 1635 934 1672 cuiusdam
955 1636 1162 1673 schematis
1182 1643 1322 1672 terrore
1340 1637 1501 1672 vestitur
1509 1649 1526 1681 ;
1554 1640 1592 1670 et
1609 1648 1699 1671 elim
1715 1634 1775 1671 ad

330 1689 503 1726 mediam
519 1690 739 1739 produc-tae
761 1692 922 1743 ficerint
949 1693 1179 1729 criminosae
1202 1704 1410 1742 personae,
1437 1697 1530 1727 ante
1553 1691 1773 1741 interroga-

333 1747 475 1782 tionem
502 1746 643 1784 iudicis
667 1748 791 1797 ipsias
819 1748 959 1785 iudicii
986 1748 1153 1785 terribili
1169 1748 1435 1785 discutiantur
1455 1753 1629 1796 aspecta.
1688 1746 1773 1796 lego

331 1806 369 1840 et
387 1803 613 1840 secretarium
634 1810 792 1844 senatus.
852 1809 954 1842 vetus
972 1805 1181 1855 inscriptio:
1210 1815 1492 1843 SECRETARIUM.
1529 1814 1771 1843 AnffmsstMI.
1823 1840 1825 1842 .

334 1869 517 1898 SENATUS.
573 1859 611 1896 in
635 1872 708 1909 quo
739 1861 1015 1899 asservabantur
1037 1865 1119 1898 acia
1139 1864 1299 1898 senatus.
1355 1863 1392 1897 et
1413 1859 1644 1897 secretarium
1664 1871 1774 1910 prae-

333 1914 417 1950 torii
447 1915 485 1950 in
511 1914 754 1965 postulatione
782 1917 939 1967 quadam
968 1916 1067 1967 apud
1086 1916 1130 1954 B.
1150 1915 1392 1965 Augustinum
1411 1914 1473 1955 lib.
1496 1916 1520 1954 3
1541 1918 1666 1952 contra
1685 1914 1775 1952 Gre-

335 1969 433 2007 sconi
439 1982 498 2006 um
518 1971 786 2018 grammaticum
808 1986 839 2011 c.
864 1972 940 2019 56,
981 1977 1019 2010 et
1041 1972 1139 2023 apud
1161 1973 1333 2011 Severum
1354 1970 1544 2022 Sulpitium
1567 1970 1615 2007 de
1641 1970 1713 2008 vita
1731 1970 1773 2009 S.

336 2025 486 2062 Martini
505 2025 649 2096 dialogo
666 2028 703 2065 2.
760 2027 1036 2079 Theophanes
1028 2041 1064 2066 m
1079 2028 1222 2066 Phoca·
1253 2026 1397 2079 ε’βαλον
1416 2028 1497 2078 πῦρ
1522 2025 1577 2072 εἷς
1599 2040 1642 2065 το
1663 2040 1777 2077 πραι-

337 2076 495 2133 τώριον,
523 2080 589 2120 καὶ
612 2082 780 2122 ἔκαυσαν
806 2099 849 2123 το
880 2082 1059 2136 σε’κρετον
1086 2082 1152 2123 καὶ
1179 2098 1248 2130 τας
1278 2079 1472 2133 φυλακάς.
1528 2082 1604 2119 sive
1620 2085 1777 2120 secreta-

338 2136 429 2173 rium
452 2139 740 2189 praetorianum,
780 2140 987 2178 Cassiodor.
1010 2141 1059 2180 11
1090 2142 1157 2181 86.
1214 2139 1443 2177 secretarium
1468 2137 1608 2175 Palatii.
1665 2138 1778 2176 Sexta

339 2193 513 2240 Synodus
534 2194 726 2244 Cpolilana
749 2201 819 2235 act.
847 2199 887 2236 1:
928 2194 970 2236 ἐν
988 2197 1043 2250 τῷ
1062 2193 1225 2248 σεκρέτῳ
1245 2197 1320 2235 τοῦ
1337 2194 1453 2234 θείου
1471 2192 1686 2242 παλατίου,
1723 2194 1780 2247 τῷ

341 2243 446 2287 οὕτω
466 2248 659 2303 λεγομένῳ
687 2248 881 2304 Τρούλλςσ.
938 2255 975 2290 et
992 2237 1063 2291 aet.
1085 2255 1129 2293 7:
1158 2253 1231 2291 τοῦ
1253 2246 1452 2303 Τρούλλου
1472 2247 1664 2301 σέκρετον.
1719 2261 1779 2286 se-

342 2304 530 2343 cretarium
550 2307 730 2375 principis.
787 2309 826 2345 S.
850 2307 1058 2346 Maximus
1049 2320 1086 2344 m
1108 2308 1353 2358 disputatione
1373 2319 1452 2344 cum
1473 2305 1628 2354 Pyrrho:
1657 2302 1700 2344 ἓν
1722 2305 1780 2358 τῷ

343 2360 534 2412 βασιλικῳ
563 2361 737 2416 σεκρέτῳ.
795 2363 986 2401 Balsamon
1007 2364 1055 2400 ad
1076 2376 1154 2401 can.
1177 2362 1229 2403 34
1254 2364 1343 2412 Syn.
1363 2362 1446 2402 61n
1464 2360 1602 2399 Trullo.
1657 2359 1781 2398 Meur-

343 2415 417 2452 sius
458 2417 628 2455 observat
665 2419 763 2456 varia
797 2420 906 2457 fuisse
940 2423 1082 2457 secreta
1118 2431 1162 2457 cx
1193 2418 1450 2456 constitutione
1477 2417 1635 2466 quadam
1663 2415 1781 2454 Alexii

344 2471 535 2520 comneni,
564 2477 599 2512 et
621 2474 805 2522 Cedreno,
833 2488 951 2513 rerum
973 2475 1191 2526 privatarum
1209 2486 1343 2525 nempe
1356 2477 1394 2512 et
1414 2473 1645 2523 publicarum.
1672 2484 1781 2521 quem

343 2526 441 2563 vide:
481 2540 564 2566 nam
594 2529 742 2568 aliorum
775 2531 909 2582 scripta
932 2531 1133 2569 exscribere
1150 2530 1270 2568 solens
1296 2542 1368 2567 non
1388 2541 1482 2566 sum.
1538 2531 1643 2566 erant
1663 2533 1701 2566 et
1719 2539 1780 2564 se-

345 2583 497 2619 cretaria
520 2584 555 2621 in
576 2585 750 2624 ecclesiis.
807 2587 979 2637 Synodus
1001 2586 1172 2635 Carthag.
1191 2599 1220 2624 c.
1243 2588 1314 2627 36:
1360 2584 1415 2631 εἰς
1434 2599 1477 2623 το
1498 2578 1694 2634 σήκρητον
1710 2584 1782 2630 τῆς

311 2674 313 2677 .
347 2635 555 2688 ἐκκλησίας
569 2637 848 2692 Ῥεστιιουτης,
889 2643 993 2680 item:
1025 2642 1080 2688 εἰς
1099 2639 1142 2680 τό
1163 2638 1360 2692 σήκρητον
1378 2642 1448 2691 τῆς
1467 2638 1672 2689 ἐκκλησίας
1692 2634 1782 2676 Πα-

346 2706 421 2738 κις.
478 2694 661 2745 Georgius
689 2695 884 2737 Alexandr.
908 2699 945 2735 in
963 2699 1035 2735 vita
1053 2698 1095 2735 B.
1117 2697 1382 2747 Chrysostomi:
1426 2690 1475 2735 ου’
1503 2690 1631 2745 μόνον
1661 2692 1704 2734 ἐν
1731 2692 1782 2747 τῇ

346 2746 532 2803 ἐκκλησία
553 2748 813 2803 ἐξηγούμενος
831 2757 912 2801 ’τοῖς
934 2751 1080 2804 ὄχλοις,
1124 2748 1219 2792 ἄλλα
1246 2751 1311 2791 καὶ
1333 2751 1376 2792 ἐν
1396 2753 1450 2805 τῷ
1468 2749 1630 2804 σεκρέτῳ
1650 2747 1716 2788 καὶ
1739 2734 1783 2788 ἐν

347 2806 404 2857 τῷ
419 2790 654 2846 ἐπισκοπείω
674 2805 912 2860 καθημενος.
970 2808 1168 2848 Concilium
1189 2809 1392 2849 Romanum
1409 2810 1480 2845 aet.
1503 2807 1546 2846 1:
1575 2805 1675 2858 quid
1693 2816 1782 2854 ergo
