1890 3236
489 170 884 250 msTOmARUM
918 196 1304 245 commummu.
1530 193 1629 244 449

161 315 289 369 εἴς’τθ
310 306 557 374 amramis}
593 316 637 360 ἓν
659 314 736 360 ε’τει
759 313 889 375 ,ςφγᾏ
925 316 1172 366 ι’νδικτιῶνος
1193 311 1260 371 η’·
1295 311 1406 366 ὅστις
1435 316 1503 357 καὶ
1535 315 1633 366 τοὺς

161 385 491 444 διακρινομένους
508 383 640 441 ἣνωσε
661 385 731 428 διὰ
747 384 822 440 τὴν
841 386 1127 443 τετραγαμίαν.
1194 385 1262 427 καὶ
1286 377 1406 435 οὗτος
1432 383 1497 426 ἐπὶ
1526 391 1634 442 τρεῖς

161 453 316 510 μόνους
343 453 553 505 ἐνιαυτοὺς
580 453 656 509 τὴν
685 455 898 510 ἐκκλησίαν
927 452 1132 509 ποιμάνας
1153 453 1290 508 ἐξέστη
1311 457 1385 508 τῆς
1405 455 1529 509 ζωῆς,
1565 455 1634 497 καὶ

161 521 404 582 προεβλήθη
420 523 589 580 Σέργιος
610 519 832 579 ἡγούμενος
859 520 917 566 ὢν
934 527 1008 578 τῆς
1028 527 1157 579 μονῆς
1177 526 1251 566 τοῦ
1267 521 1475 579 Μανουὴλ
1495 523 1563 567 καὶ
1582 522 1630 568 τὸ
1654 532 1685 569 C

129 593 276 650 δγίνος
293 591 510 650 ἀναφέρων
527 591 632 649 πρὸς
654 590 816 635 Φῶτιον
834 590 904 634 τὸν
923 589 1192 649 πατριάρχην.

293 662 395 704 ’Τοῦ
412 661 458 703 δὲ
475 659 674 716 Σαμουὴλ
701 658 1066 718 ἐκστρατεύσαντος
1086 660 1190 704 κατὰ
1211 660 1510 718 Θεσσαλονίκης
1518 693 1543 720 ,¹
1564 665 1634 707 καὶ

163 730 211 774 τὸ
228 729 421 786 paeviato
439 733 602 785 πλῆθος
621 730 676 779 εἷς
695 728 841 784 λόχους
864 730 930 772 καὶ
952 730 1116 787 ἐνέδρας
1137 731 1457 787 διαμερίσαντος,
1478 732 1635 789 ὀλίγους

165 799 215 843 δέ
228 815 341 850 τινας
361 800 417 850 εἰς
434 798 637 855 ἐκδρομὴν
656 797 751 855 ἄχρι
776 798 1074 853 Θεσσαλονίκης
1096 797 1222 852 αῧτῆς
1239 799 1518 857 πεπομφότος,
1546 804 1635 844 ἐπι-

163 867 285 926 γνοὺς
302 867 376 922 τὴν
396 867 545 924 ἔφοδον
566 865 591 909 δ’
607 867 705 917 dot}
727 868 768 908 Γ
765 865 954 924 ρηγόριος
976 867 1047 910 τὸν
1075 868 1150 922 μὲν
1171 870 1314 910 οῗκεΐον
1341 869 1430 911 υἱὸν
1453 869 1635 926 Ἀσώτην

110 937 347 992 ίθὲπεμψεν
367 937 465 979 ἰδεῖν
483 937 550 978 καὶ
570 941 879 991 κατασκοπῆσαι
894 936 941 980 τὸ
969 940 1131 992 πλῆθος
1153 938 1220 979 καὶ
1241 937 1353 996 αὐτῷ’
1372 943 1518 994 γνῶσιν
1539 941 1637 982 δοῦ-

163 1022 252 1058 ναι,
289 1004 415 1056 αὗτός
435 1004 480 1047 δὲ
501 1003 673 1048 ὄπισθεν
697 1007 839 1048 εἵπετο.
886 1003 907 1048 ὃ
931 1005 979 1048 δὲ·
997 1005 1174 1059 ἐξελθὼν
1195 1008 1262 1048 καὶ
1283 1013 1368 1057 τοῖς
1387 1007 1638 1066 προδρόμοις

55 1076 58 1078 ’
122 1099 124 1101 >
153 1075 414 1130 συμπλακεὶς
434 1075 502 1116 καὶ
525 1072 781 1132 τρεψάμενος
803 1073 952 1117 ἔλαθεν
975 1076 1030 1125 εἲς
1050 1074 1201 1129 μέσους
1224 1076 1320 1126 τοὺς
1346 1074 1492 1131 λόχους
1522 1095 1638 1136 περι-

164 1144 355 1202 ληφθείς.
412 1147 542 1188 ,τοῦτο
565 1141 622 1193 ὥς
639 1141 660 1186 ὅ
678 1145 720 1184 Γ
717 1142 904 1201 ρηγόριος
922 1143 1089 1198 ἔμαθεν,
1115 1142 1284 1199 ἐβοήθει
1307 1144 1375 1187 διὰ
1394 1146 1547 1201 ταχέων
1563 1147 1634 1190 τὸν
1656 1156 1688 1192 D

165 1214 296 1256 παῖδα
310 1215 384 1267 τῆς
400 1214 680 1267 αἰχμαλωσίας
696 1211 931 1269 γλιχόμενος
949 1211 1286 1270 ε’κλυτρώσασθαι
1297 1227 1309 1239 ·
1346 1214 1452 1256 ἀλλὰ
1473 1217 1540 1258 καὶ
1560 1217 1637 1259 αὗ-

110 1289 156 1326 15
166 1282 238 1333 τὸς
273 1283 500 1332 κυκλωθεὶς
531 1279 610 1324 ὑπὸ
645 1286 726 1324 τῶν
757 1280 1008 1339 Βουλγάρων
1043 1283 1111 1325 καὶ
1143 1284 1332 1338 γενναίως
1363 1285 1430 1325 καὶ
1454 1282 1638 1341 ἡρωῖκῶς

0 1338 14 1402 i
166 1349 467 1408 ἀγωνισάμενος
486 1349 635 1394 ἔπεσεν.
706 1350 967 1406 ἀγγελθείσης
989 1351 1033 1393 δὲ
1055 1355 1114 1410 τῷ
1131 1354 1297 1406 βασιλεῖ
1309 1355 1382 1407 τῆς
1399 1357 1471 1396 τοῦ
1490 1354 1637 1405 δουκὸς

167 1420 410 1477 ἀναιρέσεως
429 1420 626 1474 πέμπεται
645 1419 780 1475 πάσης
802 1418 955 1471 δύσεως
974 1419 1111 1478 ἅρχων
1130 1418 1151 1463 ὃ
1168 1418 1390 1478 μάγιστρος
1398 1422 1639 1481 Νικηφόρος

168 1487 192 1532 ὃ
217 1487 428 1547 Οὐρανός·
479 1487 642 1547 ἔφθασε
676 1489 756 1547 γὰρ
786 1490 854 1531 καὶ
889 1483 1007 1539 οὗτος
1038 1488 1112 1544 τὴν
1145 1490 1189 1532 ἐκ
1219 1491 1484 1544 Βαβυλῶνος
1503 1492 1637 1549 φυγὴν

0 1557 17 1619 ᾗ
169 1556 428 1614 ὠνησάμενος
445 1560 514 1600 καὶ
534 1558 608 1613 τὴν
626 1560 821 1612 βασιλίδα
838 1556 1096 1612 καταλαβών.
1165 1556 1276 1609 ὅστις
1295 1559 1337 1601 ἒν
1359 1559 1637 1619 Θεσσαλονίκῃ

0 1619 6 1634 ”
92 1626 402 1686 Ἔθγενόμενος,
437 1628 520 1670 ἐπεὶ
548 1627 647 1683 ἔγνω
677 1627 748 1670 τὸν
765 1627 962 1682 Σαμουὴλ
981 1631 1031 1684 τῇ
1055 1631 1129 1670 τοῦ
1147 1627 1291 1677 δουκὸς
1308 1628 1350 1668 Γ
1346 1630 1535 1686 ρηγοριόυ
1560 1634 1639 1673 τοῦ

0 1711 11 1753 ἓ
171 1697 411 1755 Ταρωνίτου
430 1701 569 1754 σφαγῇ
589 1698 656 1738 καὶ
675 1701 727 1753 τῇ
749 1694 896 1740 ἁλώσει
919 1701 992 1739 τοῦ
1014 1695 1106 1739 υἱοῦ
1126 1697 1250 1739 αὐτοῦ
1273 1697 1547 1754 ἐπαιρόμενον,
1567 1701 1638 1741 καὶ

0 1754 10 1823 ξ
154 1767 246 1810 ’διὰ
271 1769 393 1809 τοῦτο
419 1763 471 1808 τά
500 1782 542 1808 τε
567 1765 793 1808 Θετταλικὰ
816 1764 1016 1818 διαβάντα
1034 1766 1163 1821 τὲμπη
1186 1768 1252 1808 καὶ
1273 1765 1343 1809 τὸν
1365 1769 1543 1823 Πηνειὸν
1563 1786 1636 1810 πε-

0 1848 6 1916 ζ

0 1937 11 1959 ld

151 1834 452 1894 ’ραιωσάμενον
480 1833 677 1889 ποταμόν,
716 1835 940 1878 Θετταλίαν
970 1851 1014 1880 τε
1045 1837 1113 1878 καὶ
1139 1837 1340 1878 Βοιωτίαν
1364 1838 1431 1878 καὶ
1455 1834 1636 1893 Ἀττικὴν

265 1969 288 2004 9
310 1964 473 2004 ἀσώτιον
494 1967 526 2002 C

174 2082 286 2130 signis
309 2087 346 2118 et
366 2081 521 2118 medicae
544 2081 630 2118 artis
654 2081 906 2128 peritissimus,
941 2092 1030 2116 anno
1063 2080 1181 2115 mundi
1211 2092 1318 2126 supra
1345 2080 1461 2116 sexies
1493 2081 1637 2117 millesi-

173 2141 267 2167 mum
288 2129 378 2173 503,
411 2127 605 2164 indictione
627 2135 764 2164 octava.
812 2129 844 2162 is
868 2127 1051 2162 discidium
1074 2133 1221 2173 propter
1242 2134 1383 2172 quartas
1406 2129 1546 2174 nuptias
1569 2130 1635 2164 du·-

0 2174 15 2212 i·
174 2177 255 2212 dum
277 2180 387 2210 ortum
411 2175 570 2219 sustulit,
606 2175 793 2209 concordia
813 2175 922 2208 facta.
970 2185 1114 2219 cumque
1138 2180 1210 2208 tres
1233 2179 1366 2208 tautum
1388 2185 1497 2208 annos
1521 2174 1636 2210 eccle-

152 2221 251 2261 ,siae
272 2221 498 2267 praefuisset,
522 2221 629 2256 vitam
651 2233 725 2255 cum
750 2226 861 2255 morte
885 2219 1120 2254 commutavit.
1167 2218 1200 2252 ei
1223 2220 1390 2253 suffectus
1411 2225 1466 2254 est
1489 2219 1636 2266 Sergius

157 2266 368 2303 Manuelici
386 2267 590 2302 monasterii
610 2266 762 2312 praesul,
784 2277 894 2312 genus
917 2277 939 2300 a
958 2265 1087 2299 Photio
1111 2264 1312 2310 patriarcha
1333 2265 1475 2300 ducens.

1 2375 5 2379 Δ
0 2343 17 2362 ἰ
0 2262 19 2334 ῐ-ῑῑψ
0 2243 5 2250 ⁷

269 2335 350 2370 Hoc
372 2335 518 2369 maxime
538 2339 696 2380 tempore
712 2334 894 2369 Samuelus
912 2339 1008 2381 xmoto
1030 2333 1067 2366 in
1089 2332 1372 2368 Thessalonicam
1395 2333 1499 2378 bello,
1523 2334 1636 2380 copiis

154 2396 158 2400 ’
177 2382 251 2418 suis
274 2381 311 2416 in
333 2380 478 2416 insidias
501 2381 717 2423 distributis,
753 2392 883 2427 paucos
907 2380 1072 2426 quosdam
1096 2379 1335 2413 excursionem
1360 2391 1469 2424 usque
1491 2381 1535 2415 ad
1559 2393 1635 2417 eam

177 2429 299 2464 urbem
322 2427 442 2462 facere
463 2427 573 2462 iubet.
622 2427 715 2472 quod
737 2434 777 2461 ut
795 2426 907 2461 sensit
928 2426 1127 2471 praefectus
1146 2425 1351 2470 Gregorius,
1377 2426 1508 2461 Asoten
1528 2426 1637 2463 fllium

178 2485 278 2510 suum
300 2473 419 2520 mittit,
442 2473 503 2519 qui
520 2472 719 2519 exploraret
742 2473 891 2508 hostium
913 2470 1165 2506 multitudinem
1188 2476 1224 2506 et
1249 2471 1315 2506 sibi
1340 2471 1521 2508 indicaret.
1545 2474 1576 2508 is
1599 2473 1638 2508 in
1675 2488 1678 2491 ·

180 2519 378 2556 emissarios
402 2531 464 2554 eos
487 2519 663 2564 incidens,
698 2520 795 2554 susos
825 2519 1021 2562 insecutus,
1053 2516 1253 2563 imprudens
1283 2517 1321 2551 in
1352 2518 1484 2553 medias
1511 2519 1638 2554 incidit

179 2567 340 2602 insidias.
387 2566 580 2611 Gregorius
603 2577 642 2600 re
666 2566 806 2610 cognita
827 2565 921 2599 illico
946 2565 990 2598 ad
1013 2563 1192 2598 serendum
1215 2563 1379 2599 auxilium
1399 2565 1566 2609 festinat,
1597 2570 1638 2600 ut

179 2613 288 2648 filium
311 2611 458 2648 hostium
481 2611 638 2647 manibus
662 2613 826 2657 eriperet.
877 2611 938 2646 sed
972 2614 1008 2644 et
1037 2610 1116 2654 ipse
1149 2621 1171 2644 a
1192 2608 1353 2654 Bulgaris
1383 2611 1638 2646 circumventus

181 2659 324 2694 fortiter
345 2669 503 2704 pugnans
526 2658 750 2693 interficitur.
795 2657 861 2692 hac
892 2656 990 2691 ducis
1022 2655 1120 2690 clade
1151 2655 1329 2691 intellecta
1357 2657 1507 2692 mittitur
1527 2657 1637 2692 totius

180 2705 387 2740 Occidentis
420 2705 618 2751 praefectus
651 2704 816 2748 magister
837 2703 1058 2749 Nicephorus
1082 2702 1243 2737 Uranusz
1278 2713 1356 2737 nam
1384 2709 1420 2738 et
1442 2703 1500 2738 hic
1521 2703 1637 2750 pretio

155 2752 265 2787 *dato
287 2749 468 2796 Babylone
491 2750 616 2797 Cpolin
640 2752 856 2797 profugerat.
904 2750 934 2783 is
967 2757 1005 2784 ut
1032 2747 1318 2783 Thessalonicam
1347 2749 1529 2794 pervenit,
1559 2761 1638 2784 cer-

181 2798 252 2832 tior
274 2798 316 2833 fit
339 2797 531 2832 Samuelum
554 2796 668 2831 animo
690 2797 827 2841 elatum,
859 2796 949 2842 quod
975 2796 1096 2830 ducem
1120 2795 1329 2840 Gregorium
1353 2795 1556 2831 Taronitam
1581 2796 1638 2829 in-

181 2844 383 2879 terfecisset
402 2843 580 2889 filiumque
603 2843 677 2878 eius
702 2843 874 2888 cepisset,
909 2841 1113 2876 Thessalica
1136 2841 1204 2875 iam
1227 2840 1362 2887 Tempe
1386 2847 1639 2887 transgressum

184 2896 220 2926 et
241 2889 393 2925 Peneum
419 2901 550 2924 amnem
572 2890 828 2934 transmisisse,
862 2894 898 2923 et
920 2889 957 2923 in
980 2887 1196 2924 Thessaliam
1215 2887 1396 2923 Boeotiam
1418 2894 1523 2934 atque
1546 2887 1639 2922 Atti-

240 2944 369 2990 Georg.
402 2943 574 2979 Gedrenus
601 2948 680 2978 tom.
713 2943 761 2978 11.
1310 2936 1363 2979 29

0 2514 25 2820 ‚ffifflh
0 2404 17 2499 ³-
