1890 3236
300 224 399 277 386
774 225 1012 269 GEORGII
1041 217 1285 269 CEDRENI

298 342 473 395 γνυσθαι
501 342 586 387 τοῖς
612 336 798 392 ἐχθροῖς,
833 337 899 379 καὶ
920 335 1028 379 οὕτω
1047 342 1173 379 ποιεῖν
1190 337 1331 395 μέχρις
1353 336 1403 381 ἂν
1423 339 1478 389 εἲς
1494 338 1590 390 τοὺς
1603 336 1767 395 λόχους·

249 417 282 452 D
305 404 470 455 τούτους
488 407 556 448 καὶ
579 406 635 454 εἷς
653 405 727 455 τὰς
747 404 909 462 ἐνέδρας
923 405 1251 458 ε’ναποκλείσωσι,
1284 403 1375 449 τότε
1391 406 1436 448 δὲ
1451 405 1641 462 ἀκόσμως
1652 407 1757 465 φεύ·
1819 413 1823 417 ’

298 491 380 531 γειν
411 474 478 515 καὶ
509 470 807 530 προτροπάδην.
874 477 992 530 τριχῇ
1025 474 1069 515 δὲ
1100 478 1181 517 τῶν
1215 473 1439 532 βαρβάρων
1473 475 1775 532 ὁίαι(ιει”ἶ“”ένι”οιιιΤ

298 539 555 597 (Βούλγαροι
589 541 663 595 μὲν
693 541 772 598 γὰρ
805 542 871 583 καὶ
897 540 997 591 Ῥώς
1021 541 1096 596 τὴν
1127 541 1290 600 πρώτην
1319 541 1567 601 ἀνεπλήρουν
1596 545 1767 602 aspida,-

299 613 477 666 Τοῦρκοι
507 609 553 651 δὲ
579 609 683 651 καθ’
714 607 884 659 ἑαυτοὺς
908 605 1011 663 ἦσαν
1038 608 1155 665 μόνοι
1177 613 1243 653 καὶ
1260 609 1513 664 Πατζινάκαι
1536 609 1801 666 ὧσαύτωςᾷὄῑ

297 675 508 735 ἐρχόμενος
527 671 599 719 οὖν
623 674 644 719 ὅ
664 676 851 732 Ἰωάννης
870 678 1138 733 συμπλέκεται
1158 686 1241 730 τοῖς
1261 678 1537 732 Πατζινάκαις
1558 679 1663 722 κατὰ
1685 679 1758 722 τέτ-
1792 695 1796 698 ’

293 762 372 800 χην
395 742 670 800 συνηντηκιός,
704 747 770 788 καὶ
795 744 927 803 ὥσπερ
949 741 997 801 ἦν
1020 747 1130 805 αὐτῷ
1150 748 1494 805 παρηγγελμένον,
1526 753 1757 803 προσποιεῇ

296 831 365 856 ται
387 819 548 871 φυγεῖν,
574 815 767 867 σχολαίαν
786 814 859 869 τὴν
882 813 1136 872 ἀναχώρησιν
1155 815 1413 870 ποιούμενος·
1443 816 1697 859 ἐνέκειντοιῩ
1716 815 1771 858 οἱ·

295 880 549 936 Πατζινάκαι
566 881 640 932 τὰς
661 880 814 925 ἑαυτῶν
831 881 1021 933 λύσαντες
1038 883 1190 936 τάξεις,
1220 883 1276 935 ὥς
1294 881 1400 938 τάχα
1419 883 1514 935 τοὺς
1534 882 1757 942 φεύγοντας

294 949 533 1007 ἄφανίσαιεν
552 948 693 1008 ἄρδην.
761 951 900 994 ἐκεῖνοι
922 952 966 993 δὲ
984 955 1055 994 νῦν
1074 953 1147 1005 μὲν
1169 951 1380 1009 φεύγοντες
1398 952 1501 1007 μετὰ
1519 951 1668 1004 τάξεως
1685 957 1756 995 νῦν
1769 958 1813 994 10

296 1019 339 1060 δ’
365 1016 683 1076 ὑποστρέφοντες
702 1020 769 1061 καὶ
791 1017 1032 1074 ἀμυνόμενοι
1054 1018 1171 1062 ἴθεον
1195 1021 1298 1077 πρὸς
1323 1021 1419 1071 τοὺς
1447 1020 1604 1075 λόχους.
1673 1022 1756 1063 ἐπεὶ

296 1087 342 1130 δὲ
361 1088 428 1129 καὶ
450 1087 490 1139 ἔς
508 1086 656 1141 μέσους
673 1087 848 1143 ἐγένοντο
867 1086 1055 1139 τούτους,
1088 1087 1177 1131 τότε
1201 1090 1252 1144 δὴ
1275 1089 1432 1139 ἀνέντες
1453 1090 1548 1140 τοὺς
1565 1089 1758 1144 χαλινοὺς

296 1154 485 1212 ἀκρατῶς
501 1154 682 1212 ἔφευγον,
710 1157 777 1197 καὶ
796 1156 834 1197 οἳ
853 1153 1104 1207 Πατζινάκαι
1121 1154 1359 1211 ἐκχυθέντες
1378 1155 1561 1208 ἀτάκτως
1577 1159 1755 1200 ἐδίωκον.

295 1223 555 1280 ἐπιφανέντος
575 1223 615 1265 δ’
639 1223 828 1280 ἐξαίφνης
847 1227 920 1265 τοῦ
940 1225 1164 1279 μαγίστρου
1183 1226 1285 1280 μετὰ
1305 1225 1455 1276 παντὸς
1474 1230 1548 1268 τοῦ
1563 1230 1755 1283 στρατοῦ,

151 1297 181 1332 Ρ
205 1297 273 1333 668
295 1295 352 1350 τῷ
379 1289 671 1349 ἀπροσδοκήτῳ
701 1292 1017 1348 καταπλαγέντες
1042 1292 1114 1348 τὴν
1135 1294 1209 1347 μὲν
1229 1295 1364 1344 δίωξιν
1386 1294 1572 1349 ἐπέσχον,
1607 1295 1655 1337 οὗ
1672 1292 1754 1349 μήν
1767 1301 1810 1337 15

293 1376 337 1416 γε
369 1360 438 1401 καὶ
470 1359 511 1409 ἔς
539 1358 671 1415 φυγὴν
702 1359 887 1412 ἄπεῒδον,
918 1360 1013 1403 ἀλλ’
1046 1360 1209 1416 ἔμενον,
1247 1361 1296 1417 ἤν
1323 1379 1386 1413 τις
1415 1363 1518 1404 ἕπίοι
1538 1360 1755 1416 δεξόμενοι.

292 1427 396 1483 μετὰ
418 1428 605 1484 σφοδρᾶς
628 1428 672 1469 δὲ
694 1426 824 1485 ῥύμης
844 1432 924 1470 τῶν
942 1430 1031 1485 περὶ
1050 1430 1119 1472 τὸν
1136 1428 1358 1487 μάγιστρον
1375 1429 1662 1485 συμπεσόντων
1678 1431 1755 1472 αὗ-

292 1501 399 1547 τοΐς,
433 1496 500 1537 καὶ
520 1500 592 1550 τῆς
613 1499 755 1551 λοιπῆς
777 1494 983 1553 φάλαγγος
1002 1496 1172 1540 ὄπισθεν
1191 1499 1407 1555 ἐρχομένης
1424 1499 1517 1554 μετ’
1542 1499 1767 1553 εὐκοσμίας·

294 1565 362 1606 καὶ
391 1561 563 1615 τάξεως,
598 1564 809 1607 πίπτουσιν
835 1566 960 1616 εὐθὺς
983 1566 1021 1607 οἲ
1044 1565 1307 1624 ἀλκιμώτεροι
1329 1572 1409 1610 τῶν
1431 1570 1619 1616 Σκυθῶν.
1660 1587 1662 1589 ’
1687 1569 1754 1609 καὶ

296 1632 401 1674 κατὰ
428 1629 566 1685 βάθος
590 1636 664 1687 τῆς
690 1630 897 1689 φάλαγγος
917 1636 1153 1689 σχισθείσης
1172 1636 1213 1685 ἐς
1232 1636 1381 1689 μέσους
1400 1636 1638 1690 ἐμπίπτουσι
1658 1635 1809 1685 τοῦς20

294 1698 441 1753 λόχους
469 1699 507 1742 οἳ
535 1698 809 1754 Πατζινάκαι,
843 1706 924 1745 τῶν
953 1701 1131 1759 κεράτων
1163 1702 1440 1747 συνελθόντων
1466 1702 1658 1759 ἀλλήλοις
1685 1705 1754 1746 καὶ

295 1765 493 1810 κύκλωσιν
519 1766 855 1812 ἄποτελεσάντων.
922 1771 987 1813 ἐπ’
1017 1772 1149 1828 ὀλίγον
1178 1766 1249 1815 οὖν
1271 1771 1520 1828 ἀντισχόντες
1541 1772 1752 1824 ἐνέκλιναν,

295 1837 363 1879 καὶ
382 1834 525 1886 πάντες
541 1837 685 1891 σχεδὸν
699 1837 988 1893 κατεκόπησαν.

383 1929 408 1966 4
429 1928 500 1974 γὰρ
523 1942 578 1965 om
602 1930 631 1965 C
740 1933 783 1967 10
806 1929 1025 1976 α’φανίσοιεν
1047 1934 1078 1968 C
1171 1935 1215 1971 13
1237 1932 1489 1980 διεκχυθὲντες
1510 1935 1542 1970 C
1635 1935 1678 1971 15
1700 1935 1753 1983 τῷ

384 1973 654 2024 ἀπροσδοκήτῳ
676 1977 966 2024 καταπλαγέντες
990 1992 1044 2015 om
1066 1981 1096 2016 C

294 2055 486 2101 composito
519 2055 656 2101 agmine
687 2058 912 2105 recederent,
949 2070 1192 2104 nonnunquam
1219 2060 1322 2095 etiam
1349 2071 1461 2106 aequo
1486 2060 1564 2095 loco
1591 2059 1752 2094 conversi

293 2113 370 2136 cum
402 2101 502 2136 hoste
534 2108 745 2182 Pugnarent,
780 2105 892 2139 donec
925 2116 1002 2139 eum
1036 2105 1073 2139 in
1104 2106 1248 2140 insidias
1276 2107 1539 2152 pertraherentz
1571 2109 1642 2140 tum
1667 2117 1752 2141 vero

294 2148 405 2182 effuse
429 2153 466 2182 et
487 2158 532 2181 nu
547 2148 581 2183 lo
604 2150 727 2183 ordine
747 2150 864 2195 fugam
888 2150 1058 2186 facerent.
1106 2157 1206 2186 erant
1229 2153 1371 2186 barbari
1393 2153 1430 2186 in
1452 2158 1525 2187 tres
1543 2151 1651 2186 divisi
1667 2153 1760 2197 par-⁴

292 2198 362 2230 tes.
408 2194 445 2228 in
467 2193 579 2239 prima
603 2199 704 2229 erant
726 2206 802 2231 cum
823 2197 945 2231 Rossis
967 2196 1131 2243 Bulgari‚
1155 2198 1299 2233 seorsim
1323 2198 1452 2241 Turni,
1478 2197 1623 2232 seorsim
1647 2197 1751 2232 etiam

290 2239 513 2274 Patzinacae.
560 2240 634 2276 fors
660 2241 711 2276 ita
731 2242 812 2276 tulit
835 2248 876 2277 ut
896 2243 1047 2279 Ioannes
1070 2244 1179 2288 primo
1203 2244 1351 2278 omnium
1374 2245 1411 2278 in
1431 2243 1637 2278 Patzinaoas
1661 2243 1752 2277 inci-

293 2285 407 2319 deret.
453 2297 616 2331 cumque,
651 2287 704 2321 uti
727 2288 922 2323 mandatum
946 2290 978 2324 ei
1000 2291 1111 2323 fuisse
1133 2290 1464 2335 demonstravimus,
1487 2290 1627 2335 oblique
1649 2297 1751 2324 rece-⁴

292 2331 379 2366 dens
402 2331 519 2375 fugam
541 2332 733 2378 simularet,
767 2334 976 2369 Patzinacae
1001 2336 1149 2370 turbatis
1173 2336 1247 2370 suis
1270 2335 1450 2370 ordinibus
1467 2335 1662 2380 instabant,
1687 2345 1751 2380 spe

291 2376 468 2420 fugientes
491 2378 605 2412 subito
630 2390 747 2414 omnes
768 2379 919 2415 delendi.
946 2382 1095 2416 Romani
1117 2383 1217 2416 modo
1241 2382 1378 2427 agmine
1400 2381 1590 2427 composito
1610 2380 1750 2425 fugien-

290 2427 366 2465 tes,
399 2423 499 2457 modo
523 2423 680 2459 hostibus
702 2437 780 2460 sese
804 2427 1029 2462 obvertentes
1052 2439 1094 2462 ac
1140 2428 1347 2472 raeliantes,
1377 2427 1422 2462 ad
1445 2427 1590 2461 insidias
1613 2437 1751 2460 cursum

290 2469 476 2510 tenebant3
499 2468 536 2502 in
556 2480 645 2514 quas
667 2471 798 2506 medias
822 2472 882 2506 ubi
905 2479 1096 2517 venerunt,
1133 2474 1244 2508 axatis
1269 2473 1414 2508 habenis
1438 2473 1550 2507 effuse
1570 2473 1748 2525 fugerunt,

290 2522 333 2545 ac
354 2513 561 2549 Patzinaoae
585 2515 764 2562 dissipatis
787 2518 968 2553 ordinibus
992 2519 1187 2564 promiscue
1212 2531 1273 2554 eos
1296 2523 1377 2554 sunt
1398 2517 1560 2553 insecuti.
1605 2519 1668 2552 sed
1688 2518 1749 2551 ubi

289 2556 424 2592 Bardas
455 2560 571 2595 subito
605 2573 682 2596 oum
714 2566 789 2598 toto
824 2564 979 2600 exercitu
1016 2566 1196 2611 apparuit,
1232 2577 1272 2600 re
1300 2564 1490 2611 improvisa
1521 2563 1747 2606 consternati,

290 2602 418 2637 omissa
459 2607 701 2648 persecutione
734 2620 802 2643 non
835 2610 972 2655 quidem
1003 2611 1108 2656 fugae
1141 2612 1203 2646 sed
1232 2610 1428 2646 defensioni
1462 2620 1541 2644 sese
1567 2614 1745 2654 pararunt.

287 2648 488 2683 vehementi
506 2656 619 2687 autem
638 2665 714 2687 cum
731 2654 863 2700 impetu
881 2657 1016 2691 Bardae
1034 2657 1187 2692 exercitu
1206 2657 1378 2699 irruente,
1404 2660 1509 2700 atque
1530 2655 1640 2690 altera
1659 2665 1747 2700 quo-

289 2703 358 2746 qu?
393 2706 414 2728 θ·
443 2700 542 2739 tergo
571 2698 743 2744 phalange
766 2702 966 2746 compositis
989 2703 1168 2737 ordinibus
1190 2703 1394 2747 ingruente,
1426 2701 1543 2735 statim
1565 2699 1749 2735 fortissimi

287 2749 418 2783 ‘imque
442 2741 649 2784 Scytharum
674 2745 896 2789 ceciderunt;
929 2754 965 2782 et
988 2759 1106 2783 eorum
1128 2749 1299 2794 phalange
1323 2747 1393 2782 alte
1416 2746 1603 2791 dissipata,
1632 2746 1748 2780 corni-

287 2784 352 2817 bus
384 2785 614 2822 Romanorum
647 2792 851 2827 coeuntibus
881 2793 920 2827 in
951 2794 1065 2829 medio
1096 2794 1307 2841 deprehensi
1333 2793 1544 2827 Patzinacae
1574 2798 1680 2837 atque
1710 2792 1747 2824 in

287 2831 406 2884 orbem
432 2831 678 2912 ‘circuznvenfi-
696 2848 765 2872 non
798 2838 859 2873 diu
881 2839 952 2875 vim
974 2841 1230 2885 sustinuerunt,
1266 2839 1327 2875 sed
1346 2838 1513 2874 inclinata
1537 2838 1613 2873 acie
1636 2848 1748 2883 prope

286 2885 443 2911 unlverSI
468 2889 531 2911 Sllss
573 2891 693 2916 occlsl.
