1890 3236
303 196 370 244 62
697 195 702 201 ’
771 193 1007 240 GEORGII
1037 194 1278 243 CEDRENI

306 307 704 365 διαβαλλομένωντῷ
723 307 897 363 Μιχαὴλ
915 309 982 350 καὶ
1001 306 1023 351 ὃ
1035 306 1308 364 Ἔξαβοῦλιος,
1336 310 1439 370 ἀνὴρ
1459 308 1745 370 φρενήρης<νηαῖ

251 383 281 419 Β
302 378 483 433 συνήθης
502 381 559 434 τῷ
577 379 756 430 βασιλεῖ’,
796 376 868 419 οὗκ
898 375 1101 433 ἄγνωστος
1131 379 1175 420 δὲ
1202 381 1269 421 καὶ
1297 385 1356 439 τῷ
1374 379 1562 436 Μιχαήλ.
1629 375 1746 432 οὗτος

302 445 492 494 πολλάκις
530 446 701 499 ἐπισχεῖν
740 444 862 487 αὐτὸν
896 449 969 500 τῆς
1007 445 1309 503 ἀθυροστομίας
1347 448 1620 506 ἐπιχειρήσας,
1675 451 1744 492 καὶ

300 514 542 570 παραινέσας
564 516 692 568 σιγᾶν,
726 515 791 556 καὶ
810 512 869 568 μὴ
888 513 1015 564 οὕτως
1035 514 1209 572 ἀκαίρως
1226 516 1574 573 παρρησιάζεσθαι
1599 517 1667 560 καὶ
1689 518 1745 568 εἷς

301 587 504 639 προῦπτον
546 580 689 624 ἑαυτὸν
725 586 922 624 συνωθεῖν
955 583 1135 626 κίνδυνον
1167 585 1487 640 παρακαλέσας,
1521 584 1659 640 ἐπειδὴ
1681 583 1777 640 μὴὸ

300 650 432 693 ἔπειθε
444 682 456 701 ,
492 651 595 703 δῆλα
620 648 750 693 πάντα
776 649 828 693 τὰ
860 650 954 693 κατ’
988 651 1109 694 αὐτὸν
1128 652 1267 707 τίθησι
1292 658 1352 711 τῷ
1369 652 1542 707 βασιλεῖς
1605 654 1673 696 καὶ
1692 653 1743 708 δὴ
1771 683 1774 686 <

298 719 376 776 πρὸ
397 722 494 773 μιᾶς
514 716 666 773 ἡμέρας
685 723 757 773 τῆς
781 718 884 761 κατὰ
904 717 1037 776 σάρκα
1057 722 1243 776 Χριστοῦ
1260 725 1334 764 τοῦ
1355 725 1456 765 θεοῦ
1475 721 1590 777 ἡμῶν
1607 718 1745 778 γεννῆ-Ι·

299 804 400 838 σεως
429 785 643 840 δεξάμενος
667 787 739 837 τὰς
765 784 952 842 μηνύσεις
975 786 997 830 ὃ
1025 790 1218 842 βασιλεὺς
1238 790 1299 831 ἐπὶ
1320 789 1506 845 βήματός
1527 806 1570 833 τε
1596 788 1746 840 ἕντοῖς

299 856 572 912 ἀσηκρητείοις
600 853 786 907 ἐκάθισε,
834 857 901 897 καὶ
931 855 1101 912 ἀκριβὴς
1132 858 1342 913 ἐξεταστὴς
1375 863 1456 901 τῶν
1479 857 1746 914 ’μηνθθὲντων

299 925 458 980 ἐγίνετο.
527 922 727 966 ἁλίσκεται
750 924 881 966 τοίνυν
900 924 1173 981 τυραννίδοςὸ
1196 925 1391 982 Μιχαήλ,
1429 927 1549 977 αῧτός
1566 925 1800 970 aureatam

248 1001 280 1036 C
304 997 405 1036 σθαι
438 991 516 1034 ὕπὸ
553 997 624 1046 τῆς
655 993 856 1048 ἐναργείας
884 996 964 1035 τῶν
994 993 1161 1048 ἐλέγχων
1189 995 1481 1050 ἀναγκασθείς·
1514 996 1582 1037 καὶ
1602 991 1747 1051 ψῆφος

303 1062 508 1118 ἐκφέρεται
535 1061 625 1102 κατ’
660 1060 786 1102 αὐτοῦ
813 1062 909 1118 πυρὶ
936 1063 1213 1118 καταστρέψαι
1234 1063 1307 1118 τὴν
1325 1062 1440 1118 ζωήν,
1474 1063 1748 1118 ἐμβληθέντος

302 1131 344 1176 ἐν
372 1133 423 1186 τῇ
449 1129 602 1186 καμίνῳ
630 1133 702 1171 τοῦ
732 1129 774 1171 ἐν
804 1134 863 1186 τῷ
890 1132 1071 1187 παλατίῳ
1099 1134 1290 1187 λουτροῦ,
1339 1129 1434 1174 εἶναι
1463 1132 1508 1174 δὲ
1530 1135 1598 1174 καὶ
1623 1130 1746 1173 αὐτὸν

301 1197 461 1251 θεωρὸν
481 1197 549 1239 τὸν
564 1198 734 1250 βασιλέα
752 1202 823 1240 τοῦ
843 1196 1063 1254 δράματος.
1130 1198 1245 1254 ἤγετο
1264 1200 1337 1254 μὲν
1355 1194 1426 1242 οὖν
1441 1200 1515 1254 τὴν
1530 1201 1594 1242 ἐπὶ
1612 1196 1746 1241 θοίνα-’-

301 1283 371 1309 τον
390 1264 609 1320 δεσμώτης,
644 1266 769 1309 εἵπετο
791 1267 836 1308 δὲ
856 1268 921 1308 καὶ
945 1264 966 1308 ὃ
984 1266 1174 1322 βασιλεὺς
1191 1264 1344 1323 θεατὴς
1363 1266 1462 1310 εἶναι
1483 1266 1747 1325 ὀριγνώμενος
1757 1273 1801 1310 15

299 1339 370 1378 τοῦ
395 1334 618 1390 δρωμένου.
682 1335 723 1376 ἓν
751 1333 833 1392 ὅσῳ
864 1335 907 1376 δὲ
935 1335 981 1378 τὸ
1011 1336 1161 1388 μεταξὺ
1189 1335 1441 1393 παρήμειβον
1462 1335 1685 1396 διάστημα,
1707 1333 1746 1391 ἦ

297 1404 458 1456 βασιλὶς
478 1402 698 1453 Θεοδοσία,
727 1402 772 1444 τὸ
793 1408 865 1445 τοῦ
878 1403 1083 1461 Ἀρσαβὴρ
1102 1404 1337 1460 θυγάτριον,
1365 1408 1561 1459 μαθοῦσα
1582 1404 1627 1446 τὸ
1648 1403 1747 1458 μέλ·

298 1474 369 1513 λον
400 1474 636 1526 πραχθῆναι
670 1470 920 1525 ἕξεισιμετὰ
955 1474 1135 1527 σπουδῆς
1167 1471 1228 1514 ὅτι
1259 1477 1410 1527 πολλῆς
1437 1476 1510 1515 τοῦ
1535 1470 1745 1527 θαλάμου,

299 1537 562 1596 παράβακχόν
595 1555 633 1581 τι
665 1541 732 1581 καὶ
762 1540 931 1594 μανικὸν
959 1541 1180 1595 κινουμένη,
1210 1540 1279 1583 τὸν
1304 1542 1474 1595 βασιλέα
1500 1557 1542 1583 τε
1567 1543 1747 1583 καταλα-

297 1611 432 1661 βοῦσα
465 1605 672 1660 ἀλάστορα
694 1625 737 1650 τε
767 1610 834 1650 καὶ
864 1606 1070 1663 θεομάχον
1095 1607 1281 1651 ἀπεκάλει
1313 1606 1374 1659 οἷς
1405 1609 1498 1651 οὐδὲ
1525 1608 1600 1663 τὴν
1628 1609 1801 1650 &dunzo

245 1684 277 1719 D
300 1674 453 1732 ἡμέραν
474 1675 558 1731 ἄγει
582 1676 649 1717 διὰ
667 1678 850 1733 φειδοῦς,
883 1681 958 1720 τοῦ
984 1678 1099 1719 θείου
1127 1677 1284 1731 με’λλων
1309 1675 1496 1731 σώματος
1511 1680 1746 1731 μετασχεῖν,

297 1746 363 1786 καὶ
386 1749 458 1797 τῆς
485 1742 613 1801 ὁρμῆς
639 1743 860 1787 διεκώλυεν.
928 1739 1046 1796 οὗτος
1067 1746 1110 1787 δὲ
1126 1750 1182 1804 τῷ
1207 1749 1294 1804 θεῷ·
1306 1746 1364 1800 μὴ
1384 1749 1657 1803 προσκροῦσαι
1676 1747 1746 1787 δε-

300 1811 468 1864 δοικώς,
522 1812 568 1855 τὸ
604 1813 678 1866 μὲν
714 1818 963 1871 παραχρῆμα
999 1815 1266 1871 παλίντροπον
1303 1814 1412 1871 αὐτῷ
1444 1813 1518 1869 τὴν
1546 1814 1747 1870 σωτηρίαν

300 1879 543 1938 ἓβράβευσε,
578 1882 743 1939 σίδηρον
771 1883 814 1924 δὲ
843 1889 926 1933 τοῖς
951 1884 1044 1925 ποσὶ
1065 1884 1243 1940 περιθεὶς
1264 1886 1336 1925 τοῦ
1361 1880 1555 1938 Μιχαήλ,
1589 1884 1656 1924 καὶ
1675 1885 1747 1936 τῆς

394 1988 415 2023 1
437 1984 650 2034 ἓκαβούλιος
672 1988 705 2022 C
840 1989 886 2024 20
907 1983 950 2030 ὃς
974 1988 1004 2023 P
1141 1986 1210 2034 τὴν
1230 1985 1371 2034 ἡμέραν
1392 1985 1463 2033 τὴν
1483 1987 1595 2023 θείαν
1616 1987 1648 2023 C

299 2082 490 2124 exponunt.
544 2077 725 2124 plurimum
757 2078 967 2114 delatoribus
1002 2078 1168 2114 Michaeli
1196 2078 1281 2114 fidei
1311 2079 1510 2114 conciliavit
1539 2077 1747 2123 Exabnlius,

299 2124 400 2159 homo
424 2124 575 2170 prudens
597 2125 742 2170 regique
765 2125 946 2160 familiaris
974 2125 1112 2171 ipsique
1142 2125 1314 2159 Michaelo
1346 2137 1414 2160 non
1438 2124 1597 2170 ignotus.
1644 2135 1747 2169 quem

299 2171 332 2205 is
357 2182 431 2205 cum
453 2182 559 2215 saepe
581 2171 625 2205 ab
651 2171 830 2205 immodica
852 2171 990 2206 dicendi
1011 2170 1152 2205 licentia
1175 2176 1268 2205 esset
1290 2171 1512 2216 dehortatus,
1540 2169 1747 2204 monuisset-

300 2228 368 2261 que
391 2221 431 2250 ut
451 2220 585 2250 taceret
606 2227 716 2262 neque
738 2222 808 2251 tam
826 2218 1071 2263 intempestiva
1087 2216 1248 2251 libertate
1270 2216 1341 2250 oris
1364 2217 1401 2251 in
1424 2226 1588 2262 praesens
1607 2215 1748 2261 perieu-

298 2261 367 2296 lum
389 2273 428 2296 se
451 2261 657 2306 coniioeret,
693 2273 768 2296 cum
800 2274 870 2297 non
925 2263 1143 2306 ersuaderet,
1178 2262 1292 2297 omnia
1315 2262 1389 2297 eius
1409 2262 1524 2296 studia
1546 2256 1764 2306 imperatorl‘

299 2307 503 2344 declaravit.
551 2308 666 2354 pridie
687 2308 805 2353 itaque
827 2313 886 2343 nat
919 2308 1062 2342 iciorum
1087 2308 1219 2343 Christi
1242 2308 1431 2354 imperator
1453 2307 1628 2353 perceptis
1653 2305 1746 2341 indi-

299 2353 365 2387 ciis
388 2353 424 2386 in
449 2353 590 2388 archivo
614 2365 677 2399 pro
699 2354 862 2389 tribunali
885 2355 1042 2390 considet
1063 2354 1140 2400 ipse
1163 2355 1207 2389 de
1239 2353 1284 2388 iis
1314 2352 1554 2399 inquisiturus.
1600 2351 1653 2387 ibi
1675 2351 1747 2386 Mi-

302 2398 440 2432 chaelus
464 2410 504 2433 re
525 2406 688 2435 accurate
714 2401 892 2446 explorata
913 2401 1099 2436 affectatae
1121 2399 1315 2444 tyrannidis
1335 2410 1416 2433 reus
1438 2398 1638 2444 peragitur,
1669 2397 1748 2444 ipse

301 2443 405 2477 etiam
428 2445 585 2479 confiteri
608 2445 718 2480 scelus
742 2448 785 2481 ob
808 2447 1050 2492 probationum
1074 2445 1355 2491 perspicuitatem
1373 2449 1534 2486 coactus3
1567 2443 1749 2489 ferturque

299 2489 338 2522 in
356 2499 431 2522 eum
450 2490 632 2536 sententia,
657 2496 694 2527 ut
716 2492 753 2526 in
775 2492 940 2526 caminum
959 2491 1105 2537 lavacri,
1132 2492 1224 2537 quod
1247 2495 1300 2525 est
1319 2490 1357 2524 in
1379 2489 1521 2536 palatio,
1545 2488 1646 2522 vivus
1663 2490 1747 2522 con-

301 2533 412 2567 iectus
436 2542 615 2581 cremetur,
643 2537 851 2583 inspiciente
874 2538 1097 2584 imperatore.
1124 2548 1199 2572 cum
1222 2537 1289 2572 iam
1312 2536 1450 2571 vinctus
1474 2535 1518 2569 ad
1542 2533 1747 2579 supplicium

300 2579 497 2623 duceretur,
521 2581 626 2626 idque
649 2583 838 2629 imperator
859 2595 973 2619 coram
992 2594 1135 2618 cernere
1158 2582 1316 2627 gestiret,
1339 2579 1476 2616 interim
1499 2579 1577 2613 dum
1597 2579 1748 2623 spatium

300 2635 369 2669 quo
393 2625 436 2659 ad
458 2625 567 2660 locum
615 2639 721 2663 uenae
745 2630 884 2665 venitur
905 2629 1193 2676 perambularent,
1217 2626 1418 2673 imperatrix
1443 2624 1655 2669 Theodosia,
1678 2622 1746 2658 Ar-

300 2671 418 2704 saberi
437 2671 543 2706 filiola
566 2672 643 2717 ila,
677 2674 759 2718 quid
794 2676 961 2719 agendum
993 2679 1086 2710 esset
1118 2673 1276 2719 cognito,
1307 2671 1468 2707 celeriter
1489 2669 1638 2704 thalamo
1660 2669 1745 2714 exit,

300 2716 452 2751 bacchae
475 2717 649 2752 cuiusdam
670 2719 781 2754 instar
802 2726 896 2755 motu
918 2721 1050 2756 furioso
1079 2731 1157 2754 sese
1186 2729 1311 2763 agens,
1347 2717 1657 2762 imperatoremque
1680 2726 1746 2761 ap-

299 2761 505 2807 prehensum
527 2763 735 2808 flagitiosum
759 2777 800 2800 ac
822 2767 886 2800 deo
912 2767 1151 2802 adversantem
1174 2763 1336 2810 appellat,
1371 2762 1431 2807 qui
1454 2773 1498 2795 ne
1523 2773 1643 2796 sacrae
1664 2760 1745 2806 qui-

299 2808 378 2841 dem
401 2808 472 2842 diei
494 2815 674 2854 parceret,
707 2811 911 2847 dominicum
934 2823 1059 2857 corpus
1080 2815 1322 2857 percepturus.
1367 2807 1418 2842 ita
1439 2796 1670 2853 imperatorias
1679 2807 1745 2841 im-

299 2857 416 2898 petum
439 2865 483 2891 ea
504 2854 665 2903 inhibuit,
690 2860 730 2893 ut
752 2861 905 2893 metuens
926 2869 971 2893 ne
996 2858 1095 2893 deum
1117 2855 1321 2900 offenderet,
1352 2853 1390 2890 in
1411 2852 1611 2900 praesentia
1635 2850 1746 2888 salute
