1890 3236
291 186 389 234 288
759 181 999 230 GEORGII
1029 182 1273 228 CEDRENI

288 298 384 350 τοὺς
416 295 495 340 ἀπὸ
522 298 595 351 τῆς
619 298 773 353 τροπῆς
808 293 1021 350 δεχόμενον
1050 292 1400 352 ὓποστρέψαντας.
1463 293 1659 343 ‘cotton’
1690 296 1744 342 ἄν

286 366 500 410 ἐπεπόνθει
508 395 522 415 ,
568 365 604 406 εἰ
630 363 688 419 μὴ
707 364 917 421 Στέφανος
939 361 1162 421 μάγιστρος
1191 362 1214 407 ὅ
1245 368 1326 408 τῶν
1356 362 1581 423 ἐπιτρόπων
1601 364 1743 419 εἴηκαὶ

285 437 590 481 Κωνσταντΐνος
619 433 826 487 πατρίκιος
854 429 875 474 ὃ
896 433 936 473 Γ
933 430 1102 489 ογγύλης
1109 463 1123 484 ,
1168 433 1301 475 πολλὰ
1325 431 1540 487 δυνάμενοι
1557 434 1675 492 παρὰ
1690 439 1742 493 τῇ

285 502 496 557 δεσποίνῃ,
536 499 659 542 αὐτὸν
678 499 955 557 ἓξερρῦσαντο.
1023 500 1196 555 Συμεών
1220 501 1265 543 δὲ
1284 501 1479 558 ἐπαρθεὶς
1494 505 1545 559 τῇ
1562 502 1742 560 ’νίκῃςκαὶ

284 574 474 627 γαυριῶν,
509 566 615 625 ἄρας
643 565 751 610 ἅπαν
780 569 908 611 αὐτοῦ
934 568 980 611 τὸ
1015 567 1271 626 στράτευμα,
1306 569 1412 612 κατὰ
1440 573 1514 625 τῆς
1533 571 1774 624 βασιλίδοςῦ

282 638 476 694 ἠπείγετο.
543 637 712 691 ἐξῆλθεν
731 631 802 679 οὖν
821 635 943 679 πάλιν
969 634 990 679 ὅ
1014 638 1249 691 ὁομὲστικος
1267 638 1394 681 Λέων
1417 635 1439 680 ὃ
1461 640 1612 690 Φωκᾶς
1629 639 1698 691 καὶ
1717 635 1744 682 ὅ
1770 684 1774 688 .

284 703 559 763 ἓταιρειάρχης
588 702 775 760 Ἰωάννης
801 707 868 747 καὶ
893 703 1098 757 Νικόλαος
1121 704 1144 748 ὅ
1172 707 1479 750 Κωνσταντίνου
1506 710 1580 750 τοῦ
1598 706 1745 752 Δοῦκα

283 772 392 826 υἱός,
438 772 540 828 μετά
568 789 688 816 τινων
709 778 966 830 στρατιωτῶν
987 779 1067 817 τῶν
1089 775 1432 832 παρευρεθέντων,
1468 775 1525 826 εἷς
1543 773 1748 830 συνάντη-

281 859 346 885 σιν
355 837 505 885 ἀύτοῦ.
573 843 640 884 καὶ
662 842 767 884 κατὰ
783 841 907 885 τόπον
924 842 996 885 τὸν
1012 841 1222 899 λεγόμενον
1244 840 1519 900 Κατασῦρτας
1538 841 1744 902 ἀπομοίρᾳ

233 914 265 950 C
286 913 360 954 τινὶ
389 907 638 967 Βουλγὰρων
665 912 721 962 εἷς
749 910 954 967 προνομὴν
980 913 1216 970 πεμφθείσῃ
1248 909 1535 968 συνηντηκότες
1557 908 1739 970 προσρή·
1754 914 1798 951 1⁰

282 996 446 1036 γνυνται
475 977 633 1029 τούτοις
667 980 735 1022 καὶ
766 980 976 1036 τρέπονται
1009 980 1195 1031 εὐπετῶς.
1262 980 1513 1039 ἀκραιφνοῦς
1544 981 1591 1024 δὲ
1621 978 1744 1024 πάλιν

284 1046 423 1105 ἑτέρας
443 1046 754 1103 ἐπεισπεσούσης
764 1079 777 1100 ,
821 1046 1064 1106 ὑφίστανται
1086 1051 1152 1091 καὶ
1170 1046 1320 1107 ταύτην
1344 1048 1494 1109 ῥᾳδίως
1511 1066 1554 1092 τε
1581 1051 1651 1092 καὶ
1669 1048 1746 1092 ἀνά

279 1115 537 1174 δρικώτερον,
582 1117 649 1158 καὶ
668 1118 814 1172 γίνεται
835 1116 948 1172 μάχη
975 1118 1152 1174 καρτερὰ
1176 1120 1244 1160 καὶ
1266 1118 1330 1160 ἐπὶ
1349 1116 1476 1161 πολὺν
1494 1117 1744 1175 &caeninam

280 1184 441 1242 χρόνον,
475 1186 543 1227 καὶ
568 1185 779 1241 τρέπονται
808 1186 882 1239 μὲν
911 1185 949 1227 οἳ
967 1185 1222 1242 Βούλγαροι,
1257 1183 1414 1244 ἐσφάγη
1433 1186 1478 1229 δὲ
1496 1184 1703 1237 Νικόλαος
1719 1183 1743 1229 ὃ

281 1258 355 1296 τοῦ
372 1253 516 1296 Λοῦκα
533 1252 621 1304 υἱός
629 1285 642 1305 ,
676 1252 861 1311 ἡρωϊκῶς
878 1252 1177 1310 ἀγωνισάμενος
1194 1255 1262 1297 καὶ
1281 1254 1408 1305 αἴτιος
1425 1259 1498 1309 τῆς
1513 1255 1624 1310 νίκης
1637 1252 1742 1299 Ῥω-
1754 1258 1798 1295 15

278 1323 416 1377 μαίοις
434 1319 655 1378 γενόμενος.
723 1323 793 1365 καὶ
811 1323 862 1365 τὰ
884 1323 960 1378 μὲν
977 1323 1083 1366 κατὰ
1103 1323 1174 1366 τὸν
1192 1322 1369 1379 πόλεμον
1388 1323 1617 1380 συνηνέχθη
1632 1323 1741 1381 γενέ-

279 1394 386 1434 σθαι
402 1389 544 1440 οὕτως.

417 1459 483 1500 Τὰ
509 1459 553 1501 δὲ
574 1457 679 1500 κατὰ
699 1455 817 1501 πόλιν
839 1455 966 1501 ἐνόσει
987 1459 1145 1511 δεινῶς,
1180 1463 1340 1502 πολλῶν
1357 1460 1425 1502 καὶ
1439 1459 1638 1516 μεγίστων
1654 1458 1743 1502 ἔπι-ρ

277 1527 530 1583 μαινομένων
547 1531 599 1584 τῇ
616 1529 803 1588 βασιλεία
823 1529 889 1570 καὶ
906 1531 965 1585 τῷ
980 1525 1129 1582 ταύτης
1144 1526 1263 1584 ἔρωτι
1284 1529 1551 1585 φλεγομένων,
1593 1522 1650 1572 ὧν
1669 1545 1744 1571 κο-

278 1602 454 1653 ρυφαῖος
472 1591 521 1650 ἦν
539 1594 560 1638 ὃ
588 1598 750 1646 Φωκᾶς.
822 1593 1016 1652 ὑπάρχων
1037 1595 1116 1653 γὰρ
1137 1590 1254 1647 οὗτος
1281 1596 1347 1639 ἐπ’
1378 1596 1537 1655 ἀδελφῇ
1556 1596 1797 1653 γαμβρόςξθ

279 1668 353 1706 τοῦ
372 1664 734 1721 παρακοιμωμὲνου
753 1665 1074 1716 Κωνσταντίνου,
1117 1663 1274 1720 μεγάλα
1293 1662 1385 1708 τότε
1402 1670 1484 1708 τῶν
1502 1667 1546 1708 ἓν
1562 1671 1647 1715 τοῖς
1660 1669 1741 1719 βα-

228 1736 256 1772 1)
282 1734 443 1783 σιλειόις
473 1732 695 1786 δυναμένου
724 1731 936 1786 εὐνούχων,
979 1734 1046 1774 καὶ
1068 1733 1134 1774 ἐπ’
1161 1734 1272 1792 αὐτῷ
1291 1736 1458 1777 πλεῖστα
1475 1737 1648 1791 θαρρῶν
1665 1732 1741 1793 ρᾳ-

279 1801 376 1851 δίως
394 1800 493 1860 ᾤετο
514 1800 560 1843 τὸ
579 1804 651 1855 τῆς
667 1802 877 1855 βασιλείας
898 1802 1082 1852 καθέξειν
1100 1800 1261 1858 κράτος.
1329 1801 1392 1844 διὸ
1414 1803 1482 1844 καὶ
1501 1802 1629 1852 πολὺς
1645 1802 1742 1860 ἐφέ-

370 1897 395 1932 6
417 1891 440 1930 ὅ
466 1895 599 1936 Φωκᾶς
619 1908 672 1931 om
697 1896 728 1930 C
825 1898 849 1934 7
873 1893 1010 1936 &omos
1030 1896 1061 1931 C
1152 1897 1175 1933 8
1197 1894 1459 1941 πορευθέντων
1477 1895 1508 1931 C
1599 1896 1624 1933 9
1644 1894 1742 1931 κατὰ

370 1939 583 2031 ἶέἕὲεἶέὲτᾋι
601 1939 670 1978 τᾶν
692 1943 723 1979 C
862 1945 904 1980 11
927 1940 1047 1989 ταύτῃ
1071 1942 1102 1978 G
1240 1944 1285 1980 15
1308 1939 1443 1984 δουκὸς
1464 1943 1496 1978 C
1620 1942 1665 1978 16
1687 1954 1744 1987 γι-

279 2077 350 2101 non
371 2067 414 2102 ad
438 2079 477 2101 se
500 2065 712 2112 collegisset.
756 2065 918 2112 emtique
940 2067 1091 2102 fuissent
1114 2067 1147 2101 ei
1173 2065 1276 2111 oculi,
1312 2066 1382 2101 nisi
1407 2065 1606 2113 Stephanus
1630 2064 1742 2110 magi-

281 2119 366 2156 ster,
390 2124 478 2147 unus
501 2118 653 2148 tutorum
674 2114 907 2158 imperatoris,
941 2119 977 2148 et
996 2114 1246 2148 Constantinus
1267 2112 1447 2157 Gongyles
1468 2111 1647 2166 patricius,
1681 2111 1743 2156 qui

279 2159 372 2203 apud
403 2160 592 2203 Augustam
625 2158 770 2204 largiter
800 2165 982 2205 poterant,
1029 2171 1105 2194 eum
1144 2158 1368 2204 eripuissent.
1439 2159 1583 2193 Simeon
1625 2162 1742 2193 antem

278 2203 431 2239 victoria
458 2204 574 2243 ‘elatus
608 2216 649 2239 ac
679 2205 854 2239 ferociens
889 2206 931 2239 ad
963 2206 1083 2240 urbem
1115 2206 1208 2240 omni
1242 2216 1318 2239 cum
1354 2215 1418 2239 suo
1461 2203 1619 2238 exercitu
1657 2215 1743 2248 pro-

278 2250 432 2296 peravit.
479 2261 615 2285 rursum
651 2251 759 2296 igitur
782 2251 856 2285 Leo
887 2251 1024 2285 Phocas
1054 2251 1246 2285 scholarum
1280 2249 1491 2285 domesticus
1525 2255 1562 2284 et
1592 2249 1743 2284 Ioannes

278 2295 472 2330 sodalitatis
516 2297 586 2331 dux
628 2309 669 2331 ac
703 2297 871 2331 Nicolaus
907 2298 1130 2331 Constantini
1161 2297 1283 2331 Ducae
1322 2296 1415 2330 filius
1458 2295 1609 2339 milites,
1653 2306 1741 2340 quos

277 2347 350 2375 tum
383 2342 420 2375 in
455 2348 616 2387 promptu
645 2343 838 2387 habebant,
871 2343 1039 2378 adversus
1072 2355 1148 2378 eum
1181 2343 1353 2384 educunt3
1387 2346 1423 2376 et
1454 2341 1548 2386 apud
1571 2342 1743 2384 Catasyr-

276 2392 331 2422 tas
362 2387 455 2431 (loci
491 2387 556 2422 hoc
588 2393 643 2423 est
674 2391 823 2435 nomen)
855 2388 892 2423 in
924 2389 1100 2423 cohortem
1131 2388 1303 2434 quandam
1326 2388 1555 2432 Bulgarorurn
1582 2386 1742 2421 inciden-

276 2438 330 2467 tes
360 2433 563 2478 praedatum
597 2446 791 2479 egressam,
827 2447 902 2469 eam
932 2435 1137 2470 adoriuntur
1170 2434 1333 2480 nulloque
1367 2433 1510 2478 negotio
1533 2433 1744 2478 profligant3

277 2490 356 2512 mox
378 2484 554 2514 recentem
577 2480 681 2515 aliam
702 2481 919 2525 ingruentem
942 2481 1084 2515 fortiter
1108 2480 1352 2524 subsistentes,
1387 2490 1538 2525 pugnam
1560 2490 1675 2512 acrem
1700 2489 1743 2512 ac

277 2524 338 2558 diu
362 2524 541 2559 durantem
566 2528 708 2571 obeunt,
744 2527 984 2571 Bulgarosque
1006 2527 1167 2561 fundunt.
1217 2526 1345 2560 cecidit
1367 2536 1409 2559 ea
1431 2524 1468 2558 in
1492 2534 1606 2569 pugna
1629 2523 1742 2558 Nico-

277 2569 354 2603 laus
375 2570 494 2604 Ducae
517 2571 608 2606 filius
632 2573 774 2607 heroice
796 2584 966 2618 pugnans,
992 2573 1053 2618 qui
1072 2579 1108 2607 et
1126 2583 1262 2606 causam
1278 2569 1441 2606 vincendi
1454 2569 1620 2605 Romanis
1635 2580 1742 2616 prae-

277 2615 367 2650 buit.
416 2616 473 2650 hic
494 2621 565 2650 tum
588 2630 702 2653 rerum
726 2619 927 2653 bellicarum
953 2623 1065 2653 status
1091 2623 1181 2652 erat.
1468 2648 1470 2651 ,

371 2659 419 2695 At
444 2673 501 2695 res
525 2663 645 2698 civiles
671 2665 820 2709 pessimo
847 2670 948 2699 erant
969 2664 1059 2706 loco,
1083 2663 1198 2698 multis
1216 2662 1331 2708 iisque
1347 2659 1486 2697 summis
1507 2659 1596 2695 viris
1617 2659 1740 2695 insano

281 2705 421 2751 imperii
443 2718 560 2742 amore
583 2710 796 2748 ardentibus.
844 2710 966 2744 horum
988 2710 1091 2744 facile
1114 2709 1277 2755 princeps
1300 2712 1377 2742 erat
1398 2706 1473 2741 Leo
1495 2706 1654 2751 Phocus,
1680 2706 1742 2752 qui

282 2752 377 2798 quod
401 2764 542 2788 uxorem
565 2754 715 2790 habebat
739 2756 961 2791 Constantini
984 2755 1187 2790 cubicularii
1209 2754 1321 2788 intimi
1342 2763 1509 2796 sororem,
1535 2756 1572 2786 et
1592 2764 1635 2788 ea
1651 2757 1741 2786 tem-

282 2803 420 2843 pestate
444 2810 567 2843 magna
587 2806 664 2835 erat
684 2803 916 2836 eunuchorum
939 2803 975 2836 in
999 2802 1079 2836 aula
1100 2800 1270 2847 potentia,
1296 2799 1334 2834 in
1352 2810 1394 2832 eo
1412 2799 1592 2844 plurimum
1606 2807 1741 2844 ponens

282 2844 432 2880 fiduciae
455 2856 525 2880 non
547 2857 669 2891 magno
693 2847 835 2894 negotio
860 2859 899 2883 se
927 2847 1116 2894 potiturum
1146 2846 1292 2892 imperio
1326 2845 1492 2891 putabat,
1525 2843 1675 2889 ideoque
1703 2843 1741 2878 in
