1890 3236
330 188 427 233 352
801 184 1038 230 GEORGII
1071 185 1314 230 GEDRENI

328 317 409 355 μου
432 298 475 340 δὲ
495 296 751 347 τελεσθέντος
769 296 810 338 ἓν
825 300 876 353 τῇ
898 294 1002 340 κατὰ
1019 297 1065 340 τὸ
1087 295 1283 342 παλάτιον
1301 298 1371 360 νέᾳ
1388 297 1596 362 ἐκκλησίᾳ,
1623 299 1780 357 ἐπείπερ

329 368 497 422 ἤμελλεν
519 366 675 416 εἶ’σοδος
695 366 737 407 ἓν
755 369 813 423 τῷ
830 366 1111 425 θυσιαστηρίῳ
1130 367 1337 423 γενέσθαι,
1371 370 1444 423 τῆς
1454 369 1592 426 χειρὸς
1605 369 1782 426 κατέχων

331 435 454 479 αὐτὸν
474 432 494 475 ὃ
513 431 769 484 Πολύευκτος
788 435 854 476 καὶ
875 440 964 484 ταῖς
984 434 1108 490 ἱεραῖς
1127 436 1283 492 ἐγγίσας
1301 438 1514 492 κιγκλίσιν,
1547 437 1684 483 troam
1706 438 1781 494 μὲν

328 502 450 553 αὐτὸς
478 504 532 552 εἰς
559 502 611 544 τὰ
637 501 790 554 ἄδυτα,
822 501 968 545 ἐκεῖνον
999 503 1042 544 δ’
1071 502 1277 559 ἐξώθησεν
1303 503 1472 548 ὄπισθεν
1480 536 1495 558 ,
1528 505 1699 550 ἐπειπὼν
1721 506 1780 562 μὴ

326 569 521 627 πρότερον
549 568 946 627 συγχωρηθήσεσθαι
975 570 1097 614 αὐτὸν
1120 574 1175 622 εἰς
1195 572 1240 615 τὸ
1262 570 1556 630 θυσιαστήριον
1575 575 1814 627 &itemst

327 641 421 696 πρὶν
443 638 493 680 ἂν
512 639 672 693 δέξηται
692 640 868 694 ἐπιτίμια
886 639 1296 697 δευτερογαμούντων.
1342 639 1512 697 ἐλύπησε
1533 642 1577 686 δὲ
1595 643 1638 686 ἓν
1653 640 1783 702 τούτῳ

328 707 399 750 τὸν
428 706 689 764 Νικηφόρον,
728 709 796 750 καὶ
824 707 871 751 οὗ
897 708 1067 751 διέλιπεν
1096 710 1267 766 ἔγκοτῶν
1287 709 1398 768 αὐτῷ
1420 709 1538 768 μέχρι
1557 714 1630 766 τῆς
1649 713 1784 755 τελευ-

328 780 413 831 τῆς.
482 777 684 819 διεδέδοτο
707 776 750 818 δὲ
768 778 835 818 καὶ
853 775 975 834 λόγος
992 775 1224 834 ἁπανταχοῦ
1230 809 1244 830 ,
1279 777 1324 828 ὃς
1341 777 1390 821 οὗ
1406 783 1560 836 μικρῶς
1579 777 1786 837 διετάραξε

331 844 404 899 τὴν
434 844 669 900 ἐκκλησίαν,
699 842 834 902 ὅτιπερ
864 844 886 887 ὅ
912 845 1151 904 Νικηφόρος
1177 846 1256 889 ἀπὸ
1278 851 1349 890 τοῦ
1372 844 1487 903 ἁγίου
1504 847 1787 904 βαπτίσματος

281 919 311 952 C
337 911 534 968 ἀνάδοχος
565 914 713 969 ἐγένετο
743 918 823 956 τῶν
850 917 923 969 τῆς
953 914 1189 972 Θεοφανοῐίς
1212 914 1300 966 ἑνὸς
1327 916 1496 959 παίδων.
1561 914 1711 972 ταύτης
1740 916 1786 959 δὲ
1797 920 1842 957 10

332 987 405 1037 τῆς
425 981 564 1039 φήμης
587 980 641 1032 ὡς
662 980 825 1038 εὐλόγου
848 982 1037 1041 ἀφορμῆς
1057 981 1305 1041 δραξάμενος
1326 981 1348 1027 ὃ
1366 981 1625 1035 Πολύευκτος
1650 982 1677 1040 ἢ
1699 1000 1788 1040 χω-

334 1055 525 1107 ρισθῆναι
555 1050 679 1093 αὐτὸν
702 1049 929 1105 ἀπεμάχετο
957 1056 1030 1107 τῆς
1057 1052 1243 1108 γυναικὸς
1270 1052 1374 1095 κατὰ
1400 1051 1470 1096 τὸν
1499 1051 1650 1096 κανόνα
1669 1051 1697 1108 ἢ
1715 1055 1790 1110 τῆς

332 1121 543 1174 ἐκκλησίας
563 1119 797 1176 ἀναχωρεῖν.
865 1118 889 1162 ὃ
906 1119 956 1175 δὴ
977 1122 1042 1162 καὶ
1061 1121 1271 1176 πεποίηκε,
1300 1125 1375 1177 τῆς
1400 1119 1636 1179 Θεοφανοῦς
1655 1120 1790 1176 ἐξεχό-

333 1205 466 1243 μενος.
535 1186 888 1244 συγκαλεσάμενος·
910 1189 954 1231 δὲ
984 1189 1080 1239 τοὺς
1107 1189 1378 1244 ἐνδημοῦντας
1405 1187 1644 1240 ἐπισκόπους
1670 1191 1712 1233 ἓν
1738 1192 1791 1247 τῇ

334 1254 446 1299 πόλει
466 1258 532 1298 καὶ
551 1257 645 1306 τοὺς
662 1260 735 1311 τῆς
752 1254 976 1313 συγκλήτου
993 1256 1189 1314 λογάδας,
1223 1258 1367 1313 σκέψιν
1390 1259 1479 1312 περὶ
1501 1255 1646 1300 τούτου
1668 1257 1788 1312 προέ-
1801 1260 1845 1298 15

335 1329 450 1368 ano.
517 1324 661 1375 πάντες
690 1322 735 1367 δέ
764 1320 874 1369 οὗτοι
898 1330 970 1368 τοῦ
993 1324 1277 1383 Κοπρωνύμου
1297 1324 1396 1369 εἶναι
1415 1326 1486 1369 τὸν
1502 1323 1627 1381 νόμον
1645 1324 1791 1382 ἔλεγον,

337 1395 404 1435 καὶ
428 1392 519 1436 δέον
539 1393 661 1436 αὐτὸν
678 1393 736 1449 μὴ
758 1393 1037 1451 φυλάττεσθαι
1057 1394 1227 1452 ἔκριναν.
1293 1392 1406 1438 τοῦτ’
1429 1394 1510 1452 ἄρα
1526 1395 1594 1437 καὶ
1611 1395 1794 1449 λίβελλον

284 1466 317 1500 D
339 1461 520 1520 ἀφέσεως
545 1460 856 1519 ’ὖπυγράψαντες
884 1461 1015 1522 τούτῳ
1043 1462 1340 1507 ἐπιδεδώκασιν.
1408 1461 1466 1506 ἔτι
1492 1462 1533 1505 δ’
1564 1460 1795 1518 ἀναβαλλό-

335 1547 455 1585 μενον
481 1530 551 1573 τὸν
579 1529 838 1574 Πολύευκτον
859 1535 1095 1587 κοινωνῆσαι
1123 1536 1182 1591 τῷ
1207 1535 1372 1585 βασιλεῖ’
1393 1529 1414 1574 ὅ
1436 1533 1601 1589 Καῖσαρ
1622 1531 1794 1589 ἐπληρο-

339 1596 516 1656 φόρησεν
540 1597 595 1649 ὡς
618 1599 689 1642 οὗκ
711 1598 910 1654 ἀνάδοχος
931 1598 1102 1656 γέγονεν.
1168 1600 1272 1642 ἀλλὰ
1299 1601 1367 1642 καὶ
1395 1599 1615 1650 Στυλιανὸς
1636 1597 1658 1642 ὃ
1681 1605 1849 1656 new-20

338 1671 524 1718 τοπαπᾶς
550 1672 622 1710 τοῦ
648 1666 824 1723 μεγάλου
847 1670 1044 1711 παλατιόυ
1055 1699 1069 1721 ,
1098 1668 1140 1719 ἐξ
1166 1662 1216 1711 οὗ
1238 1666 1399 1724 πρώτου
1419 1668 1570 1724 ἐλέγετο
1588 1665 1795 1723 ἡτοιαύτη

341 1734 458 1792 φήμη
477 1738 715 1793 διαδραμεῖν
722 1767 736 1789 ,
772 1734 939 1779 ἐνώπιον
959 1737 1093 1780 ἐλθὼν
1110 1741 1182 1792 τῆς
1201 1735 1374 1781 συνόδου
1393 1738 1460 1780 καὶ
1478 1740 1552 1792 τῆς
1571 1734 1795 1793 συγκλήτου

435 1865 455 1900 1
482 1862 522 1899 ἐν
542 1865 589 1911 τῇ
611 1862 679 1922 νέα
701 1862 870 1912 ἐκκλησίᾳ
893 1866 941 1912 τῇ
959 1862 1057 1910 ἀμφὶ
1079 1863 1122 1901 τὸ
1148 1863 1332 1900 παλάτιον
1353 1866 1384 1901 C
1495 1865 1521 1902 4
1542 1862 1683 1911 αὐτὸς]
1707 1864 1799 1901 έκεῖ-

430 1911 684 2002 Ξῖςὲώτητὸ
701 1907 842 1947 ἄδυτον
857 1912 887 1947 C
975 1914 1011 1999 8ι
1019 1911 1083 1948 καὶ
1102 1910 1213 1958 λόγος
1233 1910 1274 1947 δὲ
1298 1909 1432 1958 ἐφοίτα
1454 1913 1486 1948 G
1577 1914 1621 1950 17
1637 1910 1746 1947 ταῦτ’
1765 1913 1795 1947 C

339 2068 472 2116 nuptiis
494 2069 531 2104 in
556 2081 647 2106 novo
671 2070 717 2106 ad
738 2071 902 2117 palatium
923 2070 1072 2117 templo,
1108 2082 1183 2106 cum
1212 2070 1250 2105 in
1280 2069 1512 2106 sanctuarium
1542 2073 1636 2106 esset
1659 2070 1797 2106 intran-

339 2118 441 2161 dum,
477 2128 578 2151 manu
601 2129 678 2152 eum
700 2122 823 2152 tenens
846 2117 1078 2162 polyeuctus,
1108 2123 1148 2151 ut
1169 2117 1214 2151 ad
1237 2128 1353 2151 sacros
1379 2117 1549 2152 cancellos
1569 2121 1710 2152 ventum
1731 2123 1798 2162 est,

338 2162 418 2207 ipse
442 2162 479 2196 in
503 2163 643 2206 adytum
669 2163 793 2198 introit
818 2168 855 2198 et
877 2163 1118 2208 imperatorem
1139 2163 1298 2207 repellit,
1333 2163 1451 2208 aitque
1476 2175 1546 2198 non
1566 2162 1799 2198 intromissum

339 2208 407 2252 iri,
441 2207 640 2253 priusquam
671 2220 799 2255 poenas
828 2221 892 2255 pro
925 2209 1085 2243 secundis
1109 2209 1239 2254 nuptiis
1261 2208 1395 2244 luisset.
1441 2209 1619 2244 molestum
1644 2208 1710 2244 hoc
1731 2209 1802 2243 fuit

339 2253 563 2300 Nicephoro,
599 2260 634 2290 et
665 2255 707 2289 ad
740 2255 843 2290 finem
876 2266 987 2300 usque
1016 2255 1113 2289 vitae
1142 2254 1335 2299 Polyeucto
1358 2254 1568 2290 succensuit.
1615 2253 1802 2290 didebatur

343 2300 447 2334 etiam
479 2300 607 2345 passim
640 2312 776 2345 rumor,
815 2300 876 2346 qui
907 2312 977 2335 non
1005 2300 1147 2345 exiguas
1170 2300 1207 2334 in
1232 2300 1378 2335 ecclesia
1400 2303 1520 2336 turbas
1543 2299 1659 2345 dedit,
1697 2312 1801 2336 unum

341 2346 531 2380 liberorum
565 2346 836 2392 Theophanonis
871 2346 981 2381 fuisse
1017 2359 1039 2381 a
1073 2347 1273 2392 Nicephoro
1310 2359 1330 2380 e
1365 2358 1464 2382 sacro
1487 2347 1659 2392 baptismo
1682 2358 1801 2382 susce-

342 2396 451 2436 ptum.
500 2403 575 2427 eum
599 2398 639 2427 ut
661 2393 855 2437 speciosam
879 2404 996 2427 ansam
1018 2393 1189 2438 arripiens
1212 2392 1440 2437 Polyeuctus,
1471 2393 1715 2438 imperatorem
1741 2398 1802 2428 aut

341 2436 529 2481 repudiare
558 2450 700 2473 uxorem
731 2439 829 2472 iuxta
858 2450 979 2473 sacrae
1010 2438 1267 2473 constitutionis
1293 2438 1540 2484 praescriptum
1562 2438 1691 2472 debere
1715 2450 1799 2473 con-

342 2483 528 2526 tendebat,
563 2490 623 2518 aut
646 2484 796 2518 ecclesia
817 2484 1005 2519 abstinere.
1053 2490 1158 2530 atque
1183 2484 1248 2518 hoc
1271 2484 1444 2530 posterius
1472 2484 1560 2529 fecit
1579 2483 1801 2539 Nicephorus'

342 2528 443 2562 uxori
467 2529 617 2564 deditus.
665 2535 702 2565 et
729 2530 931 2565 convocatis
958 2529 1018 2576 qui
1041 2530 1077 2564 in
1101 2531 1187 2564 urbe
1208 2535 1280 2564 tum
1303 2530 1481 2576 peregrini
1502 2533 1603 2564 erant
1624 2529 1800 2577 episcopis

345 2584 386 2606 ac
411 2574 554 2609 delectis
578 2576 816 2620 senatoribus,
843 2588 915 2610 rem
941 2576 992 2610 eis
1014 2576 1269 2610 deliberandam
1294 2575 1486 2622 proposuit.
1533 2575 1561 2609 ii
1579 2586 1697 2610 omnes
1715 2587 1800 2611 con-

345 2618 560 2655 stitutionem
584 2633 657 2655 eam
682 2622 896 2667 Copronymi
920 2633 1018 2666 esse,
1052 2633 1163 2666 eaque
1191 2623 1433 2667 imperatorem
1457 2633 1527 2656 non
1547 2621 1679 2664 teneri,
1717 2633 1800 2668 pro-

344 2665 612 2709 nuntiaverunt3
638 2667 855 2712 libellumque
876 2667 1151 2702 absolutionibus
1170 2668 1401 2713 subscriptum
1427 2678 1448 2701 a
1470 2678 1509 2702 se
1526 2666 1597 2712 ipsi
1617 2667 1800 2702 dederunt.

343 2709 563 2745 nihilominus
594 2718 708 2747 tamen
741 2713 999 2758 tergiversante
1020 2714 1242 2759 patriarcha,
1274 2720 1311 2747 et
1331 2725 1389 2747 res
1411 2724 1530 2747 sacras
1554 2724 1628 2747 cum
1651 2713 1801 2759 impera-

343 2761 421 2798 tore
444 2767 638 2791 communes
662 2759 793 2793 habere
822 2765 1022 2802 recusante,
1058 2759 1189 2794 Caesar
1221 2759 1324 2793 fidem
1354 2758 1440 2793 fecit
1466 2759 1702 2804 Nicephorum
1733 2769 1802 2793 non

342 2800 454 2835 fuisse
484 2808 732 2847 susceptorem.
777 2805 840 2839 sed
875 2809 911 2839 et
942 2804 1123 2848 stylianus
1154 2805 1355 2851 pontificum
1387 2804 1615 2850 palatinorum
1641 2805 1802 2851 princeps

343 2846 431 2892 (ipsi
454 2853 682 2894 protopapam
706 2851 872 2896 vocant),
897 2862 917 2885 a
941 2862 1009 2897 quo
1033 2862 1212 2887 emanasse
1233 2851 1302 2886 iste
1323 2860 1440 2886 rumor
1464 2851 1662 2896 ferebatur,
1687 2861 1802 2884 coram
