<?xml version="1.0" encoding="UTF-8"?>
<!DOCTYPE html PUBLIC "-//W3C//DTD XHTML 1.0 Transitional//EN"
    "http://www.w3.org/TR/xhtml1/DTD/xhtml1-transitional.dtd">
<html xmlns="http://www.w3.org/1999/xhtml" xml:lang="en" lang="en">
 <head>
  <title>
</title>
<meta http-equiv="Content-Type" content="text/html;charset=utf-8" />
  <meta name='ocr-system' content='tesseract 3.04.00' />
  <meta name='ocr-capabilities' content='ocr_page ocr_carea ocr_par ocr_line ocrx_word'/>
</head>
<body>
  <div class='ocr_page' id='page_1' title='image "./corpusscriptorum14niebuoft/corpusscriptorum14niebuoft_0146.png"; bbox 0 0 1890 3236; ppageno 0'>
   <div class='ocr_carea' id='block_1_1' title="bbox 294 191 1279 245">
    <p class='ocr_par' dir='ltr' id='par_1_1' title="bbox 294 191 1279 245">
     <span class='ocr_line' id='line_1_1' title="bbox 294 191 1279 245; baseline -0.009 0"><span class='ocrx_word' id='word_1_1' title='bbox 294 198 390 245; x_wconf 85' lang='lat'><strong>136</strong></span> <span class='ocrx_word' id='word_1_2' title='bbox 758 191 1003 240; x_wconf 69' lang='lat' dir='ltr'>GEQRGII</span> <span class='ocrx_word' id='word_1_3' title='bbox 1035 193 1279 245; x_wconf 77' lang='lat' dir='ltr'>CEDRENI</span> 
     </span>
    </p>
   </div>
   <div class='ocr_carea' id='block_1_2' title="bbox 144 302 1795 1801">
    <p class='ocr_par' dir='ltr' id='par_1_2' title="bbox 144 302 1795 1801">
     <span class='ocr_line' id='line_1_2' title="bbox 289 302 1745 365; baseline -0.003 -11"><span class='ocrx_word' id='word_1_4' title='bbox 289 309 417 354; x_wconf 74' lang='grc' dir='ltr'><strong><em>θέντα</em></strong></span> <span class='ocrx_word' id='word_1_5' title='bbox 444 307 660 365; x_wconf 86' lang='grc' dir='ltr'><strong><em>παρίστων.</em></strong></span> <span class='ocrx_word' id='word_1_6' title='bbox 728 303 751 348; x_wconf 83' lang='grc' dir='ltr'><strong>ὃ</strong></span> <span class='ocrx_word' id='word_1_7' title='bbox 785 305 830 348; x_wconf 78' lang='grc' dir='ltr'><strong><em>δὲ</em></strong></span> <span class='ocrx_word' id='word_1_8' title='bbox 860 309 988 363; x_wconf 71' lang='grc' dir='ltr'><strong><em>θυμῷ</em></strong></span> <span class='ocrx_word' id='word_1_9' title='bbox 1017 302 1280 362; x_wconf 80' lang='grc' dir='ltr'><em>κατεχόμενος</em></span> <span class='ocrx_word' id='word_1_10' title='bbox 1307 303 1462 365; x_wconf 77' lang='grc' dir='ltr'><strong><em>ἆσχέτῳ</em></strong></span> <span class='ocrx_word' id='word_1_11' title='bbox 1490 305 1558 349; x_wconf 74' lang='grc' dir='ltr'><strong>διὰ</strong></span> <span class='ocrx_word' id='word_1_12' title='bbox 1579 306 1745 365; x_wconf 53' lang='lat' dir='ltr'><strong>*tha-1¹55</strong></span> 
     </span>
     <span class='ocr_line' id='line_1_3' title="bbox 288 371 1746 435; baseline 0 -15"><span class='ocrx_word' id='word_1_13' title='bbox 288 379 481 435; x_wconf 73' lang='grc' dir='ltr'><em>πατρίδος</em></span> <span class='ocrx_word' id='word_1_14' title='bbox 500 375 649 418; x_wconf 82' lang='grc' dir='ltr'><strong><em>ἅλωσιν</em></strong></span> <span class='ocrx_word' id='word_1_15' title='bbox 670 371 740 416; x_wconf 81' lang='grc' dir='ltr'><strong><em>τὸν</em></strong></span> <span class='ocrx_word' id='word_1_16' title='bbox 759 373 833 428; x_wconf 77' lang='grc' dir='ltr'><strong><em>μὲν</em></strong></span> <span class='ocrx_word' id='word_1_17' title='bbox 846 373 1024 428; x_wconf 76' lang='grc' dir='ltr'><strong><em>-βασιλέα</em></strong></span> <span class='ocrx_word' id='word_1_18' title='bbox 1043 378 1116 430; x_wconf 80' lang='grc' dir='ltr'><strong><em>τῆς</em></strong></span> <span class='ocrx_word' id='word_1_19' title='bbox 1136 375 1284 425; x_wconf 78' lang='grc' dir='ltr'><strong><em>δειλίας</em></strong></span> <span class='ocrx_word' id='word_1_20' title='bbox 1301 372 1597 432; x_wconf 73' lang='grc' dir='ltr'><strong><em>κατεκερτόμεε,</em></strong></span> <span class='ocrx_word' id='word_1_21' title='bbox 1611 399 1617 411; x_wconf 55' lang='lat' dir='ltr'>a</span> <span class='ocrx_word' id='word_1_22' title='bbox 1630 377 1746 429; x_wconf 69' lang='grc' dir='ltr'><strong><em>ἐξου-</em></strong></span> 
     </span>
     <span class='ocr_line' id='line_1_4' title="bbox 288 441 1742 501; baseline -0.001 -11"><span class='ocrx_word' id='word_1_23' title='bbox 288 446 399 490; x_wconf 73' lang='grc' dir='ltr'><strong><em>θένει</em></strong></span> <span class='ocrx_word' id='word_1_24' title='bbox 424 445 467 486; x_wconf 79' lang='grc' dir='ltr'><strong><em>δὲ</em></strong></span> <span class='ocrx_word' id='word_1_25' title='bbox 486 444 553 486; x_wconf 84' lang='grc' dir='ltr'><strong>καὶ</strong></span> <span class='ocrx_word' id='word_1_26' title='bbox 571 442 645 497; x_wconf 78' lang='grc' dir='ltr'><strong><em>τὴν</em></strong></span> <span class='ocrx_word' id='word_1_27' title='bbox 662 443 875 499; x_wconf 76' lang='grc' dir='ltr'><strong><em>πρεσβείαν</em></strong></span> <span class='ocrx_word' id='word_1_28' title='bbox 893 444 962 486; x_wconf 82' lang='grc' dir='ltr'><strong>καὶ</strong></span> <span class='ocrx_word' id='word_1_29' title='bbox 981 441 1184 501; x_wconf 79' lang='grc' dir='ltr'><strong><em>ἐκωμῴδει</em></strong></span> <span class='ocrx_word' id='word_1_30' title='bbox 1194 473 1208 495; x_wconf 91' lang='grc'><strong><em>,</em></strong></span> <span class='ocrx_word' id='word_1_31' title='bbox 1237 443 1304 485; x_wconf 78' lang='grc' dir='ltr'><strong>καὶ</strong></span> <span class='ocrx_word' id='word_1_32' title='bbox 1322 442 1417 494; x_wconf 76' lang='grc' dir='ltr'><strong><em>τοὺς</em></strong></span> <span class='ocrx_word' id='word_1_33' title='bbox 1436 443 1685 500; x_wconf 69' lang='grc' dir='ltr'><strong><em>πρεσβευτὰς</em></strong></span> <span class='ocrx_word' id='word_1_34' title='bbox 1698 445 1742 489; x_wconf 68' lang='grc' dir='ltr'><strong>ἐν</strong></span> 
     </span>
     <span class='ocr_line' id='line_1_5' title="bbox 289 507 1743 568; baseline -0.001 -12"><span class='ocrx_word' id='word_1_35' title='bbox 289 515 452 566; x_wconf 75' lang='grc' dir='ltr'><strong><em>δεσμοῖς</em></strong></span> <span class='ocrx_word' id='word_1_36' title='bbox 479 516 660 564; x_wconf 75' lang='grc' dir='ltr'><strong><em>κατεῖχε,</em></strong></span> <span class='ocrx_word' id='word_1_37' title='bbox 692 510 911 568; x_wconf 78' lang='grc' dir='ltr'><strong><em>περιμένων</em></strong></span> <span class='ocrx_word' id='word_1_38' title='bbox 939 511 1013 566; x_wconf 88' lang='grc' dir='ltr'><strong><em>τὴν</em></strong></span> <span class='ocrx_word' id='word_1_39' title='bbox 1041 515 1114 566; x_wconf 84' lang='grc' dir='ltr'><strong><em>τῆς</em></strong></span> <span class='ocrx_word' id='word_1_40' title='bbox 1142 507 1326 568; x_wconf 77' lang='grc' dir='ltr'><strong><em>πράξεως</em></strong></span> <span class='ocrx_word' id='word_1_41' title='bbox 1356 510 1532 566; x_wconf 66' lang='grc' dir='ltr'><strong><em>ἔκβασιν.</em></strong></span> <span class='ocrx_word' id='word_1_42' title='bbox 1595 511 1743 568; x_wconf 46' lang='lat' dir='ltr'><strong>mim&amp;</strong></span> 
     </span>
     <span class='ocr_line' id='line_1_6' title="bbox 288 578 1775 638; baseline 0.001 -16"><span class='ocrx_word' id='word_1_43' title='bbox 288 579 520 636; x_wconf 80' lang='grc' dir='ltr'><strong><em>πολιορκίαν</em></strong></span> <span class='ocrx_word' id='word_1_44' title='bbox 540 579 602 621; x_wconf 82' lang='grc' dir='ltr'><strong><em>ἐπὶ</em></strong></span> <span class='ocrx_word' id='word_1_45' title='bbox 626 579 744 622; x_wconf 86' lang='grc' dir='ltr'><strong><em>πλέον</em></strong></span> <span class='ocrx_word' id='word_1_46' title='bbox 764 579 975 631; x_wconf 84' lang='grc' dir='ltr'><strong><em>ἐπέτεινεν,</em></strong></span> <span class='ocrx_word' id='word_1_47' title='bbox 1014 581 1070 630; x_wconf 80' lang='grc' dir='ltr'><strong>εἰς</strong></span> <span class='ocrx_word' id='word_1_48' title='bbox 1090 578 1221 622; x_wconf 80' lang='grc' dir='ltr'><strong><em>πολλὰ</em></strong></span> <span class='ocrx_word' id='word_1_49' title='bbox 1242 579 1345 636; x_wconf 83' lang='grc' dir='ltr'><strong><em>μέρη</em></strong></span> <span class='ocrx_word' id='word_1_50' title='bbox 1365 578 1596 623; x_wconf 80' lang='grc' dir='ltr'><strong><em>διελὼντὸν</em></strong></span> <span class='ocrx_word' id='word_1_51' title='bbox 1614 587 1775 638; x_wconf 61' lang='lat' dir='ltr'><strong>uma-6</strong></span> 
     </span>
     <span class='ocr_line' id='line_1_7' title="bbox 144 644 1773 706; baseline 0.001 -16"><span class='ocrx_word' id='word_1_52' title='bbox 144 654 174 690; x_wconf 90' lang='lat' dir='ltr'><strong>P</strong></span> <span class='ocrx_word' id='word_1_53' title='bbox 199 654 267 692; x_wconf 73' lang='lat'><strong>532</strong></span> <span class='ocrx_word' id='word_1_54' title='bbox 288 648 358 691; x_wconf 88' lang='grc' dir='ltr'><strong><em>τὸν</em></strong></span> <span class='ocrx_word' id='word_1_55' title='bbox 380 649 447 690; x_wconf 86' lang='grc' dir='ltr'><strong>καὶ</strong></span> <span class='ocrx_word' id='word_1_56' title='bbox 474 648 517 690; x_wconf 82' lang='grc' dir='ltr'><strong>ἐκ</strong></span> <span class='ocrx_word' id='word_1_57' title='bbox 542 649 735 703; x_wconf 75' lang='grc' dir='ltr'><strong><em>διαδοχῆς</em></strong></span> <span class='ocrx_word' id='word_1_58' title='bbox 761 648 837 697; x_wconf 83' lang='grc' dir='ltr'><strong><em>τὰς</em></strong></span> <span class='ocrx_word' id='word_1_59' title='bbox 863 648 1095 704; x_wconf 80' lang='grc' dir='ltr'><strong><em>’προσβολὰς</em></strong></span> <span class='ocrx_word' id='word_1_60' title='bbox 1119 644 1377 702; x_wconf 73' lang='grc' dir='ltr'><strong><em>ποιούμενος,</em></strong></span> <span class='ocrx_word' id='word_1_61' title='bbox 1406 647 1477 691; x_wconf 71' lang='grc' dir='ltr'><strong>ἵνα</strong></span> <span class='ocrx_word' id='word_1_62' title='bbox 1508 651 1566 706; x_wconf 80' lang='grc' dir='ltr'><strong>τῷ</strong></span> <span class='ocrx_word' id='word_1_63' title='bbox 1593 646 1742 704; x_wconf 72' lang='grc' dir='ltr'><strong><em>πλήθει</em></strong></span> <span class='ocrx_word' id='word_1_64' title='bbox 1769 692 1773 695; x_wconf 80' lang='grc'><strong><em>,</em></strong></span> 
     </span>
     <span class='ocr_line' id='line_1_8' title="bbox 286 713 1742 774; baseline 0.001 -15"><span class='ocrx_word' id='word_1_65' title='bbox 286 717 354 760; x_wconf 87' lang='grc' dir='ltr'><strong>καὶ</strong></span> <span class='ocrx_word' id='word_1_66' title='bbox 372 720 422 774; x_wconf 82' lang='grc' dir='ltr'><strong>τῇ</strong></span> <span class='ocrx_word' id='word_1_67' title='bbox 446 714 683 771; x_wconf 82' lang='grc' dir='ltr'><strong><em>ἀκμαιότητι</em></strong></span> <span class='ocrx_word' id='word_1_68' title='bbox 699 720 780 758; x_wconf 86' lang='grc' dir='ltr'><strong><em>τῶν</em></strong></span> <span class='ocrx_word' id='word_1_69' title='bbox 800 713 1160 771; x_wconf 70' lang='grc' dir='ltr'><strong><em>ὑπαλλαττομένων</em></strong></span> <span class='ocrx_word' id='word_1_70' title='bbox 1185 714 1459 770; x_wconf 80' lang='grc' dir='ltr'><strong><em>ἄποκαμόντες</em></strong></span> <span class='ocrx_word' id='word_1_71' title='bbox 1477 715 1516 759; x_wconf 75' lang='grc' dir='ltr'><strong>οἳ</strong></span> <span class='ocrx_word' id='word_1_72' title='bbox 1534 714 1649 760; x_wconf 66' lang='grc' dir='ltr'><strong><em>ἔνδον</em></strong></span> <span class='ocrx_word' id='word_1_73' title='bbox 1672 717 1742 760; x_wconf 71' lang='grc' dir='ltr'><strong>καὶ</strong></span> 
     </span>
     <span class='ocr_line' id='line_1_9' title="bbox 282 782 1742 843; baseline 0.001 -16"><span class='ocrx_word' id='word_1_74' title='bbox 282 785 386 841; x_wconf 86' lang='grc' dir='ltr'><strong><em>πρὸς</em></strong></span> <span class='ocrx_word' id='word_1_75' title='bbox 412 783 506 835; x_wconf 79' lang='grc' dir='ltr'><strong><em>τοὺς</em></strong></span> <span class='ocrx_word' id='word_1_76' title='bbox 534 782 681 834; x_wconf 86' lang='grc' dir='ltr'><strong><em>πόνους</em></strong></span> <span class='ocrx_word' id='word_1_77' title='bbox 707 782 962 841; x_wconf 80' lang='grc' dir='ltr'><strong><em>ἀπειρηκότες</em></strong></span> <span class='ocrx_word' id='word_1_78' title='bbox 989 783 1222 827; x_wconf 76' lang='grc' dir='ltr'><strong><em>ἐνδώσουσι.</em></strong></span> <span class='ocrx_word' id='word_1_79' title='bbox 1288 788 1493 843; x_wconf 82' lang='grc' dir='ltr'><strong><em>καρτερῶς</em></strong></span> <span class='ocrx_word' id='word_1_80' title='bbox 1513 784 1557 827; x_wconf 76' lang='grc' dir='ltr'><strong><em>δὲ</em></strong></span> <span class='ocrx_word' id='word_1_81' title='bbox 1574 785 1645 828; x_wconf 78' lang='grc' dir='ltr'><strong>καὶ</strong></span> <span class='ocrx_word' id='word_1_82' title='bbox 1661 789 1742 829; x_wconf 76' lang='grc' dir='ltr'><strong><em>τῶν</em></strong></span> 
     </span>
     <span class='ocr_line' id='line_1_10' title="bbox 283 850 1741 910; baseline -0.001 -14"><span class='ocrx_word' id='word_1_83' title='bbox 283 851 397 896; x_wconf 63' lang='grc' dir='ltr'><strong><em>ἔνδον</em></strong></span> <span class='ocrx_word' id='word_1_84' title='bbox 430 852 688 908; x_wconf 78' lang='grc' dir='ltr'><strong><em>ἀμυνομένων</em></strong></span> <span class='ocrx_word' id='word_1_85' title='bbox 719 852 917 909; x_wconf 74' lang='grc' dir='ltr'><strong><em>ἄπρακτοι</em></strong></span> <span class='ocrx_word' id='word_1_86' title='bbox 943 853 986 895; x_wconf 80' lang='grc' dir='ltr'><strong>αἶ</strong></span> <span class='ocrx_word' id='word_1_87' title='bbox 1016 850 1279 910; x_wconf 73' lang='grc' dir='ltr'><strong><em>ἐπιχειρήσεις</em></strong></span> <span class='ocrx_word' id='word_1_88' title='bbox 1307 857 1382 908; x_wconf 82' lang='grc' dir='ltr'><strong><em>τῆς</em></strong></span> <span class='ocrx_word' id='word_1_89' title='bbox 1405 854 1636 910; x_wconf 80' lang='grc' dir='ltr'><strong><em>πολιορκίας</em></strong></span> <span class='ocrx_word' id='word_1_90' title='bbox 1658 853 1741 910; x_wconf 61' lang='lat' dir='ltr'><strong>zyt-</strong></span> 
     </span>
     <span class='ocr_line' id='line_1_11' title="bbox 282 919 1795 978; baseline -0.001 -14"><span class='ocrx_word' id='word_1_91' title='bbox 282 938 412 964; x_wconf 83' lang='grc' dir='ltr'><strong><em>νοντο.</em></strong></span> <span class='ocrx_word' id='word_1_92' title='bbox 481 923 547 963; x_wconf 79' lang='grc' dir='ltr'><strong>καὶ</strong></span> <span class='ocrx_word' id='word_1_93' title='bbox 567 920 642 964; x_wconf 77' lang='grc' dir='ltr'><strong><em>κᾶν</em></strong></span> <span class='ocrx_word' id='word_1_94' title='bbox 662 921 846 978; x_wconf 82' lang='grc' dir='ltr'><strong><em>διέφυγεν</em></strong></span> <span class='ocrx_word' id='word_1_95' title='bbox 865 919 891 975; x_wconf 78' lang='grc' dir='ltr'>ἦ</span> <span class='ocrx_word' id='word_1_96' title='bbox 911 919 1026 972; x_wconf 90' lang='grc' dir='ltr'><strong><em>πόλις</em></strong></span> <span class='ocrx_word' id='word_1_97' title='bbox 1042 922 1115 977; x_wconf 79' lang='grc' dir='ltr'><strong><em>τὴν</em></strong></span> <span class='ocrx_word' id='word_1_98' title='bbox 1134 920 1307 973; x_wconf 79' lang='grc' dir='ltr'><strong><em>ἅλωσιν,</em></strong></span> <span class='ocrx_word' id='word_1_99' title='bbox 1342 923 1377 964; x_wconf 78' lang='grc' dir='ltr'><strong>εἲ</strong></span> <span class='ocrx_word' id='word_1_100' title='bbox 1393 919 1451 976; x_wconf 82' lang='grc' dir='ltr'><strong>μή</strong></span> <span class='ocrx_word' id='word_1_101' title='bbox 1469 939 1530 972; x_wconf 84' lang='grc' dir='ltr'><strong>τις</strong></span> <span class='ocrx_word' id='word_1_102' title='bbox 1544 925 1625 965; x_wconf 88' lang='grc' dir='ltr'><strong><em>τῶν</em></strong></span> <span class='ocrx_word' id='word_1_103' title='bbox 1643 920 1737 966; x_wconf 73' lang='grc' dir='ltr'><strong><em>εἵσω</em></strong></span> <span class='ocrx_word' id='word_1_104' title='bbox 1749 926 1795 963; x_wconf 91' lang='grc'><strong>10</strong></span> 
     </span>
     <span class='ocr_line' id='line_1_12' title="bbox 283 987 1739 1048; baseline 0 -16"><span class='ocrx_word' id='word_1_105' title='bbox 283 987 432 1046; x_wconf 80' lang='grc' dir='ltr'><strong><em>δώροις</em></strong></span> <span class='ocrx_word' id='word_1_106' title='bbox 454 987 697 1039; x_wconf 76' lang='grc' dir='ltr'><strong><em>ὗποκλαπεὶς</em></strong></span> <span class='ocrx_word' id='word_1_107' title='bbox 718 990 786 1032; x_wconf 83' lang='grc' dir='ltr'><strong>καὶ</strong></span> <span class='ocrx_word' id='word_1_108' title='bbox 806 989 880 1045; x_wconf 81' lang='grc' dir='ltr'><strong><em>τὴν</em></strong></span> <span class='ocrx_word' id='word_1_109' title='bbox 903 993 982 1032; x_wconf 87' lang='grc' dir='ltr'><strong><em>τῶν</em></strong></span> <span class='ocrx_word' id='word_1_110' title='bbox 1001 991 1260 1048; x_wconf 83' lang='grc' dir='ltr'><strong><em>Χριστιανῶν</em></strong></span> <span class='ocrx_word' id='word_1_111' title='bbox 1283 987 1577 1044; x_wconf 73' lang='grc' dir='ltr'><strong><em>ἐξομοσάμενος</em></strong></span> <span class='ocrx_word' id='word_1_112' title='bbox 1605 991 1739 1033; x_wconf 89' lang='grc' dir='ltr'><strong><em>πίστιν</em></strong></span> 
     </span>
     <span class='ocr_line' id='line_1_13' title="bbox 283 1056 1739 1117; baseline 0.001 -17"><span class='ocrx_word' id='word_1_113' title='bbox 283 1056 354 1100; x_wconf 82' lang='grc' dir='ltr'><strong>διά</strong></span> <span class='ocrx_word' id='word_1_114' title='bbox 372 1075 461 1100; x_wconf 86' lang='grc' dir='ltr'><strong><em>τινα</em></strong></span> <span class='ocrx_word' id='word_1_115' title='bbox 483 1058 746 1115; x_wconf 81' lang='grc' dir='ltr'><strong><em>φιλονεικίαν,</em></strong></span> <span class='ocrx_word' id='word_1_116' title='bbox 778 1060 833 1108; x_wconf 81' lang='grc' dir='ltr'><strong>εἷς</strong></span> <span class='ocrx_word' id='word_1_117' title='bbox 855 1062 1046 1101; x_wconf 79' lang='grc' dir='ltr'><strong><em>τοσοῦτον</em></strong></span> <span class='ocrx_word' id='word_1_118' title='bbox 1063 1059 1241 1101; x_wconf 85' lang='grc' dir='ltr'><strong><em>κίνδυνον</em></strong></span> <span class='ocrx_word' id='word_1_119' title='bbox 1262 1056 1489 1114; x_wconf 72' lang='grc' dir='ltr'><strong><em>ὄλισθήσας</em></strong></span> <span class='ocrx_word' id='word_1_120' title='bbox 1499 1089 1513 1110; x_wconf 85' lang='grc'><strong><em>,</em></strong></span> <span class='ocrx_word' id='word_1_121' title='bbox 1539 1059 1739 1117; x_wconf 71' lang='grc' dir='ltr'><strong><em>προδοσίᾳ</em></strong></span> 
     </span>
     <span class='ocr_line' id='line_1_14' title="bbox 282 1120 1737 1185; baseline 0.001 -17"><span class='ocrx_word' id='word_1_122' title='bbox 282 1124 492 1181; x_wconf 82' lang='grc' dir='ltr'><strong><em>προύδωκε</em></strong></span> <span class='ocrx_word' id='word_1_123' title='bbox 516 1126 589 1180; x_wconf 84' lang='grc' dir='ltr'><strong><em>τὴν</em></strong></span> <span class='ocrx_word' id='word_1_124' title='bbox 613 1127 813 1183; x_wconf 86' lang='grc' dir='ltr'><strong><em>πατρίδα·</em></strong></span> <span class='ocrx_word' id='word_1_125' title='bbox 848 1127 1050 1182; x_wconf 85' lang='grc' dir='ltr'><strong><em>Βαδίτζης</em></strong></span> <span class='ocrx_word' id='word_1_126' title='bbox 1077 1125 1207 1180; x_wconf 76' lang='grc' dir='ltr'><strong><em>ὄνομα</em></strong></span> <span class='ocrx_word' id='word_1_127' title='bbox 1231 1130 1289 1185; x_wconf 73' lang='grc' dir='ltr'><strong>τῷ</strong></span> <span class='ocrx_word' id='word_1_128' title='bbox 1317 1126 1445 1183; x_wconf 79' lang='grc' dir='ltr'><strong><em>ἀνδρί.</em></strong></span> <span class='ocrx_word' id='word_1_129' title='bbox 1513 1120 1631 1177; x_wconf 67' lang='grc' dir='ltr'><strong><em>οὗτος</em></strong></span> <span class='ocrx_word' id='word_1_130' title='bbox 1657 1126 1737 1184; x_wconf 82' lang='grc' dir='ltr'><strong>γὰρ</strong></span> 
     </span>
     <span class='ocr_line' id='line_1_15' title="bbox 283 1189 1738 1253; baseline 0 -17"><span class='ocrx_word' id='word_1_131' title='bbox 283 1192 426 1253; x_wconf 72' lang='grc' dir='ltr'><strong><em>λάθρᾳ</em></strong></span> <span class='ocrx_word' id='word_1_132' title='bbox 446 1200 531 1245; x_wconf 82' lang='grc' dir='ltr'><strong><em>τοῖς</em></strong></span> <span class='ocrx_word' id='word_1_133' title='bbox 545 1197 798 1251; x_wconf 82' lang='grc' dir='ltr'><strong><em>Σαρακηνοΐς</em></strong></span> <span class='ocrx_word' id='word_1_134' title='bbox 818 1192 1010 1249; x_wconf 81' lang='grc' dir='ltr'><strong><em>ἐντυχών,</em></strong></span> <span class='ocrx_word' id='word_1_135' title='bbox 1044 1196 1111 1237; x_wconf 84' lang='grc' dir='ltr'><strong>καὶ</strong></span> <span class='ocrx_word' id='word_1_136' title='bbox 1135 1194 1236 1238; x_wconf 65' lang='grc' dir='ltr'><strong><em>ἔνθα</em></strong></span> <span class='ocrx_word' id='word_1_137' title='bbox 1254 1195 1300 1237; x_wconf 86' lang='grc' dir='ltr'><strong>τὸ</strong></span> <span class='ocrx_word' id='word_1_138' title='bbox 1317 1201 1445 1249; x_wconf 78' lang='grc' dir='ltr'><strong><em>τεῖχος</em></strong></span> <span class='ocrx_word' id='word_1_139' title='bbox 1465 1194 1656 1253; x_wconf 80' lang='grc' dir='ltr'><strong><em>εὗέφοδον</em></strong></span> <span class='ocrx_word' id='word_1_140' title='bbox 1672 1189 1738 1250; x_wconf 79' lang='grc' dir='ltr'><strong><em>ἦν,</em></strong></span> 
     </span>
     <span class='ocr_line' id='line_1_16' title="bbox 280 1260 1790 1320; baseline -0.001 -15"><span class='ocrx_word' id='word_1_141' title='bbox 280 1266 487 1305; x_wconf 74' lang='grc' dir='ltr'><strong><em>ποιεῖσθαι</em></strong></span> <span class='ocrx_word' id='word_1_142' title='bbox 514 1262 587 1313; x_wconf 81' lang='grc' dir='ltr'><strong><em>τὰς</em></strong></span> <span class='ocrx_word' id='word_1_143' title='bbox 615 1262 846 1320; x_wconf 81' lang='grc' dir='ltr'><strong><em>προσβολὰς</em></strong></span> <span class='ocrx_word' id='word_1_144' title='bbox 882 1261 1131 1317; x_wconf 72' lang='grc' dir='ltr'><strong><em>ὑποθέμενος</em></strong></span> <span class='ocrx_word' id='word_1_145' title='bbox 1139 1294 1154 1315; x_wconf 87' lang='grc'><strong><em>,</em></strong></span> <span class='ocrx_word' id='word_1_146' title='bbox 1195 1262 1322 1313; x_wconf 75' lang='grc' dir='ltr'><strong><em>αἴτιος</em></strong></span> <span class='ocrx_word' id='word_1_147' title='bbox 1362 1260 1528 1319; x_wconf 85' lang='grc' dir='ltr'><strong><em>ἐγεγόνει</em></strong></span> <span class='ocrx_word' id='word_1_148' title='bbox 1560 1266 1634 1306; x_wconf 80' lang='grc' dir='ltr'><strong>τοῦ</strong></span> <span class='ocrx_word' id='word_1_149' title='bbox 1662 1263 1790 1319; x_wconf 78' lang='grc' dir='ltr'><strong><em>τὴν16</em></strong></span> 
     </span>
     <span class='ocr_line' id='line_1_17' title="bbox 232 1325 1738 1390; baseline 0.001 -17"><span class='ocrx_word' id='word_1_150' title='bbox 232 1338 262 1374; x_wconf 92' lang='grc' dir='ltr'><strong>Β</strong></span> <span class='ocrx_word' id='word_1_151' title='bbox 285 1328 401 1373; x_wconf 84' lang='grc' dir='ltr'><strong><em>πόλιν</em></strong></span> <span class='ocrx_word' id='word_1_152' title='bbox 427 1329 592 1373; x_wconf 77' lang='grc' dir='ltr'><strong><em>ἁλῶναι.</em></strong></span> <span class='ocrx_word' id='word_1_153' title='bbox 658 1325 707 1386; x_wconf 71' lang='grc' dir='ltr'><strong><em>ἧς</em></strong></span> <span class='ocrx_word' id='word_1_154' title='bbox 739 1331 788 1385; x_wconf 83' lang='grc' dir='ltr'><strong><em>δὴ</em></strong></span> <span class='ocrx_word' id='word_1_155' title='bbox 824 1332 1000 1385; x_wconf 79' lang='grc' dir='ltr'><strong><em>πολέμου</em></strong></span> <span class='ocrx_word' id='word_1_156' title='bbox 1031 1329 1142 1390; x_wconf 81' lang='grc' dir='ltr'><strong><em>νόμῳ</em></strong></span> <span class='ocrx_word' id='word_1_157' title='bbox 1172 1333 1421 1389; x_wconf 74' lang='grc' dir='ltr'><strong><em>ληφθείσης,</em></strong></span> <span class='ocrx_word' id='word_1_158' title='bbox 1463 1337 1578 1382; x_wconf 88' lang='grc' dir='ltr'><strong><em>ποῖος</em></strong></span> <span class='ocrx_word' id='word_1_159' title='bbox 1603 1331 1738 1383; x_wconf 78' lang='grc' dir='ltr'><strong><em>ἱκανὸς</em></strong></span> 
     </span>
     <span class='ocr_line' id='line_1_18' title="bbox 280 1397 1737 1456; baseline 0.001 -15"><span class='ocrx_word' id='word_1_160' title='bbox 280 1397 400 1454; x_wconf 84' lang='grc' dir='ltr'><strong><em>λόγος</em></strong></span> <span class='ocrx_word' id='word_1_161' title='bbox 428 1401 591 1449; x_wconf 77' lang='grc' dir='ltr'><strong><em>ἐξειπεῖν</em></strong></span> <span class='ocrx_word' id='word_1_162' title='bbox 617 1399 663 1441; x_wconf 85' lang='grc' dir='ltr'><strong>τὸ</strong></span> <span class='ocrx_word' id='word_1_163' title='bbox 693 1402 854 1454; x_wconf 70' lang='grc' dir='ltr'><strong><em>πλῆθος</em></strong></span> <span class='ocrx_word' id='word_1_164' title='bbox 880 1405 962 1443; x_wconf 85' lang='grc' dir='ltr'><strong><em>τῶν</em></strong></span> <span class='ocrx_word' id='word_1_165' title='bbox 990 1399 1282 1456; x_wconf 75' lang='grc' dir='ltr'><strong><em>ἀναιρεθέντων</em></strong></span> <span class='ocrx_word' id='word_1_166' title='bbox 1302 1402 1369 1442; x_wconf 84' lang='grc' dir='ltr'><strong>καὶ</strong></span> <span class='ocrx_word' id='word_1_167' title='bbox 1389 1404 1470 1442; x_wconf 85' lang='grc' dir='ltr'><strong><em>τῶν</em></strong></span> <span class='ocrx_word' id='word_1_168' title='bbox 1490 1401 1737 1454; x_wconf 75' lang='grc' dir='ltr'><strong><em>αἰχμαλωτι-</em></strong></span> 
     </span>
     <span class='ocr_line' id='line_1_19' title="bbox 281 1467 1737 1526; baseline 0 -15"><span class='ocrx_word' id='word_1_169' title='bbox 281 1467 488 1522; x_wconf 71' lang='grc' dir='ltr'><strong><em>σθέντωνς</em></strong></span> <span class='ocrx_word' id='word_1_170' title='bbox 532 1471 658 1526; x_wconf 73' lang='grc' dir='ltr'><strong><em>θυμῷ</em></strong></span> <span class='ocrx_word' id='word_1_171' title='bbox 688 1468 766 1524; x_wconf 84' lang='grc' dir='ltr'><strong>γὰρ</strong></span> <span class='ocrx_word' id='word_1_172' title='bbox 796 1467 1038 1522; x_wconf 85' lang='grc' dir='ltr'><strong><em>βαλλόμενοι</em></strong></span> <span class='ocrx_word' id='word_1_173' title='bbox 1068 1468 1106 1510; x_wconf 82' lang='grc' dir='ltr'><strong>οἳ</strong></span> <span class='ocrx_word' id='word_1_174' title='bbox 1134 1470 1363 1525; x_wconf 82' lang='grc' dir='ltr'><strong><em>Σαρακηνοὶ</em></strong></span> <span class='ocrx_word' id='word_1_175' title='bbox 1395 1467 1463 1510; x_wconf 80' lang='grc' dir='ltr'><strong>διὰ</strong></span> <span class='ocrx_word' id='word_1_176' title='bbox 1489 1467 1536 1510; x_wconf 82' lang='grc' dir='ltr'><strong>τὸ</strong></span> <span class='ocrx_word' id='word_1_177' title='bbox 1562 1468 1737 1520; x_wconf 71' lang='grc' dir='ltr'><strong><em>πολλοὺς</em></strong></span> 
     </span>
     <span class='ocr_line' id='line_1_20' title="bbox 279 1535 1736 1594; baseline 0.001 -16"><span class='ocrx_word' id='word_1_178' title='bbox 279 1540 360 1578; x_wconf 85' lang='grc' dir='ltr'><strong><em>τῶν</em></strong></span> <span class='ocrx_word' id='word_1_179' title='bbox 379 1537 584 1594; x_wconf 80' lang='grc' dir='ltr'><strong><em>ἐπιφανῶν</em></strong></span> <span class='ocrx_word' id='word_1_180' title='bbox 604 1536 709 1578; x_wconf 79' lang='grc' dir='ltr'><strong><em>κατὰ</em></strong></span> <span class='ocrx_word' id='word_1_181' title='bbox 727 1535 795 1578; x_wconf 81' lang='grc' dir='ltr'><strong><em>τὸν</em></strong></span> <span class='ocrx_word' id='word_1_182' title='bbox 814 1537 954 1593; x_wconf 82' lang='grc' dir='ltr'><strong><em>καιρὸν</em></strong></span> <span class='ocrx_word' id='word_1_183' title='bbox 973 1541 1045 1592; x_wconf 83' lang='grc' dir='ltr'><strong><em>τῆς</em></strong></span> <span class='ocrx_word' id='word_1_184' title='bbox 1063 1537 1294 1592; x_wconf 86' lang='grc' dir='ltr'><strong><em>πολιορκίας</em></strong></span> <span class='ocrx_word' id='word_1_185' title='bbox 1311 1536 1574 1594; x_wconf 76' lang='grc' dir='ltr'><strong><em>ἀναιρεθῆναι</em></strong></span> <span class='ocrx_word' id='word_1_186' title='bbox 1591 1536 1736 1580; x_wconf 76' lang='grc' dir='ltr'><strong><em>οὐδένα</em></strong></span> 
     </span>
     <span class='ocr_line' id='line_1_21' title="bbox 281 1602 1789 1662; baseline 0.001 -16"><span class='ocrx_word' id='word_1_187' title='bbox 281 1602 414 1646; x_wconf 75' lang='grc' dir='ltr'><strong><em>οἶκτον</em></strong></span> <span class='ocrx_word' id='word_1_188' title='bbox 431 1608 511 1647; x_wconf 89' lang='grc' dir='ltr'><strong><em>τῶν</em></strong></span> <span class='ocrx_word' id='word_1_189' title='bbox 526 1603 832 1662; x_wconf 85' lang='grc' dir='ltr'><strong><em>προστυχόντων</em></strong></span> <span class='ocrx_word' id='word_1_190' title='bbox 851 1603 1099 1660; x_wconf 80' lang='grc' dir='ltr'><strong><em>ἐλάμβανον,</em></strong></span> <span class='ocrx_word' id='word_1_191' title='bbox 1135 1605 1226 1647; x_wconf 79' lang='grc' dir='ltr'><strong><em>ἀλλ’</em></strong></span> <span class='ocrx_word' id='word_1_192' title='bbox 1249 1605 1467 1662; x_wconf 77' lang='grc' dir='ltr'><strong><em>ἀνῃροῦντο</em></strong></span> <span class='ocrx_word' id='word_1_193' title='bbox 1483 1605 1558 1658; x_wconf 78' lang='grc' dir='ltr'><strong><em>μὲν</em></strong></span> <span class='ocrx_word' id='word_1_194' title='bbox 1576 1603 1789 1661; x_wconf 49' lang='lat' dir='ltr'><strong>&amp;artigia-‚20</strong></span> 
     </span>
     <span class='ocr_line' id='line_1_22' title="bbox 279 1670 1732 1731; baseline 0.001 -17"><span class='ocrx_word' id='word_1_195' title='bbox 279 1670 424 1727; x_wconf 69' lang='grc' dir='ltr'><strong><em>ἤγοντο</em></strong></span> <span class='ocrx_word' id='word_1_196' title='bbox 455 1673 500 1715; x_wconf 83' lang='grc' dir='ltr'><strong><em>δὲ</em></strong></span> <span class='ocrx_word' id='word_1_197' title='bbox 529 1679 710 1728; x_wconf 80' lang='grc' dir='ltr'><strong><em>γυναῖκες</em></strong></span> <span class='ocrx_word' id='word_1_198' title='bbox 732 1674 806 1715; x_wconf 79' lang='grc' dir='ltr'><strong><em>σὺν</em></strong></span> <span class='ocrx_word' id='word_1_199' title='bbox 826 1675 1047 1731; x_wconf 86' lang='grc' dir='ltr'><strong><em>μειρακίοις</em></strong></span> <span class='ocrx_word' id='word_1_200' title='bbox 1069 1675 1135 1716; x_wconf 81' lang='grc' dir='ltr'><strong>καὶ</strong></span> <span class='ocrx_word' id='word_1_201' title='bbox 1159 1674 1402 1724; x_wconf 82' lang='grc' dir='ltr'><strong><em>νεανίσκοις,</em></strong></span> <span class='ocrx_word' id='word_1_202' title='bbox 1437 1673 1732 1729; x_wconf 82' lang='grc' dir='ltr'><strong><em>ἐπυρπολοῦντο</em></strong></span> 
     </span>
     <span class='ocr_line' id='line_1_23' title="bbox 279 1738 1734 1801; baseline 0.001 -18"><span class='ocrx_word' id='word_1_203' title='bbox 279 1740 332 1783; x_wconf 80' lang='grc' dir='ltr'><strong>τὰ</strong></span> <span class='ocrx_word' id='word_1_204' title='bbox 361 1738 556 1785; x_wconf 78' lang='grc' dir='ltr'><strong><em>κάλλιστα</em></strong></span> <span class='ocrx_word' id='word_1_205' title='bbox 587 1745 668 1784; x_wconf 83' lang='grc' dir='ltr'><strong><em>τῶν</em></strong></span> <span class='ocrx_word' id='word_1_206' title='bbox 698 1739 928 1797; x_wconf 76' lang='grc' dir='ltr'><strong><em>οἰκημάτων</em></strong></span> <span class='ocrx_word' id='word_1_207' title='bbox 936 1774 950 1796; x_wconf 88' lang='grc'><strong><em>,</em></strong></span> <span class='ocrx_word' id='word_1_208' title='bbox 980 1743 1048 1786; x_wconf 85' lang='grc' dir='ltr'><strong>καὶ</strong></span> <span class='ocrx_word' id='word_1_209' title='bbox 1078 1742 1119 1785; x_wconf 74' lang='grc' dir='ltr'><strong><em>ἐν</em></strong></span> <span class='ocrx_word' id='word_1_210' title='bbox 1142 1741 1189 1785; x_wconf 80' lang='grc' dir='ltr'><strong>οὗ</strong></span> <span class='ocrx_word' id='word_1_211' title='bbox 1211 1746 1356 1801; x_wconf 73' lang='grc' dir='ltr'><strong><em>μακρῷ</em></strong></span> <span class='ocrx_word' id='word_1_212' title='bbox 1375 1744 1433 1801; x_wconf 72' lang='grc' dir='ltr'><strong>τῷ</strong></span> <span class='ocrx_word' id='word_1_213' title='bbox 1448 1739 1587 1801; x_wconf 78' lang='grc' dir='ltr'><strong><em>χρόνῳ</em></strong></span> <span class='ocrx_word' id='word_1_214' title='bbox 1605 1739 1632 1796; x_wconf 76' lang='grc' dir='ltr'><em>ἦ</em></span> <span class='ocrx_word' id='word_1_215' title='bbox 1652 1745 1734 1785; x_wconf 82' lang='grc' dir='ltr'><strong><em>τῶν</em></strong></span> 
     </span>
    </p>
   </div>
   <div class='ocr_carea' id='block_1_3' title="bbox 371 1890 1732 1983">
    <p class='ocr_par' dir='ltr' id='par_1_3' title="bbox 371 1890 1732 1983">
     <span class='ocr_line' id='line_1_24' title="bbox 373 1890 1732 1940; baseline 0.004 -15"><span class='ocrx_word' id='word_1_216' title='bbox 373 1890 419 1926; x_wconf 75' lang='grc'><strong>12</strong></span> <span class='ocrx_word' id='word_1_217' title='bbox 440 1891 622 1939; x_wconf 80' lang='grc' dir='ltr'><strong><em>προδοσίᾳ</em></strong></span> <span class='ocrx_word' id='word_1_218' title='bbox 646 1905 699 1929; x_wconf 93' lang='lat' dir='ltr'><strong>om</strong></span> <span class='ocrx_word' id='word_1_219' title='bbox 723 1892 755 1929; x_wconf 85' lang='lat' dir='ltr'>C</span> <span class='ocrx_word' id='word_1_220' title='bbox 892 1892 935 1928; x_wconf 84' lang='lat'><strong>13</strong></span> <span class='ocrx_word' id='word_1_221' title='bbox 957 1890 1150 1937; x_wconf 81' lang='grc' dir='ltr'><strong><em>Βοϊδίτζης</em></strong></span> <span class='ocrx_word' id='word_1_222' title='bbox 1169 1891 1295 1938; x_wconf 77' lang='grc' dir='ltr'><strong><em>κλῆσις</em></strong></span> <span class='ocrx_word' id='word_1_223' title='bbox 1316 1892 1348 1928; x_wconf 85' lang='lat' dir='ltr'>C</span> <span class='ocrx_word' id='word_1_224' title='bbox 1485 1893 1529 1931; x_wconf 88' lang='grc'><strong>15</strong></span> <span class='ocrx_word' id='word_1_225' title='bbox 1553 1892 1680 1940; x_wconf 73' lang='grc' dir='ltr'><strong><em>γέγονε</em></strong></span> <span class='ocrx_word' id='word_1_226' title='bbox 1700 1894 1732 1930; x_wconf 84' lang='lat' dir='ltr'>C</span> 
     </span>
     <span class='ocr_line' id='line_1_25' title="bbox 371 1934 1007 1983; baseline 0.003 -11"><span class='ocrx_word' id='word_1_227' title='bbox 371 1937 416 1972; x_wconf 78' lang='lat'><strong>21</strong></span> <span class='ocrx_word' id='word_1_228' title='bbox 442 1934 502 1983; x_wconf 69' lang='grc' dir='ltr'><strong>δὲ]</strong></span> <span class='ocrx_word' id='word_1_229' title='bbox 527 1936 568 1974; x_wconf 72' lang='grc' dir='ltr'><strong>δὲ</strong></span> <span class='ocrx_word' id='word_1_230' title='bbox 592 1938 634 1974; x_wconf 78' lang='grc' dir='ltr'><strong>αι</strong></span> <span class='ocrx_word' id='word_1_231' title='bbox 657 1940 687 1975; x_wconf 89' lang='lat' dir='ltr'><strong>c</strong></span> <span class='ocrx_word' id='word_1_232' title='bbox 821 1939 869 1975; x_wconf 76' lang='lat'><strong>22</strong></span> <span class='ocrx_word' id='word_1_233' title='bbox 891 1936 952 1974; x_wconf 73' lang='grc' dir='ltr'><strong>ἐπ’</strong></span> <span class='ocrx_word' id='word_1_234' title='bbox 977 1939 1007 1974; x_wconf 88' lang='lat' dir='ltr'><strong>c</strong></span> 
     </span>
    </p>
   </div>
   <div class='ocr_carea' id='block_1_4' title="bbox 272 2071 1734 2899">
    <p class='ocr_par' dir='ltr' id='par_1_4' title="bbox 272 2071 1734 2899">
     <span class='ocr_line' id='line_1_26' title="bbox 278 2071 1734 2120; baseline 0.003 -15"><span class='ocrx_word' id='word_1_235' title='bbox 278 2081 398 2106; x_wconf 83' lang='lat' dir='ltr'><strong>verum</strong></span> <span class='ocrx_word' id='word_1_236' title='bbox 420 2071 453 2107; x_wconf 87' lang='lat' dir='ltr'><strong>is</strong></span> <span class='ocrx_word' id='word_1_237' title='bbox 475 2073 529 2108; x_wconf 88' lang='lat' dir='ltr'><strong>ira</strong></span> <span class='ocrx_word' id='word_1_238' title='bbox 551 2073 597 2108; x_wconf 88' lang='lat' dir='ltr'><strong>ob</strong></span> <span class='ocrx_word' id='word_1_239' title='bbox 619 2074 790 2110; x_wconf 74' lang='lat' dir='ltr'><strong>excidium</strong></span> <span class='ocrx_word' id='word_1_240' title='bbox 811 2074 944 2120; x_wconf 81' lang='lat' dir='ltr'>patriae</span> <span class='ocrx_word' id='word_1_241' title='bbox 966 2073 1175 2120; x_wconf 78' lang='lat' dir='ltr'><strong>implacabili</strong></span> <span class='ocrx_word' id='word_1_242' title='bbox 1198 2073 1344 2119; x_wconf 87' lang='lat' dir='ltr'><strong>ardens,</strong></span> <span class='ocrx_word' id='word_1_243' title='bbox 1375 2072 1578 2120; x_wconf 87' lang='lat' dir='ltr'><strong>imperatori</strong></span> <span class='ocrx_word' id='word_1_244' title='bbox 1600 2073 1734 2110; x_wconf 84' lang='lat' dir='ltr'><strong>timidi-</strong></span> 
     </span>
     <span class='ocr_line' id='line_1_27' title="bbox 277 2118 1731 2167; baseline 0.005 -17"><span class='ocrx_word' id='word_1_245' title='bbox 277 2120 385 2152; x_wconf 86' lang='lat' dir='ltr'><strong>tatem</strong></span> <span class='ocrx_word' id='word_1_246' title='bbox 410 2120 646 2165; x_wconf 83' lang='lat' dir='ltr'>exprobrare,</span> <span class='ocrx_word' id='word_1_247' title='bbox 677 2121 884 2167; x_wconf 82' lang='lat' dir='ltr'><strong>legationem</strong></span> <span class='ocrx_word' id='word_1_248' title='bbox 909 2121 1070 2155; x_wconf 86' lang='lat' dir='ltr'><strong>deridere</strong></span> <span class='ocrx_word' id='word_1_249' title='bbox 1095 2132 1136 2156; x_wconf 85' lang='lat' dir='ltr'><strong>ac</strong></span> <span class='ocrx_word' id='word_1_250' title='bbox 1159 2132 1221 2165; x_wconf 88' lang='lat' dir='ltr'><strong>pro</strong></span> <span class='ocrx_word' id='word_1_251' title='bbox 1244 2119 1393 2155; x_wconf 87' lang='lat' dir='ltr'><strong>ludibrio</strong></span> <span class='ocrx_word' id='word_1_252' title='bbox 1416 2121 1567 2165; x_wconf 87' lang='lat' dir='ltr'><strong>habere,</strong></span> <span class='ocrx_word' id='word_1_253' title='bbox 1596 2118 1731 2166; x_wconf 82' lang='lat' dir='ltr'><strong>legatos</strong></span> 
     </span>
     <span class='ocr_line' id='line_1_28' title="bbox 276 2161 1732 2220; baseline 0.004 -24"><span class='ocrx_word' id='word_1_254' title='bbox 276 2161 315 2196; x_wconf 87' lang='lat' dir='ltr'><strong>in</strong></span> <span class='ocrx_word' id='word_1_255' title='bbox 338 2163 486 2199; x_wconf 86' lang='lat' dir='ltr'><strong>vinculis</strong></span> <span class='ocrx_word' id='word_1_256' title='bbox 509 2166 685 2210; x_wconf 86' lang='lat' dir='ltr'><strong>detinere,</strong></span> <span class='ocrx_word' id='word_1_257' title='bbox 716 2172 754 2202; x_wconf 92' lang='lat' dir='ltr'><strong>et</strong></span> <span class='ocrx_word' id='word_1_258' title='bbox 773 2168 875 2202; x_wconf 89' lang='lat' dir='ltr'><strong>finem</strong></span> <span class='ocrx_word' id='word_1_259' title='bbox 896 2166 951 2201; x_wconf 88' lang='lat' dir='ltr'><strong>rei</strong></span> <span class='ocrx_word' id='word_1_260' title='bbox 998 2166 1198 2211; x_wconf 87' lang='lat' dir='ltr'><strong>raestolari,</strong></span> <span class='ocrx_word' id='word_1_261' title='bbox 1224 2165 1514 2220; x_wconf 65' lang='lat' dir='ltr'><strong>oppugnationem</strong></span> <span class='ocrx_word' id='word_1_262' title='bbox 1538 2178 1643 2212; x_wconf 86' lang='lat' dir='ltr'><strong>porro</strong></span> <span class='ocrx_word' id='word_1_263' title='bbox 1665 2167 1732 2202; x_wconf 89' lang='lat' dir='ltr'><strong>im-</strong></span> 
     </span>
     <span class='ocr_line' id='line_1_29' title="bbox 277 2209 1733 2258; baseline 0.004 -16"><span class='ocrx_word' id='word_1_264' title='bbox 277 2209 421 2252; x_wconf 86' lang='lat' dir='ltr'><strong>pensius</strong></span> <span class='ocrx_word' id='word_1_265' title='bbox 455 2221 602 2257; x_wconf 84' lang='lat' dir='ltr'><strong>urgere,</strong></span> <span class='ocrx_word' id='word_1_266' title='bbox 639 2212 822 2258; x_wconf 84' lang='lat' dir='ltr'><strong>divisoque</strong></span> <span class='ocrx_word' id='word_1_267' title='bbox 850 2212 888 2247; x_wconf 86' lang='lat' dir='ltr'><strong>in</strong></span> <span class='ocrx_word' id='word_1_268' title='bbox 918 2223 973 2246; x_wconf 91' lang='lat' dir='ltr'><strong>mu</strong></span> <span class='ocrx_word' id='word_1_269' title='bbox 989 2218 1042 2246; x_wconf 91' lang='lat' dir='ltr'><strong>tas</strong></span> <span class='ocrx_word' id='word_1_270' title='bbox 1073 2218 1190 2257; x_wconf 86' lang='lat' dir='ltr'><strong>partes</strong></span> <span class='ocrx_word' id='word_1_271' title='bbox 1221 2218 1376 2247; x_wconf 74' lang='lat' dir='ltr'><strong>exercitu</strong></span> <span class='ocrx_word' id='word_1_272' title='bbox 1402 2223 1465 2258; x_wconf 86' lang='lat' dir='ltr'><strong>per</strong></span> <span class='ocrx_word' id='word_1_273' title='bbox 1492 2211 1588 2247; x_wconf 87' lang='lat' dir='ltr'><strong>vices</strong></span> <span class='ocrx_word' id='word_1_274' title='bbox 1610 2212 1733 2249; x_wconf 81' lang='lat' dir='ltr'><strong>urbem</strong></span> 
     </span>
     <span class='ocr_line' id='line_1_30' title="bbox 277 2255 1731 2303; baseline 0.005 -16"><span class='ocrx_word' id='word_1_275' title='bbox 277 2255 428 2299; x_wconf 84' lang='lat' dir='ltr'><strong>adoriri,</strong></span> <span class='ocrx_word' id='word_1_276' title='bbox 454 2260 598 2302; x_wconf 83' lang='lat' dir='ltr'><strong>sperare</strong></span> <span class='ocrx_word' id='word_1_277' title='bbox 620 2259 697 2293; x_wconf 85' lang='lat' dir='ltr'><strong>fore</strong></span> <span class='ocrx_word' id='word_1_278' title='bbox 719 2264 759 2293; x_wconf 92' lang='lat' dir='ltr'><strong>ut</strong></span> <span class='ocrx_word' id='word_1_279' title='bbox 781 2257 928 2293; x_wconf 81' lang='lat' dir='ltr'><strong>subinde</strong></span> <span class='ocrx_word' id='word_1_280' title='bbox 952 2257 1029 2292; x_wconf 89' lang='lat' dir='ltr'><strong>aliis</strong></span> <span class='ocrx_word' id='word_1_281' title='bbox 1053 2257 1201 2303; x_wconf 87' lang='lat' dir='ltr'><strong>aliisque</strong></span> <span class='ocrx_word' id='word_1_282' title='bbox 1222 2258 1422 2292; x_wconf 76' lang='lat' dir='ltr'><strong>recentibus</strong></span> <span class='ocrx_word' id='word_1_283' title='bbox 1446 2262 1482 2292; x_wconf 91' lang='lat' dir='ltr'><strong>et</strong></span> <span class='ocrx_word' id='word_1_284' title='bbox 1505 2257 1652 2303; x_wconf 80' lang='lat' dir='ltr'><strong>integris</strong></span> <span class='ocrx_word' id='word_1_285' title='bbox 1673 2259 1731 2294; x_wconf 80' lang='lat' dir='ltr'><strong>vi-</strong></span> 
     </span>
     <span class='ocr_line' id='line_1_31' title="bbox 275 2299 1732 2349; baseline 0.004 -16"><span class='ocrx_word' id='word_1_286' title='bbox 275 2299 373 2334; x_wconf 81' lang='lat' dir='ltr'><strong>ribus</strong></span> <span class='ocrx_word' id='word_1_287' title='bbox 404 2304 654 2348; x_wconf 81' lang='lat' dir='ltr'><strong>oppugnationi</strong></span> <span class='ocrx_word' id='word_1_288' title='bbox 685 2305 931 2348; x_wconf 76' lang='lat' dir='ltr'><strong>subeuntibus,</strong></span> <span class='ocrx_word' id='word_1_289' title='bbox 968 2303 1027 2348; x_wconf 89' lang='lat' dir='ltr'><strong>qui</strong></span> <span class='ocrx_word' id='word_1_290' title='bbox 1055 2303 1150 2339; x_wconf 86' lang='lat' dir='ltr'><strong>intus</strong></span> <span class='ocrx_word' id='word_1_291' title='bbox 1182 2309 1299 2348; x_wconf 87' lang='lat' dir='ltr'><strong>erant,</strong></span> <span class='ocrx_word' id='word_1_292' title='bbox 1338 2303 1517 2338; x_wconf 80' lang='lat' dir='ltr'><strong>laboribus</strong></span> <span class='ocrx_word' id='word_1_293' title='bbox 1546 2303 1732 2349; x_wconf 82' lang='lat' dir='ltr'><strong>defatigati</strong></span> 
     </span>
     <span class='ocr_line' id='line_1_32' title="bbox 277 2347 1732 2396; baseline 0.005 -18"><span class='ocrx_word' id='word_1_294' title='bbox 277 2356 356 2379; x_wconf 85' lang='lat' dir='ltr'><strong>sese</strong></span> <span class='ocrx_word' id='word_1_295' title='bbox 378 2347 519 2383; x_wconf 81' lang='lat' dir='ltr'><strong>dedant.</strong></span> <span class='ocrx_word' id='word_1_296' title='bbox 565 2350 628 2384; x_wconf 87' lang='lat' dir='ltr'><strong>sed</strong></span> <span class='ocrx_word' id='word_1_297' title='bbox 650 2350 815 2396; x_wconf 82' lang='lat' dir='ltr'><strong>oppidani</strong></span> <span class='ocrx_word' id='word_1_298' title='bbox 836 2349 977 2384; x_wconf 87' lang='lat' dir='ltr'><strong>fortiter</strong></span> <span class='ocrx_word' id='word_1_299' title='bbox 998 2361 1037 2384; x_wconf 89' lang='lat' dir='ltr'><strong>se</strong></span> <span class='ocrx_word' id='word_1_300' title='bbox 1059 2351 1262 2394; x_wconf 87' lang='lat' dir='ltr'><strong>tuebantur,</strong></span> <span class='ocrx_word' id='word_1_301' title='bbox 1285 2361 1399 2394; x_wconf 88' lang='lat' dir='ltr'><strong>neque</strong></span> <span class='ocrx_word' id='word_1_302' title='bbox 1415 2349 1732 2395; x_wconf 78' lang='lat' dir='ltr'><strong>oppugnationibus</strong></span> 
     </span>
     <span class='ocr_line' id='line_1_33' title="bbox 278 2390 1731 2444; baseline 0.003 -19"><span class='ocrx_word' id='word_1_303' title='bbox 278 2390 464 2444; x_wconf 70' lang='lat' dir='ltr'><strong>quidquam</strong></span> <span class='ocrx_word' id='word_1_304' title='bbox 488 2395 718 2430; x_wconf 78' lang='lat' dir='ltr'><strong>efficiebatur.</strong></span> <span class='ocrx_word' id='word_1_305' title='bbox 766 2395 972 2441; x_wconf 90' lang='lat' dir='ltr'><strong>omninoque</strong></span> <span class='ocrx_word' id='word_1_306' title='bbox 995 2400 1099 2441; x_wconf 80' lang='lat' dir='ltr'><strong>capta</strong></span> <span class='ocrx_word' id='word_1_307' title='bbox 1118 2396 1201 2430; x_wconf 87' lang='lat' dir='ltr'><strong>urbs</strong></span> <span class='ocrx_word' id='word_1_308' title='bbox 1224 2407 1294 2430; x_wconf 90' lang='lat' dir='ltr'><strong>non</strong></span> <span class='ocrx_word' id='word_1_309' title='bbox 1318 2396 1461 2439; x_wconf 79' lang='lat' dir='ltr'><strong>fuisset,</strong></span> <span class='ocrx_word' id='word_1_310' title='bbox 1486 2395 1555 2430; x_wconf 88' lang='lat' dir='ltr'><strong>nisi</strong></span> <span class='ocrx_word' id='word_1_311' title='bbox 1576 2395 1731 2441; x_wconf 85' lang='lat' dir='ltr'><strong>proditio</strong></span> 
     </span>
     <span class='ocr_line' id='line_1_34' title="bbox 277 2437 1731 2485; baseline 0.005 -16"><span class='ocrx_word' id='word_1_312' title='bbox 277 2437 453 2473; x_wconf 79' lang='lat' dir='ltr'><strong>cuiusdam</strong></span> <span class='ocrx_word' id='word_1_313' title='bbox 474 2440 686 2476; x_wconf 85' lang='lat' dir='ltr'><strong>Amoriensis</strong></span> <span class='ocrx_word' id='word_1_314' title='bbox 706 2442 975 2477; x_wconf 80' lang='lat' dir='ltr'><strong>intercessisset.</strong></span> <span class='ocrx_word' id='word_1_315' title='bbox 1022 2441 1052 2476; x_wconf 84' lang='lat' dir='ltr'><strong>is</strong></span> <span class='ocrx_word' id='word_1_316' title='bbox 1074 2441 1236 2476; x_wconf 85' lang='lat' dir='ltr'><strong>Baditzes</strong></span> <span class='ocrx_word' id='word_1_317' title='bbox 1258 2441 1406 2485; x_wconf 89' lang='lat' dir='ltr'><strong>nomine,</strong></span> <span class='ocrx_word' id='word_1_318' title='bbox 1431 2441 1628 2476; x_wconf 85' lang='lat' dir='ltr'><strong>muneribus</strong></span> <span class='ocrx_word' id='word_1_319' title='bbox 1651 2453 1731 2476; x_wconf 87' lang='lat' dir='ltr'><strong>cor-</strong></span> 
     </span>
     <span class='ocr_line' id='line_1_35' title="bbox 277 2484 1731 2533; baseline 0.006 -19"><span class='ocrx_word' id='word_1_320' title='bbox 277 2487 420 2528; x_wconf 85' lang='lat' dir='ltr'><strong>ruptus,</strong></span> <span class='ocrx_word' id='word_1_321' title='bbox 454 2484 590 2522; x_wconf 84' lang='lat' dir='ltr'><strong>eiurata</strong></span> <span class='ocrx_word' id='word_1_322' title='bbox 621 2489 664 2522; x_wconf 93' lang='lat' dir='ltr'><strong>ob</strong></span> <span class='ocrx_word' id='word_1_323' title='bbox 696 2488 949 2523; x_wconf 76' lang='lat' dir='ltr'><strong>contentionem</strong></span> <span class='ocrx_word' id='word_1_324' title='bbox 977 2488 1146 2532; x_wconf 87' lang='lat' dir='ltr'><strong>quandam</strong></span> <span class='ocrx_word' id='word_1_325' title='bbox 1170 2487 1369 2522; x_wconf 84' lang='lat' dir='ltr'><strong>Christiana</strong></span> <span class='ocrx_word' id='word_1_326' title='bbox 1390 2486 1560 2531; x_wconf 80' lang='lat' dir='ltr'><strong>religione</strong></span> <span class='ocrx_word' id='word_1_327' title='bbox 1581 2498 1623 2522; x_wconf 88' lang='lat' dir='ltr'><strong>eo</strong></span> <span class='ocrx_word' id='word_1_328' title='bbox 1646 2498 1731 2533; x_wconf 85' lang='lat' dir='ltr'><strong>pro-</strong></span> 
     </span>
     <span class='ocr_line' id='line_1_36' title="bbox 276 2525 1730 2580; baseline 0.005 -21"><span class='ocrx_word' id='word_1_329' title='bbox 276 2525 395 2571; x_wconf 83' lang='lat' dir='ltr'><strong>lapsus</strong></span> <span class='ocrx_word' id='word_1_330' title='bbox 430 2535 485 2564; x_wconf 87' lang='lat' dir='ltr'><strong>est</strong></span> <span class='ocrx_word' id='word_1_331' title='bbox 513 2533 716 2568; x_wconf 86' lang='lat' dir='ltr'><strong>temeritatis</strong></span> <span class='ocrx_word' id='word_1_332' title='bbox 741 2539 780 2568; x_wconf 87' lang='lat' dir='ltr'><strong>ut</strong></span> <span class='ocrx_word' id='word_1_333' title='bbox 803 2534 950 2580; x_wconf 79' lang='lat' dir='ltr'><strong>patriam</strong></span> <span class='ocrx_word' id='word_1_334' title='bbox 982 2533 1170 2579; x_wconf 85' lang='lat' dir='ltr'><strong>proderet,</strong></span> <span class='ocrx_word' id='word_1_335' title='bbox 1203 2539 1240 2568; x_wconf 90' lang='lat' dir='ltr'><strong>et</strong></span> <span class='ocrx_word' id='word_1_336' title='bbox 1274 2533 1408 2567; x_wconf 84' lang='lat' dir='ltr'><strong>occulte</strong></span> <span class='ocrx_word' id='word_1_337' title='bbox 1431 2543 1506 2567; x_wconf 87' lang='lat' dir='ltr'><strong>cum</strong></span> <span class='ocrx_word' id='word_1_338' title='bbox 1525 2533 1730 2567; x_wconf 83' lang='lat' dir='ltr'><strong>Sarracenis</strong></span> 
     </span>
     <span class='ocr_line' id='line_1_37' title="bbox 277 2571 1729 2625; baseline 0.004 -20"><span class='ocrx_word' id='word_1_339' title='bbox 277 2571 465 2608; x_wconf 87' lang='lat' dir='ltr'><strong>collocutus</strong></span> <span class='ocrx_word' id='word_1_340' title='bbox 497 2578 629 2613; x_wconf 90' lang='lat' dir='ltr'><strong>monuit</strong></span> <span class='ocrx_word' id='word_1_341' title='bbox 654 2585 694 2614; x_wconf 89' lang='lat' dir='ltr'><strong>ut</strong></span> <span class='ocrx_word' id='word_1_342' title='bbox 724 2581 767 2614; x_wconf 85' lang='lat' dir='ltr'><strong>ab</strong></span> <span class='ocrx_word' id='word_1_343' title='bbox 797 2592 839 2614; x_wconf 87' lang='lat' dir='ltr'><strong>ea</strong></span> <span class='ocrx_word' id='word_1_344' title='bbox 869 2585 969 2625; x_wconf 87' lang='lat' dir='ltr'><strong>parte</strong></span> <span class='ocrx_word' id='word_1_345' title='bbox 1000 2580 1119 2614; x_wconf 88' lang='lat' dir='ltr'><strong>urbem</strong></span> <span class='ocrx_word' id='word_1_346' title='bbox 1148 2583 1408 2625; x_wconf 81' lang='lat' dir='ltr'><strong>oppugnarent,</strong></span> <span class='ocrx_word' id='word_1_347' title='bbox 1441 2589 1509 2623; x_wconf 87' lang='lat' dir='ltr'><strong>qua</strong></span> <span class='ocrx_word' id='word_1_348' title='bbox 1529 2577 1666 2612; x_wconf 86' lang='lat' dir='ltr'><strong>facilius</strong></span> <span class='ocrx_word' id='word_1_349' title='bbox 1691 2578 1729 2612; x_wconf 87' lang='lat' dir='ltr'><strong>in</strong></span> 
     </span>
     <span class='ocr_line' id='line_1_38' title="bbox 275 2621 1731 2671; baseline 0.005 -19"><span class='ocrx_word' id='word_1_350' title='bbox 275 2628 392 2653; x_wconf 88' lang='lat' dir='ltr'><strong>muros</strong></span> <span class='ocrx_word' id='word_1_351' title='bbox 421 2621 523 2655; x_wconf 84' lang='lat' dir='ltr'><strong>evadi</strong></span> <span class='ocrx_word' id='word_1_352' title='bbox 581 2635 658 2659; x_wconf 84' lang='lat' dir='ltr'><strong>osse</strong></span> <span class='ocrx_word' id='word_1_353' title='bbox 687 2631 800 2660; x_wconf 88' lang='lat' dir='ltr'><strong>norat.</strong></span> <span class='ocrx_word' id='word_1_354' title='bbox 847 2630 1043 2671; x_wconf 85' lang='lat' dir='ltr'><strong>expugnata</strong></span> <span class='ocrx_word' id='word_1_355' title='bbox 1074 2625 1160 2658; x_wconf 91' lang='lat' dir='ltr'><strong>urbe</strong></span> <span class='ocrx_word' id='word_1_356' title='bbox 1193 2629 1342 2670; x_wconf 87' lang='lat' dir='ltr'><strong>quantae</strong></span> <span class='ocrx_word' id='word_1_357' title='bbox 1373 2623 1499 2659; x_wconf 83' lang='lat' dir='ltr'><strong>caedes</strong></span> <span class='ocrx_word' id='word_1_358' title='bbox 1522 2623 1636 2658; x_wconf 87' lang='lat' dir='ltr'><strong>editae</strong></span> <span class='ocrx_word' id='word_1_359' title='bbox 1658 2623 1731 2659; x_wconf 81' lang='lat' dir='ltr'><strong>sint</strong></span> 
     </span>
     <span class='ocr_line' id='line_1_39' title="bbox 276 2667 1730 2716; baseline 0.006 -19"><span class='ocrx_word' id='word_1_360' title='bbox 276 2667 314 2697; x_wconf 89' lang='lat' dir='ltr'><strong>et</strong></span> <span class='ocrx_word' id='word_1_361' title='bbox 336 2668 420 2708; x_wconf 89' lang='lat' dir='ltr'><strong>quot</strong></span> <span class='ocrx_word' id='word_1_362' title='bbox 441 2667 572 2711; x_wconf 81' lang='lat' dir='ltr'><strong>captivl</strong></span> <span class='ocrx_word' id='word_1_363' title='bbox 595 2670 700 2714; x_wconf 83' lang='lat' dir='ltr'><strong>facti,</strong></span> <span class='ocrx_word' id='word_1_364' title='bbox 731 2671 877 2705; x_wconf 88' lang='lat' dir='ltr'><strong>dicendo</strong></span> <span class='ocrx_word' id='word_1_365' title='bbox 901 2670 1047 2716; x_wconf 88' lang='lat' dir='ltr'><strong>exprimi</strong></span> <span class='ocrx_word' id='word_1_366' title='bbox 1071 2681 1139 2704; x_wconf 92' lang='lat' dir='ltr'><strong>non</strong></span> <span class='ocrx_word' id='word_1_367' title='bbox 1167 2675 1295 2715; x_wconf 81' lang='lat' dir='ltr'><strong>potest.</strong></span> <span class='ocrx_word' id='word_1_368' title='bbox 1342 2680 1418 2704; x_wconf 83' lang='lat' dir='ltr'><strong>nam</strong></span> <span class='ocrx_word' id='word_1_369' title='bbox 1441 2669 1626 2703; x_wconf 87' lang='lat' dir='ltr'><strong>Sarraceni</strong></span> <span class='ocrx_word' id='word_1_370' title='bbox 1646 2669 1730 2705; x_wconf 86' lang='lat' dir='ltr'><strong>irati</strong></span> 
     </span>
     <span class='ocr_line' id='line_1_40' title="bbox 275 2710 1727 2762; baseline 0.006 -19"><span class='ocrx_word' id='word_1_371' title='bbox 275 2710 367 2762; x_wconf 66' lang='lat' dir='ltr'><strong>guod</strong></span> <span class='ocrx_word' id='word_1_372' title='bbox 390 2711 538 2746; x_wconf 85' lang='lat' dir='ltr'><strong>durante</strong></span> <span class='ocrx_word' id='word_1_373' title='bbox 561 2714 741 2750; x_wconf 86' lang='lat' dir='ltr'><strong>obsidione</strong></span> <span class='ocrx_word' id='word_1_374' title='bbox 762 2716 885 2751; x_wconf 89' lang='lat' dir='ltr'><strong>multos</strong></span> <span class='ocrx_word' id='word_1_375' title='bbox 910 2727 1048 2750; x_wconf 86' lang='lat' dir='ltr'><strong>suorum</strong></span> <span class='ocrx_word' id='word_1_376' title='bbox 1070 2715 1222 2750; x_wconf 86' lang='lat' dir='ltr'><strong>illustres</strong></span> <span class='ocrx_word' id='word_1_377' title='bbox 1245 2715 1460 2758; x_wconf 86' lang='lat' dir='ltr'><strong>amisissent,</strong></span> <span class='ocrx_word' id='word_1_378' title='bbox 1495 2714 1587 2749; x_wconf 87' lang='lat' dir='ltr'><strong>nulla</strong></span> <span class='ocrx_word' id='word_1_379' title='bbox 1610 2727 1727 2751; x_wconf 87' lang='lat' dir='ltr'><strong>eorum</strong></span> 
     </span>
     <span class='ocr_line' id='line_1_41' title="bbox 273 2756 1729 2806; baseline 0.006 -18"><span class='ocrx_word' id='word_1_380' title='bbox 273 2765 311 2788; x_wconf 83' lang='grc' dir='ltr'><strong>ιιι</strong></span> <span class='ocrx_word' id='word_1_381' title='bbox 336 2767 422 2800; x_wconf 87' lang='lat' dir='ltr'><strong>quos</strong></span> <span class='ocrx_word' id='word_1_382' title='bbox 444 2756 644 2794; x_wconf 85' lang='lat' dir='ltr'><strong>incidebant</strong></span> <span class='ocrx_word' id='word_1_383' title='bbox 666 2761 886 2796; x_wconf 84' lang='lat' dir='ltr'><strong>miseratione</strong></span> <span class='ocrx_word' id='word_1_384' title='bbox 907 2761 1011 2806; x_wconf 88' lang='lat' dir='ltr'><strong>moti,</strong></span> <span class='ocrx_word' id='word_1_385' title='bbox 1045 2761 1142 2795; x_wconf 86' lang='lat' dir='ltr'><strong>viros</strong></span> <span class='ocrx_word' id='word_1_386' title='bbox 1165 2761 1435 2804; x_wconf 81' lang='lat' dir='ltr'><strong>obtruncabant,</strong></span> <span class='ocrx_word' id='word_1_387' title='bbox 1468 2760 1628 2795; x_wconf 84' lang='lat' dir='ltr'><strong>mulieres</strong></span> <span class='ocrx_word' id='word_1_388' title='bbox 1652 2772 1729 2797; x_wconf 84' lang='lat' dir='ltr'><strong>cum</strong></span> 
     </span>
     <span class='ocr_line' id='line_1_42' title="bbox 272 2799 1727 2853; baseline 0.005 -19"><span class='ocrx_word' id='word_1_389' title='bbox 272 2799 465 2837; x_wconf 85' lang='lat' dir='ltr'><strong>infantibus</strong></span> <span class='ocrx_word' id='word_1_390' title='bbox 487 2808 523 2838; x_wconf 88' lang='lat' dir='ltr'><strong>et</strong></span> <span class='ocrx_word' id='word_1_391' title='bbox 546 2804 663 2850; x_wconf 87' lang='lat' dir='ltr'><strong>pueris</strong></span> <span class='ocrx_word' id='word_1_392' title='bbox 693 2807 899 2852; x_wconf 83' lang='lat' dir='ltr'><strong>rapiebant,</strong></span> <span class='ocrx_word' id='word_1_393' title='bbox 934 2806 1164 2853; x_wconf 82' lang='lat' dir='ltr'><strong>pulcherrima</strong></span> <span class='ocrx_word' id='word_1_394' title='bbox 1195 2817 1354 2852; x_wconf 84' lang='lat' dir='ltr'><strong>quaeque</strong></span> <span class='ocrx_word' id='word_1_395' title='bbox 1379 2806 1540 2841; x_wconf 82' lang='lat' dir='ltr'><strong>aedificia</strong></span> <span class='ocrx_word' id='word_1_396' title='bbox 1563 2807 1727 2842; x_wconf 86' lang='lat' dir='ltr'><strong>incende-</strong></span> 
     </span>
     <span class='ocr_line' id='line_1_43' title="bbox 274 2845 1730 2899; baseline 0.006 -19"><span class='ocrx_word' id='word_1_397' title='bbox 274 2845 372 2882; x_wconf 87' lang='lat' dir='ltr'><strong>bant.</strong></span> <span class='ocrx_word' id='word_1_398' title='bbox 420 2849 570 2896; x_wconf 84' lang='lat' dir='ltr'><strong>denique</strong></span> <span class='ocrx_word' id='word_1_399' title='bbox 594 2853 676 2887; x_wconf 82' lang='lat' dir='ltr'><strong>urbs</strong></span> <span class='ocrx_word' id='word_1_400' title='bbox 699 2852 929 2888; x_wconf 86' lang='lat' dir='ltr'><strong>Orientalium</strong></span> <span class='ocrx_word' id='word_1_401' title='bbox 953 2851 1184 2898; x_wconf 82' lang='lat' dir='ltr'><strong>pulcherrima</strong></span> <span class='ocrx_word' id='word_1_402' title='bbox 1207 2851 1332 2898; x_wconf 79' lang='lat' dir='ltr'><strong>exiguo</strong></span> <span class='ocrx_word' id='word_1_403' title='bbox 1352 2851 1520 2899; x_wconf 81' lang='lat' dir='ltr'><strong>temporis</strong></span> <span class='ocrx_word' id='word_1_404' title='bbox 1540 2852 1656 2899; x_wconf 85' lang='lat' dir='ltr'><strong>spatio</strong></span> <span class='ocrx_word' id='word_1_405' title='bbox 1677 2853 1730 2889; x_wconf 75' lang='lat' dir='ltr'><strong>ita</strong></span> 
     </span>
    </p>
   </div>
  </div>
 </body>
</html>
