<?xml version="1.0" encoding="UTF-8"?>
<!DOCTYPE html PUBLIC "-//W3C//DTD XHTML 1.0 Transitional//EN"
    "http://www.w3.org/TR/xhtml1/DTD/xhtml1-transitional.dtd">
<html xmlns="http://www.w3.org/1999/xhtml" xml:lang="en" lang="en">
 <head>
  <title>
</title>
<meta http-equiv="Content-Type" content="text/html;charset=utf-8" />
  <meta name='ocr-system' content='tesseract 3.04.00' />
  <meta name='ocr-capabilities' content='ocr_page ocr_carea ocr_par ocr_line ocrx_word'/>
</head>
<body>
  <div class='ocr_page' id='page_1' title='image "./corpusscriptorum14niebuoft/corpusscriptorum14niebuoft_0921.png"; bbox 0 0 1916 3210; ppageno 0'>
   <div class='ocr_carea' id='block_1_1' title="bbox 0 0 164 1871">
    <p class='ocr_par' dir='ltr' id='par_1_1' title="bbox 0 0 164 1871">
     <span class='ocr_line' id='line_1_1' title="bbox 0 0 164 1871; baseline 0 0"><span class='ocrx_word' id='word_1_1' title='bbox 0 0 164 1871; x_wconf 95' lang='lat' dir='ltr'><strong> </strong></span> 
     </span>
    </p>
   </div>
   <div class='ocr_carea' id='block_1_2' title="bbox 733 179 1650 229">
    <p class='ocr_par' dir='ltr' id='par_1_2' title="bbox 733 179 1650 229">
     <span class='ocr_line' id='line_1_2' title="bbox 733 179 1650 229; baseline 0.001 -1"><span class='ocrx_word' id='word_1_2' title='bbox 733 181 1103 228; x_wconf 85' lang='lat' dir='ltr'><strong>GLOSSARIUM.</strong></span> <span class='ocrx_word' id='word_1_3' title='bbox 1552 179 1650 229; x_wconf 86' lang='lat'><strong>911</strong></span> 
     </span>
    </p>
   </div>
   <div class='ocr_carea' id='block_1_3' title="bbox 168 288 1654 2898">
    <p class='ocr_par' dir='ltr' id='par_1_3' title="bbox 168 288 1653 2898">
     <span class='ocr_line' id='line_1_3' title="bbox 187 288 1653 349; baseline -0.001 -13"><span class='ocrx_word' id='word_1_4' title='bbox 187 291 260 336; x_wconf 65' lang='lat' dir='ltr'><strong>sd</strong></span> <span class='ocrx_word' id='word_1_5' title='bbox 276 293 357 335; x_wconf 82' lang='grc' dir='ltr'><strong>νῦν</strong></span> <span class='ocrx_word' id='word_1_6' title='bbox 376 289 421 334; x_wconf 74' lang='grc' dir='ltr'><strong>δὲ</strong></span> <span class='ocrx_word' id='word_1_7' title='bbox 437 288 520 336; x_wconf 78' lang='grc' dir='ltr'><strong><em>α’πὸ</em></strong></span> <span class='ocrx_word' id='word_1_8' title='bbox 541 294 616 334; x_wconf 86' lang='grc' dir='ltr'><strong>τοῦ</strong></span> <span class='ocrx_word' id='word_1_9' title='bbox 634 292 748 348; x_wconf 77' lang='grc' dir='ltr'><strong><em>ἱεροῦ</em></strong></span> <span class='ocrx_word' id='word_1_10' title='bbox 764 290 1047 347; x_wconf 65' lang='grc' dir='ltr'><strong><em>πληρώματος,</em></strong></span> <span class='ocrx_word' id='word_1_11' title='bbox 1075 294 1151 335; x_wconf 84' lang='grc' dir='ltr'><strong>τοῦ</strong></span> <span class='ocrx_word' id='word_1_12' title='bbox 1169 288 1253 335; x_wconf 64' lang='grc' dir='ltr'><strong>ὑπό</strong></span> <span class='ocrx_word' id='word_1_13' title='bbox 1272 304 1316 335; x_wconf 83' lang='grc' dir='ltr'><strong>σε</strong></span> <span class='ocrx_word' id='word_1_14' title='bbox 1334 289 1495 349; x_wconf 78' lang='grc' dir='ltr'><strong><em>κλήρου.</em></strong></span> <span class='ocrx_word' id='word_1_15' title='bbox 1550 293 1653 334; x_wconf 88' lang='lat' dir='ltr'><strong>Pau-</strong></span> 
     </span>
     <span class='ocr_line' id='line_1_4' title="bbox 186 350 1653 404; baseline -0.002 -13"><span class='ocrx_word' id='word_1_16' title='bbox 186 351 285 392; x_wconf 54' lang='grc' dir='ltr'><strong>διν</strong></span> <span class='ocrx_word' id='word_1_17' title='bbox 308 350 416 404; x_wconf 80' lang='lat' dir='ltr'><strong>epist.</strong></span> <span class='ocrx_word' id='word_1_18' title='bbox 435 352 490 394; x_wconf 81' lang='lat'><strong>28</strong></span> <span class='ocrx_word' id='word_1_19' title='bbox 507 351 558 390; x_wconf 87' lang='lat' dir='ltr'><strong>ad</strong></span> <span class='ocrx_word' id='word_1_20' title='bbox 576 351 802 392; x_wconf 82' lang='lat' dir='ltr'><strong>victricium:</strong></span> <span class='ocrx_word' id='word_1_21' title='bbox 831 351 881 390; x_wconf 85' lang='lat' dir='ltr'><strong>de</strong></span> <span class='ocrx_word' id='word_1_22' title='bbox 901 352 1128 390; x_wconf 66' lang='lat' dir='ltr'><strong>sanctitatis</strong></span> <span class='ocrx_word' id='word_1_23' title='bbox 1148 357 1241 388; x_wconf 75' lang='lat' dir='ltr'><strong>tuae</strong></span> <span class='ocrx_word' id='word_1_24' title='bbox 1260 351 1362 390; x_wconf 82' lang='lat' dir='ltr'><strong>clero</strong></span> <span class='ocrx_word' id='word_1_25' title='bbox 1383 357 1420 389; x_wconf 80' lang='lat' dir='ltr'><strong>et</strong></span> <span class='ocrx_word' id='word_1_26' title='bbox 1440 364 1598 402; x_wconf 84' lang='lat' dir='ltr'><strong>corpore</strong></span> <span class='ocrx_word' id='word_1_27' title='bbox 1615 356 1653 388; x_wconf 79' lang='lat' dir='ltr'><strong>et</strong></span> 
     </span>
     <span class='ocr_line' id='line_1_5' title="bbox 187 407 1652 478; baseline 0.005 -34.069"><span class='ocrx_word' id='word_1_28' title='bbox 187 408 332 459; x_wconf 71' lang='lat' dir='ltr'><strong>spiritu</strong></span> <span class='ocrx_word' id='word_1_29' title='bbox 369 420 450 445; x_wconf 75' lang='lat' dir='ltr'><strong>esse</strong></span> <span class='ocrx_word' id='word_1_30' title='bbox 456 409 755 478; x_wconf 71' lang='lat' dir='ltr'><strong>cognovimus.</strong></span> <span class='ocrx_word' id='word_1_31' title='bbox 801 409 994 462; x_wconf 82' lang='grc' dir='ltr'><strong><em>κληρικοί.</em></strong></span> <span class='ocrx_word' id='word_1_32' title='bbox 1058 407 1215 460; x_wconf 85' lang='lat' dir='ltr'><strong>Niceph.</strong></span> <span class='ocrx_word' id='word_1_33' title='bbox 1244 409 1330 447; x_wconf 81' lang='lat' dir='ltr'><strong>hist.</strong></span> <span class='ocrx_word' id='word_1_34' title='bbox 1361 409 1491 448; x_wconf 84' lang='lat' dir='ltr'><strong>eccles.</strong></span> <span class='ocrx_word' id='word_1_35' title='bbox 1517 410 1543 450; x_wconf 89' lang='lat'>7</span> <span class='ocrx_word' id='word_1_36' title='bbox 1573 408 1652 451; x_wconf 80' lang='lat'><strong>42·</strong></span> 
     </span>
     <span class='ocr_line' id='line_1_6' title="bbox 187 461 1653 531; baseline -0.001 -25"><span class='ocrx_word' id='word_1_37' title='bbox 187 463 413 530; x_wconf 64' lang='grc' dir='ltr'><strong><em>ὑπηρεσίαν</em></strong></span> <span class='ocrx_word' id='word_1_38' title='bbox 442 479 505 520; x_wconf 72' lang='grc' dir='ltr'><strong>τῃ</strong></span> <span class='ocrx_word' id='word_1_39' title='bbox 526 461 724 520; x_wconf 77' lang='grc' dir='ltr'><strong>ἇγιωτοὶτη</strong></span> <span class='ocrx_word' id='word_1_40' title='bbox 754 465 952 521; x_wconf 75' lang='grc' dir='ltr'><strong><em>θρησκείᾳ</em></strong></span> <span class='ocrx_word' id='word_1_41' title='bbox 976 463 1240 517; x_wconf 83' lang='grc' dir='ltr'><strong><em>παρέχοντας,</em></strong></span> <span class='ocrx_word' id='word_1_42' title='bbox 1269 461 1418 517; x_wconf 71' lang='grc' dir='ltr'><strong><em>οὕσπερ</em></strong></span> <span class='ocrx_word' id='word_1_43' title='bbox 1434 461 1653 531; x_wconf 78' lang='grc' dir='ltr'><strong>κληρικοῦς</strong></span> 
     </span>
     <span class='ocr_line' id='line_1_7' title="bbox 186 505 1653 587; baseline -0.002 -24"><span class='ocrx_word' id='word_1_44' title='bbox 186 516 453 573; x_wconf 75' lang='grc' dir='ltr'><strong><em>ἐπονομάζειν</em></strong></span> <span class='ocrx_word' id='word_1_45' title='bbox 486 505 709 562; x_wconf 75' lang='grc' dir='ltr'><strong><em>εἶοὶθασιν.</em></strong></span> <span class='ocrx_word' id='word_1_46' title='bbox 767 526 848 561; x_wconf 85' lang='lat' dir='ltr'><strong>erat</strong></span> <span class='ocrx_word' id='word_1_47' title='bbox 876 527 1000 561; x_wconf 84' lang='lat' dir='ltr'><strong>autem</strong></span> <span class='ocrx_word' id='word_1_48' title='bbox 1030 521 1146 561; x_wconf 88' lang='lat' dir='ltr'><strong>clerus</strong></span> <span class='ocrx_word' id='word_1_49' title='bbox 1176 523 1404 587; x_wconf 82' lang='lat' dir='ltr'><strong>quadruplex</strong></span> <span class='ocrx_word' id='word_1_50' title='bbox 1433 522 1471 560; x_wconf 91' lang='lat' dir='ltr'><strong>in</strong></span> <span class='ocrx_word' id='word_1_51' title='bbox 1499 523 1653 574; x_wconf 84' lang='lat' dir='ltr'><strong>imperio</strong></span> 
     </span>
     <span class='ocr_line' id='line_1_8' title="bbox 188 576 1653 630; baseline 0.001 -13"><span class='ocrx_word' id='word_1_52' title='bbox 188 576 392 626; x_wconf 71' lang='lat' dir='ltr'>Orientali,</span> <span class='ocrx_word' id='word_1_53' title='bbox 420 580 460 630; x_wconf 81' lang='lat' dir='ltr'><strong>ut</strong></span> <span class='ocrx_word' id='word_1_54' title='bbox 484 577 592 617; x_wconf 85' lang='lat' dir='ltr'><strong>docet</strong></span> <span class='ocrx_word' id='word_1_55' title='bbox 619 578 812 617; x_wconf 89' lang='lat' dir='ltr'><strong>Meursius.</strong></span> <span class='ocrx_word' id='word_1_56' title='bbox 869 579 919 618; x_wconf 89' lang='lat' dir='ltr'><strong>de</strong></span> <span class='ocrx_word' id='word_1_57' title='bbox 949 578 1079 618; x_wconf 88' lang='lat' dir='ltr'><strong>clerico</strong></span> <span class='ocrx_word' id='word_1_58' title='bbox 1106 579 1278 630; x_wconf 87' lang='lat' dir='ltr'><strong>principis</strong></span> <span class='ocrx_word' id='word_1_59' title='bbox 1306 579 1477 628; x_wconf 89' lang='lat' dir='ltr'><strong>Synodus</strong></span> <span class='ocrx_word' id='word_1_60' title='bbox 1495 580 1520 620; x_wconf 93' lang='lat'>8</span> <span class='ocrx_word' id='word_1_61' title='bbox 1542 591 1653 618; x_wconf 82' lang='lat' dir='ltr'><strong>oecu-</strong></span> 
     </span>
     <span class='ocr_line' id='line_1_9' title="bbox 186 631 1653 687; baseline 0.001 -13"><span class='ocrx_word' id='word_1_62' title='bbox 186 646 287 674; x_wconf 76' lang='lat' dir='ltr'><strong>nen.</strong></span> <span class='ocrx_word' id='word_1_63' title='bbox 311 637 386 675; x_wconf 74' lang='lat' dir='ltr'><strong>aet.</strong></span> <span class='ocrx_word' id='word_1_64' title='bbox 407 635 456 676; x_wconf 80' lang='lat'><strong>7:</strong></span> <span class='ocrx_word' id='word_1_65' title='bbox 485 633 529 674; x_wconf 81' lang='grc' dir='ltr'><strong>οἱ</strong></span> <span class='ocrx_word' id='word_1_66' title='bbox 552 633 816 686; x_wconf 75' lang='grc' dir='ltr'><strong><em>τοποτηρηταὶ</em></strong></span> <span class='ocrx_word' id='word_1_67' title='bbox 847 631 961 676; x_wconf 82' lang='grc' dir='ltr'><strong><em>εἷπον</em></strong></span> <span class='ocrx_word' id='word_1_68' title='bbox 984 631 1052 675; x_wconf 81' lang='grc' dir='ltr'><strong><em>δια</em></strong></span> <span class='ocrx_word' id='word_1_69' title='bbox 1073 637 1147 675; x_wconf 86' lang='grc' dir='ltr'><strong>τοῦ</strong></span> <span class='ocrx_word' id='word_1_70' title='bbox 1165 634 1475 685; x_wconf 75' lang='grc' dir='ltr'><strong><em>ἐξελληνίζοντος</em></strong></span> <span class='ocrx_word' id='word_1_71' title='bbox 1496 639 1653 687; x_wconf 82' lang='grc' dir='ltr'><strong><em>Δαμια-</em></strong></span> 
     </span>
     <span class='ocr_line' id='line_1_10' title="bbox 186 690 1652 744; baseline 0.001 -13"><span class='ocrx_word' id='word_1_72' title='bbox 186 692 266 732; x_wconf 80' lang='grc' dir='ltr'><strong><em>νοῦ</em></strong></span> <span class='ocrx_word' id='word_1_73' title='bbox 295 690 505 744; x_wconf 72' lang='grc' dir='ltr'><strong><em>βασιλικοῦ</em></strong></span> <span class='ocrx_word' id='word_1_74' title='bbox 530 693 735 743; x_wconf 83' lang='grc' dir='ltr'><strong><em>κληρικοῦ.</em></strong></span> <span class='ocrx_word' id='word_1_75' title='bbox 794 692 843 730; x_wconf 85' lang='lat' dir='ltr'><strong>de</strong></span> <span class='ocrx_word' id='word_1_76' title='bbox 862 692 960 731; x_wconf 88' lang='lat' dir='ltr'><strong>clero</strong></span> <span class='ocrx_word' id='word_1_77' title='bbox 976 692 1100 731; x_wconf 87' lang='lat' dir='ltr'><strong>etiam</strong></span> <span class='ocrx_word' id='word_1_78' title='bbox 1106 692 1232 743; x_wconf 86' lang='lat' dir='ltr'><strong>palatii</strong></span> <span class='ocrx_word' id='word_1_79' title='bbox 1247 691 1467 730; x_wconf 84' lang='lat' dir='ltr'><strong>Hincmarus</strong></span> <span class='ocrx_word' id='word_1_80' title='bbox 1489 693 1602 744; x_wconf 86' lang='lat' dir='ltr'><strong>epist.</strong></span> <span class='ocrx_word' id='word_1_81' title='bbox 1622 692 1652 732; x_wconf 85' lang='lat'><strong>3</strong></span> 
     </span>
     <span class='ocr_line' id='line_1_11' title="bbox 185 746 1652 800; baseline -0.002 -12"><span class='ocrx_word' id='word_1_82' title='bbox 185 760 223 788; x_wconf 80' lang='lat' dir='ltr'><strong>c·</strong></span> <span class='ocrx_word' id='word_1_83' title='bbox 238 747 309 790; x_wconf 77' lang='lat'><strong>26.</strong></span> <span class='ocrx_word' id='word_1_84' title='bbox 362 746 449 786; x_wconf 85' lang='lat' dir='ltr'><strong>hinc</strong></span> <span class='ocrx_word' id='word_1_85' title='bbox 468 747 762 800; x_wconf 82' lang='lat' dir='ltr'><strong>archiepiscopus</strong></span> <span class='ocrx_word' id='word_1_86' title='bbox 783 748 875 787; x_wconf 83' lang='lat' dir='ltr'><strong>sacri</strong></span> <span class='ocrx_word' id='word_1_87' title='bbox 893 749 1043 800; x_wconf 88' lang='lat' dir='ltr'><strong>palatii,</strong></span> <span class='ocrx_word' id='word_1_88' title='bbox 1071 749 1225 800; x_wconf 84' lang='lat' dir='ltr'><strong>praefat.</strong></span> <span class='ocrx_word' id='word_1_89' title='bbox 1248 749 1386 786; x_wconf 87' lang='lat' dir='ltr'><strong>concilii</strong></span> <span class='ocrx_word' id='word_1_90' title='bbox 1407 749 1652 799; x_wconf 80' lang='lat' dir='ltr'><strong>Moguntiaci,</strong></span> 
     </span>
     <span class='ocr_line' id='line_1_12' title="bbox 185 802 1652 856; baseline 0 -12"><span class='ocrx_word' id='word_1_91' title='bbox 185 802 494 855; x_wconf 79' lang='lat' dir='ltr'><strong>archicapellanus</strong></span> <span class='ocrx_word' id='word_1_92' title='bbox 522 806 617 843; x_wconf 87' lang='lat' dir='ltr'><strong>sacri</strong></span> <span class='ocrx_word' id='word_1_93' title='bbox 642 805 790 856; x_wconf 86' lang='lat' dir='ltr'><strong>palatii,</strong></span> <span class='ocrx_word' id='word_1_94' title='bbox 818 803 1022 844; x_wconf 87' lang='lat' dir='ltr'><strong>Ademarus</strong></span> <span class='ocrx_word' id='word_1_95' title='bbox 1050 805 1089 843; x_wconf 90' lang='lat' dir='ltr'><strong>in</strong></span> <span class='ocrx_word' id='word_1_96' title='bbox 1113 805 1187 844; x_wconf 85' lang='lat' dir='ltr'><strong>vita</strong></span> <span class='ocrx_word' id='word_1_97' title='bbox 1211 804 1389 843; x_wconf 90' lang='lat' dir='ltr'><strong>Ludovici</strong></span> <span class='ocrx_word' id='word_1_98' title='bbox 1416 805 1488 844; x_wconf 87' lang='lat' dir='ltr'><strong>Pii.</strong></span> <span class='ocrx_word' id='word_1_99' title='bbox 1544 807 1652 844; x_wconf 82' lang='lat' dir='ltr'><strong>deni-</strong></span> 
     </span>
     <span class='ocr_line' id='line_1_13' title="bbox 170 859 1652 913; baseline 0 -13"><span class='ocrx_word' id='word_1_100' title='bbox 170 873 261 912; x_wconf 70' lang='lat' dir='ltr'><strong>vque</strong></span> <span class='ocrx_word' id='word_1_101' title='bbox 279 859 534 898; x_wconf 75' lang='lat' dir='ltr'><em>clericatus</em></span> <span class='ocrx_word' id='word_1_102' title='bbox 524 874 564 900; x_wconf 86' lang='lat' dir='ltr'><strong>m</strong></span> <span class='ocrx_word' id='word_1_103' title='bbox 591 861 672 900; x_wconf 85' lang='lat' dir='ltr'><strong>cod.</strong></span> <span class='ocrx_word' id='word_1_104' title='bbox 695 873 875 900; x_wconf 86' lang='lat' dir='ltr'><strong>canonum</strong></span> <span class='ocrx_word' id='word_1_105' title='bbox 900 861 1074 901; x_wconf 85' lang='lat' dir='ltr'><strong>ecclesiae</strong></span> <span class='ocrx_word' id='word_1_106' title='bbox 1093 860 1285 900; x_wconf 78' lang='lat' dir='ltr'>Africanae</span> <span class='ocrx_word' id='word_1_107' title='bbox 1301 874 1339 913; x_wconf 88' lang='lat' dir='ltr'><strong>p.</strong></span> <span class='ocrx_word' id='word_1_108' title='bbox 1359 863 1456 903; x_wconf 77' lang='lat'><strong>283</strong></span> <span class='ocrx_word' id='word_1_109' title='bbox 1512 862 1652 901; x_wconf 82' lang='lat' dir='ltr'>clericis</span> 
     </span>
     <span class='ocr_line' id='line_1_14' title="bbox 185 917 1651 987; baseline 0.001 -32"><span class='ocrx_word' id='word_1_110' title='bbox 185 921 429 987; x_wconf 83' lang='lat' dir='ltr'><strong>opponuntur</strong></span> <span class='ocrx_word' id='word_1_111' title='bbox 451 917 543 956; x_wconf 90' lang='lat' dir='ltr'><strong>laici.</strong></span> <span class='ocrx_word' id='word_1_112' title='bbox 601 917 772 957; x_wconf 78' lang='lat' dir='ltr'>Clemens</span> <span class='ocrx_word' id='word_1_113' title='bbox 798 917 988 957; x_wconf 88' lang='lat' dir='ltr'><strong>Romanus</strong></span> <span class='ocrx_word' id='word_1_114' title='bbox 1016 917 1172 970; x_wconf 81' lang='lat' dir='ltr'><strong>epistola</strong></span> <span class='ocrx_word' id='word_1_115' title='bbox 1196 918 1318 970; x_wconf 86' lang='lat' dir='ltr'><strong>priore</strong></span> <span class='ocrx_word' id='word_1_116' title='bbox 1344 919 1394 956; x_wconf 88' lang='lat' dir='ltr'><strong>ad</strong></span> <span class='ocrx_word' id='word_1_117' title='bbox 1417 918 1651 957; x_wconf 78' lang='lat' dir='ltr'><strong>Corinthios.</strong></span> 
     </span>
     <span class='ocr_line' id='line_1_15' title="bbox 185 969 1652 1043; baseline 0 -28"><span class='ocrx_word' id='word_1_118' title='bbox 185 971 212 1015; x_wconf 85' lang='grc' dir='ltr'><strong><em>ό</em></strong></span> <span class='ocrx_word' id='word_1_119' title='bbox 235 970 374 1021; x_wconf 73' lang='grc' dir='ltr'><strong><em>λαΐκος</em></strong></span> <span class='ocrx_word' id='word_1_120' title='bbox 399 969 621 1027; x_wconf 84' lang='grc' dir='ltr'><strong><em>ανθρωπος</em></strong></span> <span class='ocrx_word' id='word_1_121' title='bbox 646 977 730 1021; x_wconf 88' lang='grc' dir='ltr'><strong><em>τοῖς</em></strong></span> <span class='ocrx_word' id='word_1_122' title='bbox 757 976 910 1022; x_wconf 87' lang='grc' dir='ltr'><strong><em>λαϊκοῖς</em></strong></span> <span class='ocrx_word' id='word_1_123' title='bbox 928 971 1202 1043; x_wconf 86' lang='grc' dir='ltr'><strong><em>προσταγμασι</em></strong></span> <span class='ocrx_word' id='word_1_124' title='bbox 1224 973 1391 1016; x_wconf 80' lang='grc' dir='ltr'><strong><em>δέδοται.</em></strong></span> <span class='ocrx_word' id='word_1_125' title='bbox 1449 974 1652 1028; x_wconf 83' lang='lat' dir='ltr'><strong>Theopha-</strong></span> 
     </span>
     <span class='ocr_line' id='line_1_16' title="bbox 183 1027 1450 1084; baseline 0.001 -14"><span class='ocrx_word' id='word_1_126' title='bbox 183 1042 272 1070; x_wconf 69' lang='lat' dir='ltr'><strong>nes:</strong></span> <span class='ocrx_word' id='word_1_127' title='bbox 300 1029 443 1070; x_wconf 77' lang='grc' dir='ltr'><strong><em>πολλοί</em></strong></span> <span class='ocrx_word' id='word_1_128' title='bbox 458 1044 500 1070; x_wconf 86' lang='grc' dir='ltr'><strong>τε</strong></span> <span class='ocrx_word' id='word_1_129' title='bbox 517 1029 698 1084; x_wconf 80' lang='grc' dir='ltr'><strong>κληρικοὶ</strong></span> <span class='ocrx_word' id='word_1_130' title='bbox 716 1029 784 1070; x_wconf 79' lang='grc' dir='ltr'><strong><em>καὶ</em></strong></span> <span class='ocrx_word' id='word_1_131' title='bbox 803 1030 998 1082; x_wconf 87' lang='grc' dir='ltr'><strong><em>μονασταὶ</em></strong></span> <span class='ocrx_word' id='word_1_132' title='bbox 1017 1030 1084 1071; x_wconf 82' lang='grc' dir='ltr'><strong><em>καὶ</em></strong></span> <span class='ocrx_word' id='word_1_133' title='bbox 1105 1027 1286 1083; x_wconf 68' lang='grc' dir='ltr'><strong><em>εὐλαβεῖς</em></strong></span> <span class='ocrx_word' id='word_1_134' title='bbox 1304 1030 1450 1072; x_wconf 77' lang='grc' dir='ltr'><strong><em>λαϊκοί.</em></strong></span> 
     </span>
     <span class='ocr_line' id='line_1_17' title="bbox 296 1085 1649 1155; baseline 0.001 -28"><span class='ocrx_word' id='word_1_135' title='bbox 296 1085 591 1155; x_wconf 75' lang='grc' dir='ltr'><strong><em>κοιαίστωρ</em></strong></span> <span class='ocrx_word' id='word_1_136' title='bbox 629 1091 816 1152; x_wconf 76' lang='lat' dir='ltr'><strong>quaestor.</strong></span> <span class='ocrx_word' id='word_1_137' title='bbox 885 1088 1151 1127; x_wconf 77' lang='lat' dir='ltr'><strong>Constantinus</strong></span> <span class='ocrx_word' id='word_1_138' title='bbox 1186 1089 1399 1127; x_wconf 83' lang='lat' dir='ltr'><strong>Manasses:</strong></span> <span class='ocrx_word' id='word_1_139' title='bbox 1435 1087 1649 1142; x_wconf 79' lang='grc' dir='ltr'><strong><em>κοιαίστωρ</em></strong></span> 
     </span>
     <span class='ocr_line' id='line_1_18' title="bbox 182 1138 1651 1198; baseline 0 -14"><span class='ocrx_word' id='word_1_140' title='bbox 182 1139 261 1195; x_wconf 75' lang='grc' dir='ltr'><strong><em>τὴν</em></strong></span> <span class='ocrx_word' id='word_1_141' title='bbox 285 1138 414 1192; x_wconf 66' lang='grc' dir='ltr'><strong><em>(ἰξίαν.</em></strong></span> <span class='ocrx_word' id='word_1_142' title='bbox 471 1143 628 1183; x_wconf 73' lang='lat' dir='ltr'><strong>Basilius</strong></span> <span class='ocrx_word' id='word_1_143' title='bbox 653 1145 691 1181; x_wconf 89' lang='lat' dir='ltr'><strong>in</strong></span> <span class='ocrx_word' id='word_1_144' title='bbox 722 1144 989 1184; x_wconf 84' lang='lat' dir='ltr'><strong>Grammatica:</strong></span> <span class='ocrx_word' id='word_1_145' title='bbox 1017 1144 1230 1198; x_wconf 84' lang='grc' dir='ltr'><strong><em>κοιαίστωρ</em></strong></span> <span class='ocrx_word' id='word_1_146' title='bbox 1248 1140 1293 1185; x_wconf 82' lang='grc' dir='ltr'><strong>τό</strong></span> <span class='ocrx_word' id='word_1_147' title='bbox 1314 1140 1480 1195; x_wconf 81' lang='grc' dir='ltr'><strong><em>οἷξίωμα.</em></strong></span> <span class='ocrx_word' id='word_1_148' title='bbox 1536 1145 1651 1184; x_wconf 81' lang='lat' dir='ltr'><strong>Nice-</strong></span> 
     </span>
     <span class='ocr_line' id='line_1_19' title="bbox 181 1196 1649 1254; baseline 0.003 -16"><span class='ocrx_word' id='word_1_149' title='bbox 181 1200 323 1253; x_wconf 79' lang='lat' dir='ltr'><strong>phorus</strong></span> <span class='ocrx_word' id='word_1_150' title='bbox 341 1199 480 1252; x_wconf 82' lang='lat' dir='ltr'><strong>epolit.</strong></span> <span class='ocrx_word' id='word_1_151' title='bbox 499 1201 538 1240; x_wconf 89' lang='lat' dir='ltr'><strong>in</strong></span> <span class='ocrx_word' id='word_1_152' title='bbox 554 1200 727 1239; x_wconf 83' lang='lat' dir='ltr'><strong>historiae</strong></span> <span class='ocrx_word' id='word_1_153' title='bbox 745 1201 942 1239; x_wconf 85' lang='lat' dir='ltr'><strong>breviario:</strong></span> <span class='ocrx_word' id='word_1_154' title='bbox 971 1203 1143 1254; x_wconf 81' lang='grc' dir='ltr'><strong><em>Κοσμοῖν</em></strong></span> <span class='ocrx_word' id='word_1_155' title='bbox 1161 1199 1237 1254; x_wconf 68' lang='grc' dir='ltr'><strong><em>τήν</em></strong></span> <span class='ocrx_word' id='word_1_156' title='bbox 1256 1196 1407 1250; x_wconf 81' lang='grc' dir='ltr'><strong><em>οἷξίαν</em></strong></span> <span class='ocrx_word' id='word_1_157' title='bbox 1388 1217 1442 1253; x_wconf 91' lang='grc' dir='ltr'><strong>ην</strong></span> <span class='ocrx_word' id='word_1_158' title='bbox 1463 1197 1514 1253; x_wconf 72' lang='grc' dir='ltr'><strong>δή</strong></span> <span class='ocrx_word' id='word_1_159' title='bbox 1535 1202 1649 1242; x_wconf 84' lang='grc' dir='ltr'><strong><em>κναί-</em></strong></span> 
     </span>
     <span class='ocr_line' id='line_1_20' title="bbox 184 1256 1651 1310; baseline 0.001 -12"><span class='ocrx_word' id='word_1_160' title='bbox 184 1267 315 1308; x_wconf 77' lang='grc' dir='ltr'><strong><em>στωρα</em></strong></span> <span class='ocrx_word' id='word_1_161' title='bbox 338 1258 518 1298; x_wconf 82' lang='grc' dir='ltr'><strong><em>καλοῦσι.</em></strong></span> <span class='ocrx_word' id='word_1_162' title='bbox 581 1257 785 1306; x_wconf 83' lang='lat' dir='ltr'><strong>Gregorius</strong></span> <span class='ocrx_word' id='word_1_163' title='bbox 810 1257 1068 1297; x_wconf 85' lang='lat' dir='ltr'><strong>Nazianzenus</strong></span> <span class='ocrx_word' id='word_1_164' title='bbox 1095 1262 1190 1296; x_wconf 81' lang='lat' dir='ltr'><strong>orat.</strong></span> <span class='ocrx_word' id='word_1_165' title='bbox 1212 1261 1283 1299; x_wconf 89' lang='lat'><strong>10:</strong></span> <span class='ocrx_word' id='word_1_166' title='bbox 1313 1256 1481 1310; x_wconf 84' lang='grc' dir='ltr'><strong><em>διέτριβε</em></strong></span> <span class='ocrx_word' id='word_1_167' title='bbox 1506 1256 1579 1310; x_wconf 80' lang='grc' dir='ltr'><strong>μὲν</strong></span> <span class='ocrx_word' id='word_1_168' title='bbox 1603 1258 1651 1300; x_wconf 76' lang='grc' dir='ltr'><strong><em>ἐν</em></strong></span> 
     </span>
     <span class='ocr_line' id='line_1_21' title="bbox 263 1307 1654 1385; baseline 0.001 -31"><span class='ocrx_word' id='word_1_169' title='bbox 263 1316 481 1363; x_wconf 78' lang='grc' dir='ltr'><strong><em>Βιθυνων,</em></strong></span> <span class='ocrx_word' id='word_1_170' title='bbox 515 1309 590 1365; x_wconf 71' lang='grc' dir='ltr'><strong><em>τήν</em></strong></span> <span class='ocrx_word' id='word_1_171' title='bbox 618 1307 666 1354; x_wconf 77' lang='grc' dir='ltr'><strong>οὗ</strong></span> <span class='ocrx_word' id='word_1_172' title='bbox 694 1311 917 1365; x_wconf 74' lang='grc' dir='ltr'><strong><em>πολλοστήν</em></strong></span> <span class='ocrx_word' id='word_1_173' title='bbox 938 1310 1016 1356; x_wconf 83' lang='grc' dir='ltr'><strong><em>απὸ</em></strong></span> <span class='ocrx_word' id='word_1_174' title='bbox 1039 1313 1234 1367; x_wconf 80' lang='grc' dir='ltr'><strong><em>βασιλέως</em></strong></span> <span class='ocrx_word' id='word_1_175' title='bbox 1253 1312 1401 1355; x_wconf 80' lang='grc' dir='ltr'><em>διέπων</em></span> <span class='ocrx_word' id='word_1_176' title='bbox 1422 1311 1562 1385; x_wconf 69' lang='grc' dir='ltr'><strong><em>ἀρχήν.</em></strong></span> <span class='ocrx_word' id='word_1_177' title='bbox 1620 1314 1654 1368; x_wconf 77' lang='grc' dir='ltr'><em>ἤ</em></span> 
     </span>
     <span class='ocr_line' id='line_1_22' title="bbox 168 1315 1651 1440; baseline 0.001 -29"><span class='ocrx_word' id='word_1_178' title='bbox 168 1315 292 1411; x_wconf 55' lang='grc' dir='ltr'><strong>’ἑξ</strong></span> <span class='ocrx_word' id='word_1_179' title='bbox 260 1364 317 1422; x_wconf 82' lang='grc' dir='ltr'><strong><em>ἦν</em></strong></span> <span class='ocrx_word' id='word_1_180' title='bbox 343 1384 547 1423; x_wconf 81' lang='grc' dir='ltr'><strong><em>ταμιενειν</em></strong></span> <span class='ocrx_word' id='word_1_181' title='bbox 571 1370 728 1422; x_wconf 80' lang='grc' dir='ltr'><strong><em>βασιλεῖ</em></strong></span> <span class='ocrx_word' id='word_1_182' title='bbox 751 1385 800 1411; x_wconf 88' lang='grc' dir='ltr'><strong><em>τα</em></strong></span> <span class='ocrx_word' id='word_1_183' title='bbox 813 1368 1006 1439; x_wconf 82' lang='grc' dir='ltr'><strong><em>χρήματα</em></strong></span> <span class='ocrx_word' id='word_1_184' title='bbox 1024 1369 1093 1411; x_wconf 84' lang='grc' dir='ltr'><strong><em>καὶ</em></strong></span> <span class='ocrx_word' id='word_1_185' title='bbox 1112 1373 1193 1411; x_wconf 78' lang='grc' dir='ltr'><strong><em>τῶν</em></strong></span> <span class='ocrx_word' id='word_1_186' title='bbox 1212 1371 1468 1440; x_wconf 82' lang='grc' dir='ltr'><strong><em>θησαυρων’</em></strong></span> <span class='ocrx_word' id='word_1_187' title='bbox 1455 1371 1556 1423; x_wconf 76' lang='grc' dir='ltr'><strong><em>ἐχειν</em></strong></span> <span class='ocrx_word' id='word_1_188' title='bbox 1576 1369 1651 1424; x_wconf 75' lang='grc' dir='ltr'><strong><em>τήν</em></strong></span> 
     </span>
     <span class='ocr_line' id='line_1_23' title="bbox 182 1422 1653 1483; baseline 0 -14"><span class='ocrx_word' id='word_1_189' title='bbox 182 1425 423 1478; x_wconf 71' lang='grc' dir='ltr'><strong><em>ἐπιμέλειαν.</em></strong></span> <span class='ocrx_word' id='word_1_190' title='bbox 461 1425 652 1468; x_wconf 77' lang='grc' dir='ltr'><strong><em>ἐντεῦθεν</em></strong></span> <span class='ocrx_word' id='word_1_191' title='bbox 671 1442 748 1480; x_wconf 85' lang='grc' dir='ltr'><strong><em>γαρ</em></strong></span> <span class='ocrx_word' id='word_1_192' title='bbox 771 1422 883 1483; x_wconf 72' lang='grc' dir='ltr'><strong><em>αὐτῷ</em></strong></span> <span class='ocrx_word' id='word_1_193' title='bbox 901 1443 972 1475; x_wconf 88' lang='grc' dir='ltr'><strong>τας</strong></span> <span class='ocrx_word' id='word_1_194' title='bbox 993 1428 1148 1480; x_wconf 80' lang='grc' dir='ltr'><strong><em>μείζους</em></strong></span> <span class='ocrx_word' id='word_1_195' title='bbox 1166 1423 1291 1481; x_wconf 77' lang='grc' dir='ltr'><strong><em>ἆρχοῖς</em></strong></span> <span class='ocrx_word' id='word_1_196' title='bbox 1310 1425 1495 1480; x_wconf 85' lang='grc' dir='ltr'><strong><em>βασιλευς</em></strong></span> <span class='ocrx_word' id='word_1_197' title='bbox 1514 1444 1653 1479; x_wconf 83' lang='grc' dir='ltr'><strong><em>προοι-</em></strong></span> 
     </span>
     <span class='ocr_line' id='line_1_24' title="bbox 183 1479 1648 1538; baseline 0.001 -14"><span class='ocrx_word' id='word_1_198' title='bbox 183 1479 377 1536; x_wconf 70' lang='grc' dir='ltr'><strong><em>μιάζεται.</em></strong></span> <span class='ocrx_word' id='word_1_199' title='bbox 432 1483 487 1523; x_wconf 78' lang='lat' dir='ltr'><strong>sic</strong></span> <span class='ocrx_word' id='word_1_200' title='bbox 509 1485 611 1537; x_wconf 88' lang='lat' dir='ltr'><strong>apud</strong></span> <span class='ocrx_word' id='word_1_201' title='bbox 636 1483 827 1523; x_wconf 81' lang='lat' dir='ltr'><strong>Romanos</strong></span> <span class='ocrx_word' id='word_1_202' title='bbox 855 1488 1054 1537; x_wconf 81' lang='lat' dir='ltr'><strong>quaestura</strong></span> <span class='ocrx_word' id='word_1_203' title='bbox 1076 1485 1215 1538; x_wconf 87' lang='lat' dir='ltr'><strong>primus</strong></span> <span class='ocrx_word' id='word_1_204' title='bbox 1245 1485 1295 1524; x_wconf 89' lang='lat' dir='ltr'><strong>ad</strong></span> <span class='ocrx_word' id='word_1_205' title='bbox 1324 1485 1481 1524; x_wconf 85' lang='lat' dir='ltr'><strong>honores</strong></span> <span class='ocrx_word' id='word_1_206' title='bbox 1509 1487 1648 1536; x_wconf 75' lang='lat' dir='ltr'><strong>gradus</strong></span> 
     </span>
     <span class='ocr_line' id='line_1_25' title="bbox 227 1593 1650 1651; baseline 0.001 -13"><span class='ocrx_word' id='word_1_207' title='bbox 227 1594 230 1596; x_wconf 56' lang='grc'><strong>’</strong></span> <span class='ocrx_word' id='word_1_208' title='bbox 295 1612 353 1639; x_wconf 84' lang='grc' dir='ltr'><strong>κο</strong></span> <span class='ocrx_word' id='word_1_209' title='bbox 363 1612 475 1650; x_wconf 81' lang='grc' dir='ltr'><strong>μης</strong></span> <span class='ocrx_word' id='word_1_210' title='bbox 531 1599 607 1639; x_wconf 84' lang='grc' dir='ltr'><strong>τοῦ</strong></span> <span class='ocrx_word' id='word_1_211' title='bbox 630 1598 841 1651; x_wconf 83' lang='grc' dir='ltr'><strong><em>βασιλικοῦ</em></strong></span> <span class='ocrx_word' id='word_1_212' title='bbox 866 1597 1152 1647; x_wconf 78' lang='grc' dir='ltr'><strong><em>ἱπποστασίου,</em></strong></span> <span class='ocrx_word' id='word_1_213' title='bbox 1180 1598 1254 1640; x_wconf 83' lang='grc' dir='ltr'><strong>τοῦ</strong></span> <span class='ocrx_word' id='word_1_214' title='bbox 1278 1593 1473 1648; x_wconf 85' lang='grc' dir='ltr'><strong><em>σταυλου,</em></strong></span> <span class='ocrx_word' id='word_1_215' title='bbox 1504 1593 1650 1640; x_wconf 70' lang='lat' dir='ltr'><strong>vivaro-</strong></span> 
     </span>
     <span class='ocr_line' id='line_1_26' title="bbox 181 1652 1651 1709; baseline 0 -13"><span class='ocrx_word' id='word_1_216' title='bbox 181 1655 278 1706; x_wconf 72' lang='grc' dir='ltr'><strong><em>λῆς,</em></strong></span> <span class='ocrx_word' id='word_1_217' title='bbox 307 1653 567 1708; x_wconf 74' lang='grc' dir='ltr'><strong><em>ἕξκουβίτων,</em></strong></span> <span class='ocrx_word' id='word_1_218' title='bbox 599 1652 869 1706; x_wconf 78' lang='grc' dir='ltr'><strong><em>φοιδεράτων,</em></strong></span> <span class='ocrx_word' id='word_1_219' title='bbox 897 1652 1054 1709; x_wconf 83' lang='grc' dir='ltr'><strong>κόρτης.</strong></span> <span class='ocrx_word' id='word_1_220' title='bbox 1109 1658 1183 1696; x_wconf 91' lang='grc' dir='ltr'><strong>τοῦ</strong></span> <span class='ocrx_word' id='word_1_221' title='bbox 1215 1657 1424 1708; x_wconf 85' lang='grc' dir='ltr'><strong><em>βασιλικου</em></strong></span> <span class='ocrx_word' id='word_1_222' title='bbox 1455 1656 1651 1696; x_wconf 80' lang='grc' dir='ltr'><strong><em>[πποστα-</em></strong></span> 
     </span>
     <span class='ocr_line' id='line_1_27' title="bbox 183 1711 1651 1767; baseline 0.001 -15"><span class='ocrx_word' id='word_1_223' title='bbox 183 1712 275 1752; x_wconf 79' lang='grc' dir='ltr'><strong><em>σίου</em></strong></span> <span class='ocrx_word' id='word_1_224' title='bbox 303 1725 429 1750; x_wconf 74' lang='lat' dir='ltr'><strong>comes</strong></span> <span class='ocrx_word' id='word_1_225' title='bbox 455 1712 564 1749; x_wconf 75' lang='lat' dir='ltr'><strong>saon·</strong></span> <span class='ocrx_word' id='word_1_226' title='bbox 586 1712 754 1758; x_wconf 71' lang='lat' dir='ltr'><strong>stabuli,</strong></span> <span class='ocrx_word' id='word_1_227' title='bbox 785 1717 858 1754; x_wconf 89' lang='lat' dir='ltr'><strong>vet.</strong></span> <span class='ocrx_word' id='word_1_228' title='bbox 886 1714 1056 1766; x_wconf 88' lang='lat' dir='ltr'><strong>Inscript.</strong></span> <span class='ocrx_word' id='word_1_229' title='bbox 1084 1713 1191 1752; x_wconf 87' lang='lat' dir='ltr'><strong>Grut.</strong></span> <span class='ocrx_word' id='word_1_230' title='bbox 1215 1726 1253 1764; x_wconf 88' lang='lat' dir='ltr'><strong>p.</strong></span> <span class='ocrx_word' id='word_1_231' title='bbox 1273 1711 1358 1755; x_wconf 85' lang='lat'><strong>412</strong></span> <span class='ocrx_word' id='word_1_232' title='bbox 1386 1711 1425 1753; x_wconf 82' lang='grc'><strong>4.</strong></span> <span class='ocrx_word' id='word_1_233' title='bbox 1485 1727 1651 1767; x_wconf 87' lang='grc' dir='ltr'><strong><em>φροντι-</em></strong></span> 
     </span>
     <span class='ocr_line' id='line_1_28' title="bbox 183 1763 1651 1834; baseline 0 -26"><span class='ocrx_word' id='word_1_234' title='bbox 183 1763 282 1819; x_wconf 87' lang='grc' dir='ltr'><strong><em>στης</em></strong></span> <span class='ocrx_word' id='word_1_235' title='bbox 305 1770 388 1808; x_wconf 73' lang='grc' dir='ltr'><strong><em>τοῖν</em></strong></span> <span class='ocrx_word' id='word_1_236' title='bbox 415 1768 552 1808; x_wconf 81' lang='grc' dir='ltr'><strong><em>ιππων</em></strong></span> <span class='ocrx_word' id='word_1_237' title='bbox 583 1769 747 1808; x_wconf 79' lang='lat' dir='ltr'><strong>Manass.</strong></span> <span class='ocrx_word' id='word_1_238' title='bbox 778 1770 955 1820; x_wconf 84' lang='lat' dir='ltr'><strong>regalium</strong></span> <span class='ocrx_word' id='word_1_239' title='bbox 984 1783 1161 1821; x_wconf 88' lang='lat' dir='ltr'><strong>equorum</strong></span> <span class='ocrx_word' id='word_1_240' title='bbox 1190 1769 1419 1834; x_wconf 79' lang='lat' dir='ltr'><strong>praepositus</strong></span> <span class='ocrx_word' id='word_1_241' title='bbox 1455 1770 1518 1819; x_wconf 90' lang='lat' dir='ltr'><strong>qui</strong></span> <span class='ocrx_word' id='word_1_242' title='bbox 1559 1770 1651 1808; x_wconf 88' lang='lat' dir='ltr'><strong>alias</strong></span> 
     </span>
     <span class='ocr_line' id='line_1_29' title="bbox 181 1820 1648 1879; baseline 0 -15"><span class='ocrx_word' id='word_1_243' title='bbox 181 1821 312 1876; x_wconf 83' lang='grc' dir='ltr'><strong><em>κόμης</em></strong></span> <span class='ocrx_word' id='word_1_244' title='bbox 338 1826 414 1865; x_wconf 89' lang='grc' dir='ltr'><strong>τοῦ</strong></span> <span class='ocrx_word' id='word_1_245' title='bbox 439 1820 624 1865; x_wconf 79' lang='grc' dir='ltr'><strong><em>σταύλου.</em></strong></span> <span class='ocrx_word' id='word_1_246' title='bbox 679 1822 811 1878; x_wconf 82' lang='grc' dir='ltr'><strong><em>κόμης</em></strong></span> <span class='ocrx_word' id='word_1_247' title='bbox 835 1842 917 1866; x_wconf 88' lang='grc' dir='ltr'><strong><em>των</em></strong></span> <span class='ocrx_word' id='word_1_248' title='bbox 948 1827 1167 1879; x_wconf 83' lang='grc' dir='ltr'><strong><em>βασιλικων</em></strong></span> <span class='ocrx_word' id='word_1_249' title='bbox 1195 1821 1376 1866; x_wconf 74' lang='grc' dir='ltr'><strong><em>σταύλων</em></strong></span> <span class='ocrx_word' id='word_1_250' title='bbox 1405 1825 1648 1878; x_wconf 84' lang='lat' dir='ltr'><strong>Theophani:</strong></span> 
     </span>
     <span class='ocr_line' id='line_1_30' title="bbox 182 1879 1646 1934; baseline 0.001 -13"><span class='ocrx_word' id='word_1_251' title='bbox 182 1885 242 1921; x_wconf 73' lang='lat' dir='ltr'><strong>est</strong></span> <span class='ocrx_word' id='word_1_252' title='bbox 267 1881 365 1920; x_wconf 89' lang='lat' dir='ltr'><strong>enim</strong></span> <span class='ocrx_word' id='word_1_253' title='bbox 392 1883 563 1929; x_wconf 86' lang='grc' dir='ltr'><strong><em>σταῦλος</em></strong></span> <span class='ocrx_word' id='word_1_254' title='bbox 590 1895 655 1921; x_wconf 72' lang='lat' dir='ltr'><strong>teu</strong></span> <span class='ocrx_word' id='word_1_255' title='bbox 683 1884 853 1922; x_wconf 86' lang='grc' dir='ltr'><strong><em>σταῦλον</em></strong></span> <span class='ocrx_word' id='word_1_256' title='bbox 874 1883 1067 1922; x_wconf 85' lang='lat' dir='ltr'><strong>stabulum.</strong></span> <span class='ocrx_word' id='word_1_257' title='bbox 1124 1883 1336 1920; x_wconf 85' lang='lat' dir='ltr'><strong>Eustatbius</strong></span> <span class='ocrx_word' id='word_1_258' title='bbox 1360 1882 1409 1920; x_wconf 86' lang='lat' dir='ltr'><strong>ad</strong></span> <span class='ocrx_word' id='word_1_259' title='bbox 1428 1883 1565 1934; x_wconf 87' lang='lat' dir='ltr'><strong>Odyss.</strong></span> <span class='ocrx_word' id='word_1_260' title='bbox 1585 1879 1646 1922; x_wconf 78' lang='lat' dir='ltr'><strong>oe&#39;:</strong></span> 
     </span>
     <span class='ocr_line' id='line_1_31' title="bbox 181 1932 1646 2006; baseline 0.001 -28"><span class='ocrx_word' id='word_1_261' title='bbox 181 1934 293 2006; x_wconf 79' lang='grc' dir='ltr'><strong><em>παρα</em></strong></span> <span class='ocrx_word' id='word_1_262' title='bbox 319 1935 454 1990; x_wconf 86' lang='grc' dir='ltr'><strong><em>μέντοι</em></strong></span> <span class='ocrx_word' id='word_1_263' title='bbox 478 1932 672 1986; x_wconf 73' lang='grc' dir='ltr'><strong><em>Ἀττικοῖς</em></strong></span> <span class='ocrx_word' id='word_1_264' title='bbox 697 1934 742 1978; x_wconf 80' lang='grc' dir='ltr'><strong>τὸ</strong></span> <span class='ocrx_word' id='word_1_265' title='bbox 768 1936 934 1990; x_wconf 82' lang='grc' dir='ltr'><strong><em>κλήσιον</em></strong></span> <span class='ocrx_word' id='word_1_266' title='bbox 961 1938 1127 1990; x_wconf 80' lang='grc' dir='ltr'><strong><em>αμαξῶν</em></strong></span> <span class='ocrx_word' id='word_1_267' title='bbox 1154 1937 1223 1978; x_wconf 87' lang='grc' dir='ltr'><strong><em>καὶ</em></strong></span> <span class='ocrx_word' id='word_1_268' title='bbox 1250 1939 1398 1990; x_wconf 72' lang='grc' dir='ltr'><strong><em>ζευγῶν</em></strong></span> <span class='ocrx_word' id='word_1_269' title='bbox 1418 1936 1499 1978; x_wconf 79' lang='grc' dir='ltr'><strong><em>ἐστὶ</em></strong></span> <span class='ocrx_word' id='word_1_270' title='bbox 1519 1939 1646 1979; x_wconf 82' lang='grc' dir='ltr'><strong><em>δεκτι-</em></strong></span> 
     </span>
     <span class='ocr_line' id='line_1_32' title="bbox 180 1989 1646 2048; baseline 0 -13"><span class='ocrx_word' id='word_1_271' title='bbox 180 1989 276 2044; x_wconf 78' lang='grc' dir='ltr'><strong><em>κόν,</em></strong></span> <span class='ocrx_word' id='word_1_272' title='bbox 312 1991 337 2035; x_wconf 78' lang='grc' dir='ltr'>ὃ</span> <span class='ocrx_word' id='word_1_273' title='bbox 366 1993 516 2048; x_wconf 82' lang='grc' dir='ltr'><strong><em>λέγεται</em></strong></span> <span class='ocrx_word' id='word_1_274' title='bbox 543 1990 641 2043; x_wconf 81' lang='grc' dir='ltr'><strong>τούς</strong></span> <span class='ocrx_word' id='word_1_275' title='bbox 666 1993 880 2044; x_wconf 85' lang='grc' dir='ltr'><strong>Ῥωμαίους</strong></span> <span class='ocrx_word' id='word_1_276' title='bbox 909 1993 1017 2048; x_wconf 78' lang='grc' dir='ltr'><strong><em>παροὲ</em></strong></span> <span class='ocrx_word' id='word_1_277' title='bbox 1046 1992 1122 2047; x_wconf 81' lang='grc' dir='ltr'><strong><em>τὴν</em></strong></span> <span class='ocrx_word' id='word_1_278' title='bbox 1151 2006 1289 2034; x_wconf 88' lang='grc' dir='ltr'><strong><em>στασιν</em></strong></span> <span class='ocrx_word' id='word_1_279' title='bbox 1309 1995 1479 2034; x_wconf 84' lang='grc' dir='ltr'><strong><em>σταῦλον</em></strong></span> <span class='ocrx_word' id='word_1_280' title='bbox 1497 1998 1646 2035; x_wconf 81' lang='grc' dir='ltr'><strong><em>καλεῖν.</em></strong></span> 
     </span>
     <span class='ocr_line' id='line_1_33' title="bbox 181 2046 1644 2123; baseline 0 -31"><span class='ocrx_word' id='word_1_281' title='bbox 181 2050 448 2119; x_wconf 77' lang='lat' dir='ltr'><strong>Theophanes:</strong></span> <span class='ocrx_word' id='word_1_282' title='bbox 486 2050 554 2091; x_wconf 78' lang='grc' dir='ltr'><strong><em>καὶ</em></strong></span> <span class='ocrx_word' id='word_1_283' title='bbox 593 2047 894 2123; x_wconf 77' lang='grc' dir='ltr'><strong><em>ἕπιφθάσαγτες</em></strong></span> <span class='ocrx_word' id='word_1_284' title='bbox 929 2050 972 2093; x_wconf 80' lang='grc' dir='ltr'><strong><em>ἐν</em></strong></span> <span class='ocrx_word' id='word_1_285' title='bbox 1007 2055 1091 2098; x_wconf 90' lang='grc' dir='ltr'><strong><em>τοῖς</em></strong></span> <span class='ocrx_word' id='word_1_286' title='bbox 1130 2046 1290 2098; x_wconf 83' lang='grc' dir='ltr'><strong><em>ταύλοις</em></strong></span> <span class='ocrx_word' id='word_1_287' title='bbox 1325 2050 1406 2099; x_wconf 90' lang='lat' dir='ltr'><strong>(sic</strong></span> <span class='ocrx_word' id='word_1_288' title='bbox 1434 2063 1510 2090; x_wconf 87' lang='lat' dir='ltr'><strong>ms·</strong></span> <span class='ocrx_word' id='word_1_289' title='bbox 1557 2051 1644 2102; x_wconf 89' lang='lat' dir='ltr'><strong>lege</strong></span> 
     </span>
     <span class='ocr_line' id='line_1_34' title="bbox 181 2102 1645 2160; baseline -0.003 -12"><span class='ocrx_word' id='word_1_290' title='bbox 181 2102 393 2158; x_wconf 84' lang='grc' dir='ltr'><strong><em>σταυλοις)</em></strong></span> <span class='ocrx_word' id='word_1_291' title='bbox 421 2109 663 2159; x_wconf 84' lang='grc' dir='ltr'><strong><em>Σταυρικίου</em></strong></span> <span class='ocrx_word' id='word_1_292' title='bbox 682 2123 777 2155; x_wconf 85' lang='grc' dir='ltr'><strong><em>τους</em></strong></span> <span class='ocrx_word' id='word_1_293' title='bbox 796 2108 967 2156; x_wconf 79' lang='grc' dir='ltr'><strong><em>ἵππους,</em></strong></span> <span class='ocrx_word' id='word_1_294' title='bbox 996 2113 1066 2147; x_wconf 84' lang='lat' dir='ltr'><strong>etc.</strong></span> <span class='ocrx_word' id='word_1_295' title='bbox 1105 2107 1142 2145; x_wconf 88' lang='lat' dir='ltr'><strong>le</strong></span> <span class='ocrx_word' id='word_1_296' title='bbox 1155 2107 1297 2158; x_wconf 79' lang='lat' dir='ltr'><strong>grand</strong></span> <span class='ocrx_word' id='word_1_297' title='bbox 1314 2108 1473 2144; x_wconf 72' lang='lat' dir='ltr'><strong>eseaier.</strong></span> <span class='ocrx_word' id='word_1_298' title='bbox 1513 2104 1645 2160; x_wconf 78' lang='grc' dir='ltr'><strong><em>κόμης</em></strong></span> 
     </span>
     <span class='ocr_line' id='line_1_35' title="bbox 181 2159 1646 2217; baseline -0.001 -12"><span class='ocrx_word' id='word_1_299' title='bbox 181 2159 402 2216; x_wconf 78' lang='grc' dir='ltr'><strong><em>ανατολῆς,</em></strong></span> <span class='ocrx_word' id='word_1_300' title='bbox 429 2166 530 2217; x_wconf 82' lang='lat' dir='ltr'><strong>apud</strong></span> <span class='ocrx_word' id='word_1_301' title='bbox 550 2166 781 2216; x_wconf 86' lang='lat' dir='ltr'><strong>Cedrenum,</strong></span> <span class='ocrx_word' id='word_1_302' title='bbox 812 2164 1090 2216; x_wconf 88' lang='lat' dir='ltr'><strong>Theophanem,</strong></span> <span class='ocrx_word' id='word_1_303' title='bbox 1125 2164 1250 2202; x_wconf 88' lang='lat' dir='ltr'><strong>lulium</strong></span> <span class='ocrx_word' id='word_1_304' title='bbox 1272 2163 1480 2202; x_wconf 79' lang='lat' dir='ltr'><strong>Pollucem</strong></span> <span class='ocrx_word' id='word_1_305' title='bbox 1471 2177 1507 2202; x_wconf 78' lang='lat' dir='ltr'><strong>in</strong></span> <span class='ocrx_word' id='word_1_306' title='bbox 1527 2165 1646 2204; x_wconf 88' lang='lat' dir='ltr'><strong>Chro-</strong></span> 
     </span>
     <span class='ocr_line' id='line_1_36' title="bbox 180 2216 1645 2275; baseline 0.001 -15"><span class='ocrx_word' id='word_1_307' title='bbox 180 2221 287 2269; x_wconf 89' lang='lat' dir='ltr'><strong>nico,</strong></span> <span class='ocrx_word' id='word_1_308' title='bbox 315 2220 566 2274; x_wconf 85' lang='lat' dir='ltr'><strong>Nicephorum</strong></span> <span class='ocrx_word' id='word_1_309' title='bbox 596 2223 668 2273; x_wconf 91' lang='lat' dir='ltr'><strong>Cp.</strong></span> <span class='ocrx_word' id='word_1_310' title='bbox 726 2234 847 2260; x_wconf 89' lang='lat' dir='ltr'><strong>comes</strong></span> <span class='ocrx_word' id='word_1_311' title='bbox 873 2222 1057 2269; x_wconf 83' lang='lat' dir='ltr'><strong>Orientis,</strong></span> <span class='ocrx_word' id='word_1_312' title='bbox 1082 2217 1211 2272; x_wconf 83' lang='grc' dir='ltr'><strong><em>κόμης</em></strong></span> <span class='ocrx_word' id='word_1_313' title='bbox 1227 2222 1301 2271; x_wconf 81' lang='grc' dir='ltr'><strong><em>τῆς</em></strong></span> <span class='ocrx_word' id='word_1_314' title='bbox 1320 2216 1442 2275; x_wconf 75' lang='grc' dir='ltr'><strong><em>ἑῴας,</em></strong></span> <span class='ocrx_word' id='word_1_315' title='bbox 1471 2221 1539 2259; x_wconf 90' lang='lat' dir='ltr'><strong>sub</strong></span> <span class='ocrx_word' id='word_1_316' title='bbox 1570 2234 1645 2272; x_wconf 85' lang='lat' dir='ltr'><strong>quo</strong></span> 
     </span>
     <span class='ocr_line' id='line_1_37' title="bbox 180 2261 1645 2344; baseline 0 -27"><span class='ocrx_word' id='word_1_317' title='bbox 180 2282 286 2317; x_wconf 80' lang='lat' dir='ltr'><strong>erant</strong></span> <span class='ocrx_word' id='word_1_318' title='bbox 307 2278 360 2321; x_wconf 87' lang='lat'><strong>15</strong></span> <span class='ocrx_word' id='word_1_319' title='bbox 379 2279 589 2330; x_wconf 84' lang='lat' dir='ltr'><strong>provinciae</strong></span> <span class='ocrx_word' id='word_1_320' title='bbox 607 2278 784 2328; x_wconf 80' lang='lat' dir='ltr'><strong>Orientis,</strong></span> <span class='ocrx_word' id='word_1_321' title='bbox 813 2278 984 2316; x_wconf 83' lang='lat' dir='ltr'><strong>Zosimus</strong></span> <span class='ocrx_word' id='word_1_322' title='bbox 1002 2278 1041 2319; x_wconf 89' lang='lat'><strong>5.</strong></span> <span class='ocrx_word' id='word_1_323' title='bbox 1097 2274 1225 2328; x_wconf 81' lang='grc' dir='ltr'><strong><em>κόμης</em></strong></span> <span class='ocrx_word' id='word_1_324' title='bbox 1243 2279 1323 2317; x_wconf 72' lang='grc' dir='ltr'><strong><em>τοῖν</em></strong></span> <span class='ocrx_word' id='word_1_325' title='bbox 1342 2261 1645 2344; x_wconf 76' lang='grc' dir='ltr'><strong><em>ἐξκονβιτόρων,</em></strong></span> 
     </span>
     <span class='ocr_line' id='line_1_38' title="bbox 180 2330 1646 2387; baseline -0.001 -13"><span class='ocrx_word' id='word_1_326' title='bbox 180 2347 304 2374; x_wconf 69' lang='lat' dir='ltr'><strong>comes</strong></span> <span class='ocrx_word' id='word_1_327' title='bbox 323 2336 602 2384; x_wconf 84' lang='lat' dir='ltr'><strong>excubitorum,</strong></span> <span class='ocrx_word' id='word_1_328' title='bbox 631 2335 688 2374; x_wconf 86' lang='lat' dir='ltr'><strong>vel</strong></span> <span class='ocrx_word' id='word_1_329' title='bbox 706 2330 837 2387; x_wconf 82' lang='grc' dir='ltr'><strong><em>κόμης</em></strong></span> <span class='ocrx_word' id='word_1_330' title='bbox 854 2336 927 2386; x_wconf 82' lang='grc' dir='ltr'><strong><em>τῆς</em></strong></span> <span class='ocrx_word' id='word_1_331' title='bbox 946 2335 1026 2373; x_wconf 77' lang='grc' dir='ltr'><strong><em>τῶν</em></strong></span> <span class='ocrx_word' id='word_1_332' title='bbox 1045 2332 1285 2386; x_wconf 77' lang='grc' dir='ltr'><strong><em>ἒξκουβίτων</em></strong></span> <span class='ocrx_word' id='word_1_333' title='bbox 1304 2336 1458 2386; x_wconf 84' lang='grc' dir='ltr'><strong>σχολῆς.</strong></span> <span class='ocrx_word' id='word_1_334' title='bbox 1514 2330 1646 2386; x_wconf 82' lang='grc' dir='ltr'><strong><em>κόμης</em></strong></span> 
     </span>
     <span class='ocr_line' id='line_1_39' title="bbox 179 2390 1645 2444; baseline -0.001 -13"><span class='ocrx_word' id='word_1_335' title='bbox 179 2393 254 2431; x_wconf 87' lang='grc' dir='ltr'><strong>τοῦ</strong></span> <span class='ocrx_word' id='word_1_336' title='bbox 291 2391 502 2444; x_wconf 80' lang='grc' dir='ltr'><strong><em>βασιλικοῦ</em></strong></span> <span class='ocrx_word' id='word_1_337' title='bbox 539 2391 792 2443; x_wconf 80' lang='grc' dir='ltr'><strong><em>ἐξκουβίτου,</em></strong></span> <span class='ocrx_word' id='word_1_338' title='bbox 840 2403 962 2430; x_wconf 88' lang='lat' dir='ltr'><strong>comes</strong></span> <span class='ocrx_word' id='word_1_339' title='bbox 1002 2391 1196 2442; x_wconf 86' lang='lat' dir='ltr'><strong>imperialis</strong></span> <span class='ocrx_word' id='word_1_340' title='bbox 1234 2391 1399 2429; x_wconf 87' lang='lat' dir='ltr'><strong>excubiti.</strong></span> <span class='ocrx_word' id='word_1_341' title='bbox 1469 2390 1645 2440; x_wconf 89' lang='lat' dir='ltr'><strong>Synodus</strong></span> 
     </span>
     <span class='ocr_line' id='line_1_40' title="bbox 181 2447 1644 2500; baseline 0.001 -13"><span class='ocrx_word' id='word_1_342' title='bbox 181 2447 250 2499; x_wconf 87' lang='lat' dir='ltr'><strong>Cp.</strong></span> <span class='ocrx_word' id='word_1_343' title='bbox 274 2450 300 2489; x_wconf 90' lang='lat'>6</span> <span class='ocrx_word' id='word_1_344' title='bbox 325 2451 396 2489; x_wconf 85' lang='lat' dir='ltr'><strong>act.</strong></span> <span class='ocrx_word' id='word_1_345' title='bbox 418 2450 484 2490; x_wconf 84' lang='grc'><strong>14.</strong></span> <span class='ocrx_word' id='word_1_346' title='bbox 541 2449 840 2500; x_wconf 86' lang='lat' dir='ltr'><strong>Theophylactus</strong></span> <span class='ocrx_word' id='word_1_347' title='bbox 869 2448 1002 2486; x_wconf 88' lang='lat' dir='ltr'><strong>Simoc.</strong></span> <span class='ocrx_word' id='word_1_348' title='bbox 1030 2447 1115 2486; x_wconf 89' lang='lat' dir='ltr'><strong>hist.</strong></span> <span class='ocrx_word' id='word_1_349' title='bbox 1143 2447 1295 2486; x_wconf 84' lang='lat' dir='ltr'><strong>Mauric.</strong></span> <span class='ocrx_word' id='word_1_350' title='bbox 1321 2449 1347 2487; x_wconf 80' lang='lat'><strong>3</strong></span> <span class='ocrx_word' id='word_1_351' title='bbox 1379 2449 1452 2488; x_wconf 87' lang='lat'><strong>11:</strong></span> <span class='ocrx_word' id='word_1_352' title='bbox 1481 2461 1644 2500; x_wconf 82' lang='grc' dir='ltr'><strong><em>ηγεμων</em></strong></span> 
     </span>
     <span class='ocr_line' id='line_1_41' title="bbox 181 2499 1645 2571; baseline 0.001 -27"><span class='ocrx_word' id='word_1_353' title='bbox 181 2501 224 2544; x_wconf 85' lang='grc' dir='ltr'><strong>δ’</strong></span> <span class='ocrx_word' id='word_1_354' title='bbox 261 2499 378 2552; x_wconf 79' lang='grc' dir='ltr'><strong><em>οὗτος</em></strong></span> <span class='ocrx_word' id='word_1_355' title='bbox 413 2501 624 2571; x_wconf 80' lang='grc' dir='ltr'><strong><em>ἐτύγχανεν</em></strong></span> <span class='ocrx_word' id='word_1_356' title='bbox 667 2501 725 2545; x_wconf 66' lang='lat' dir='ltr'><strong>aiv</strong></span> <span class='ocrx_word' id='word_1_357' title='bbox 762 2506 844 2544; x_wconf 76' lang='grc' dir='ltr'><strong><em>τοῖν</em></strong></span> <span class='ocrx_word' id='word_1_358' title='bbox 873 2506 947 2544; x_wconf 86' lang='grc' dir='ltr'><strong>τοῦ</strong></span> <span class='ocrx_word' id='word_1_359' title='bbox 973 2502 1164 2556; x_wconf 82' lang='grc' dir='ltr'><strong><em>βασιλέως</em></strong></span> <span class='ocrx_word' id='word_1_360' title='bbox 1190 2500 1546 2555; x_wconf 84' lang='grc' dir='ltr'><strong><em>σωματοφυλακων</em></strong></span> <span class='ocrx_word' id='word_1_361' title='bbox 1575 2502 1645 2545; x_wconf 75' lang='grc' dir='ltr'><strong><em>καὶ</em></strong></span> 
     </span>
     <span class='ocr_line' id='line_1_42' title="bbox 178 2556 1646 2626; baseline 0.001 -26"><span class='ocrx_word' id='word_1_362' title='bbox 178 2558 462 2610; x_wconf 64' lang='grc' dir='ltr'><strong><em>ὑπασπιστῶν,</em></strong></span> <span class='ocrx_word' id='word_1_363' title='bbox 489 2559 538 2602; x_wconf 79' lang='grc' dir='ltr'><strong><em>ὃν</em></strong></span> <span class='ocrx_word' id='word_1_364' title='bbox 556 2557 713 2613; x_wconf 88' lang='grc' dir='ltr'><strong>κόμητα</strong></span> <span class='ocrx_word' id='word_1_365' title='bbox 731 2556 1021 2613; x_wconf 76' lang='grc' dir='ltr'><strong><em>ἒξκουβιτόρων</em></strong></span> <span class='ocrx_word' id='word_1_366' title='bbox 1039 2562 1090 2616; x_wconf 82' lang='grc' dir='ltr'><strong>τῇ</strong></span> <span class='ocrx_word' id='word_1_367' title='bbox 1109 2556 1282 2626; x_wconf 83' lang='grc' dir='ltr'><strong><em>συνηθει</em></strong></span> <span class='ocrx_word' id='word_1_368' title='bbox 1303 2561 1423 2613; x_wconf 83' lang='grc' dir='ltr'><strong><em>φωνῇ</em></strong></span> <span class='ocrx_word' id='word_1_369' title='bbox 1443 2559 1539 2608; x_wconf 76' lang='grc' dir='ltr'><strong><em>ἔθος</em></strong></span> <span class='ocrx_word' id='word_1_370' title='bbox 1557 2558 1646 2601; x_wconf 87' lang='grc' dir='ltr'><strong>Ῥω-</strong></span> 
     </span>
     <span class='ocr_line' id='line_1_43' title="bbox 180 2617 1645 2670; baseline -0.001 -12"><span class='ocrx_word' id='word_1_371' title='bbox 180 2617 316 2670; x_wconf 80' lang='grc' dir='ltr'><strong><em>μαίοις</em></strong></span> <span class='ocrx_word' id='word_1_372' title='bbox 339 2620 489 2661; x_wconf 83' lang='grc' dir='ltr'><strong><em>καλεῖν.</em></strong></span> <span class='ocrx_word' id='word_1_373' title='bbox 545 2619 744 2658; x_wconf 85' lang='lat' dir='ltr'><strong>satellitum</strong></span> <span class='ocrx_word' id='word_1_374' title='bbox 768 2622 807 2657; x_wconf 90' lang='lat' dir='ltr'><strong>et</strong></span> <span class='ocrx_word' id='word_1_375' title='bbox 828 2622 1072 2669; x_wconf 88' lang='lat' dir='ltr'><strong>protectorum</strong></span> <span class='ocrx_word' id='word_1_376' title='bbox 1093 2618 1267 2668; x_wconf 88' lang='lat' dir='ltr'><strong>principis</strong></span> <span class='ocrx_word' id='word_1_377' title='bbox 1288 2629 1409 2655; x_wconf 87' lang='lat' dir='ltr'><strong>comes</strong></span> <span class='ocrx_word' id='word_1_378' title='bbox 1430 2620 1469 2654; x_wconf 91' lang='lat' dir='ltr'><strong>et</strong></span> <span class='ocrx_word' id='word_1_379' title='bbox 1486 2629 1645 2669; x_wconf 86' lang='lat' dir='ltr'><strong>praepo-</strong></span> 
     </span>
     <span class='ocr_line' id='line_1_44' title="bbox 179 2671 1644 2727; baseline 0.001 -15"><span class='ocrx_word' id='word_1_380' title='bbox 179 2674 282 2713; x_wconf 75' lang='lat' dir='ltr'><strong>situs.</strong></span> <span class='ocrx_word' id='word_1_381' title='bbox 343 2671 472 2727; x_wconf 84' lang='grc' dir='ltr'><strong><em>κόμης</em></strong></span> <span class='ocrx_word' id='word_1_382' title='bbox 502 2671 772 2726; x_wconf 75' lang='grc' dir='ltr'><strong><em>φοιδερᾰτων,</em></strong></span> <span class='ocrx_word' id='word_1_383' title='bbox 813 2687 932 2712; x_wconf 87' lang='lat' dir='ltr'><strong>comes</strong></span> <span class='ocrx_word' id='word_1_384' title='bbox 958 2674 1253 2723; x_wconf 83' lang='lat' dir='ltr'><strong>foederatorum,</strong></span> <span class='ocrx_word' id='word_1_385' title='bbox 1290 2687 1541 2725; x_wconf 86' lang='grc' dir='ltr'><strong><em>τουρμαρχης</em></strong></span> <span class='ocrx_word' id='word_1_386' title='bbox 1569 2676 1644 2714; x_wconf 87' lang='grc' dir='ltr'><strong>τοῦ</strong></span> 
     </span>
     <span class='ocr_line' id='line_1_45' title="bbox 177 2726 1640 2797; baseline 0.001 -28"><span class='ocrx_word' id='word_1_387' title='bbox 177 2726 376 2797; x_wconf 74' lang='grc' dir='ltr'><strong>τάγματος</strong></span> <span class='ocrx_word' id='word_1_388' title='bbox 404 2746 486 2772; x_wconf 88' lang='grc' dir='ltr'><strong><em>των</em></strong></span> <span class='ocrx_word' id='word_1_389' title='bbox 514 2728 787 2782; x_wconf 81' lang='grc' dir='ltr'><strong><em>φοιδεροὶτων,</em></strong></span> <span class='ocrx_word' id='word_1_390' title='bbox 816 2731 998 2769; x_wconf 73' lang='lat' dir='ltr'><strong>zonarae.</strong></span> <span class='ocrx_word' id='word_1_391' title='bbox 1055 2730 1132 2768; x_wconf 85' lang='lat' dir='ltr'><strong>aliis</strong></span> <span class='ocrx_word' id='word_1_392' title='bbox 1157 2732 1238 2770; x_wconf 76' lang='grc' dir='ltr'><strong><em>τῶν</em></strong></span> <span class='ocrx_word' id='word_1_393' title='bbox 1267 2727 1529 2796; x_wconf 80' lang='grc' dir='ltr'><strong><em>φοιὸερατων</em></strong></span> <span class='ocrx_word' id='word_1_394' title='bbox 1545 2745 1640 2783; x_wconf 80' lang='grc' dir='ltr'><strong>ηγε-</strong></span> 
     </span>
     <span class='ocr_line' id='line_1_46' title="bbox 179 2781 1639 2840; baseline 0 -14"><span class='ocrx_word' id='word_1_395' title='bbox 179 2783 286 2838; x_wconf 75' lang='grc' dir='ltr'><strong><em>μών,</em></strong></span> <span class='ocrx_word' id='word_1_396' title='bbox 315 2788 485 2840; x_wconf 85' lang='lat' dir='ltr'><strong>princeps</strong></span> <span class='ocrx_word' id='word_1_397' title='bbox 511 2790 795 2829; x_wconf 85' lang='lat' dir='ltr'><strong>foederatorum.</strong></span> <span class='ocrx_word' id='word_1_398' title='bbox 852 2800 886 2826; x_wconf 81' lang='lat' dir='ltr'><strong>v.</strong></span> <span class='ocrx_word' id='word_1_399' title='bbox 913 2787 1008 2825; x_wconf 87' lang='lat' dir='ltr'><strong>insta</strong></span> <span class='ocrx_word' id='word_1_400' title='bbox 1031 2783 1273 2839; x_wconf 77' lang='grc' dir='ltr'><strong><em>φοιδερᾶτοι.</em></strong></span> <span class='ocrx_word' id='word_1_401' title='bbox 1330 2781 1458 2838; x_wconf 81' lang='grc' dir='ltr'><strong><em>κόμης</em></strong></span> <span class='ocrx_word' id='word_1_402' title='bbox 1479 2782 1639 2839; x_wconf 86' lang='grc' dir='ltr'><strong><em>κόρτης,</em></strong></span> 
     </span>
     <span class='ocr_line' id='line_1_47' title="bbox 178 2842 1641 2898; baseline 0 -16"><span class='ocrx_word' id='word_1_403' title='bbox 178 2856 299 2883; x_wconf 84' lang='lat' dir='ltr'><strong>comes</strong></span> <span class='ocrx_word' id='word_1_404' title='bbox 323 2857 390 2884; x_wconf 77' lang='lat' dir='ltr'><strong>seu</strong></span> <span class='ocrx_word' id='word_1_405' title='bbox 411 2847 619 2898; x_wconf 84' lang='lat' dir='ltr'><strong>praefectus</strong></span> <span class='ocrx_word' id='word_1_406' title='bbox 638 2844 808 2885; x_wconf 84' lang='lat' dir='ltr'><strong>cohortis,</strong></span> <span class='ocrx_word' id='word_1_407' title='bbox 866 2842 1041 2883; x_wconf 88' lang='lat' dir='ltr'><strong>Glossae:</strong></span> <span class='ocrx_word' id='word_1_408' title='bbox 1064 2844 1296 2895; x_wconf 68' lang='lat' dir='ltr'><strong>praefectus</strong></span> <span class='ocrx_word' id='word_1_409' title='bbox 1324 2842 1493 2882; x_wconf 66' lang='lat' dir='ltr'><strong>cohortis</strong></span> <span class='ocrx_word' id='word_1_410' title='bbox 1520 2843 1641 2898; x_wconf 75' lang='grc' dir='ltr'><strong><em>ἔπαρ-</em></strong></span> 
     </span>
    </p>
   </div>
  </div>
 </body>
</html>
