1890 3236
267 178 363 228 196
737 175 974 222 GEORGII
1003 177 1246 222 GEDRENI

266 297 368 350 βοῆς
387 289 595 350 γενομένης
619 289 699 333 ὑπὸ
725 294 798 333 τοῦ
817 287 1003 346 πλήθους
1027 288 1149 341 λύκος
1166 294 1238 346 τῆς
1259 290 1359 347 ὕλης
1376 291 1540 349 ἐξέθορε
1556 297 1719 348 names·-

215 370 247 406 Ο
269 364 405 420 γέθης.
449 357 632 416 ὁρμήσας
652 359 698 400 δὲ
712 356 879 402 κατόπιν
900 358 1025 402 αὐτοῦ
1044 357 1066 402 ὃ
1084 362 1296 411 Βασίλειος
1315 359 1455 418 ἔρριψε
1474 360 1570 404 κατ’
1594 361 1722 405 αὐτοῦ

267 431 316 474 τὸ
337 427 547 484 βασιλικὸν
563 424 825 482 βαρδούκιον,
867 428 933 470 καὶ
963 427 1096 483 τυχὼν
1123 433 1197 471 τοῦ
1220 429 1370 486 θηριόυ
1399 428 1502 472 κατὰ
1527 427 1574 471 τὸ
1596 428 1722 484 μέσον

269 501 343 552 τῆς
365 499 543 552 κεφαλῆς
562 493 711 550 ταύτην
731 494 1027 551 ἐὸιχυτόμησεν.
1062 495 1232 540 ὄπισθεν
1251 497 1294 539 δὲ
1311 501 1386 540 τοῦ
1405 496 1604 551 βασιλέως
1618 497 1722 541 κατὰ

270 566 316 608 τὸ
338 562 512 618 σύνηθες
531 561 723 618 ἑπόμενος
740 561 762 605 ὃ
779 565 958 622 Καῖσαρ,
979 566 1047 608 καὶ
1069 565 1114 607 τὸ
1136 565 1296 622 γεγονὸς
1315 564 1580 620 θεασάμενος,
1603 567 1757 609 simin&

271 634 424 688 λέγεται
454 629 556 687 πρός
587 648 678 674 τινα
708 636 788 675 τῶν
814 631 1007 688 συνήθων
1039 633 1081 675 ἕν
1113 635 1322 692 μυστηρίῳ
1354 631 1539 686 “τοῦτον,
1577 628 1611 676 ὦ
1636 637 1725 686 τᾶν,
1767 691 1771 694 q

270 699 448 757 ἡγοῦμαι
476 699 545 743 τὸν
574 699 793 757 ἄνθρωπον
824 700 998 763 ὄλεθρον
1023 701 1264 758 γενήσεσθαι
1286 702 1416 760 ἄρδην
1435 706 1508 758 τῆς
1525 700 1643 758 ἡμῶν
1659 718 1727 758 γε·

272 769 410 820 wag?
483 770 584 826 φασὶ
602 769 643 811 δ’
669 767 730 812 ὅτι
746 771 814 812 καὶ
837 770 963 812 Λέων
982 770 1093 828 αὐτῷ
1112 777 1230 814 τοῦτο
1250 771 1545 827 προεθέσπισε-ν,
1561 769 1583 813 ὃ
1607 767 1728 829 φιλό-

272 854 424 895 σοφος,
460 836 651 892 ὀνομαστὶ
679 837 749 880 τὸν
777 837 908 895 ἄνδρα
936 839 1109 890 καλέσας
1137 843 1206 883 καὶ
1236 847 1382 896 σημεῖα
1410 837 1623 897 ὖποφῆνας
1639 838 1730 882 τινὰ

273 908 341 950 καὶ
363 911 420 965 τῷ
440 903 625 964 δακτύλῳ
649 907 782 957 δείξας
789 938 802 958 ,
837 909 903 950 καὶ
931 911 1072 951 τοῦτον
1102 908 1268 952 ἔσεσθαι
1291 907 1491 966 προειπών
1520 912 1593 964 τῆς
1621 920 1727 962 σύμ-
1741 913 1785 949 10

274 972 408 1030 πάσης
435 972 550 1028 ὑμῶν
576 978 712 1030 γενεᾶς
734 974 804 1017 τὸν
825 974 1011 1032 ὄλεθρον.
1075 975 1316 1034 ἐνήδρευσεν
1333 972 1404 1019 οὖν
1425 976 1486 1019 ἀεὶ
1507 974 1528 1018 ὃ
1551 978 1730 1032 Καῖσαρ,
1751 1011 1753 1013 .

226 1057 259 1092 D
278 1043 372 1100 ἤνυε
402 1044 446 1086 δὲ
473 1042 610 1085 οὐδέν·
645 1043 853 1101 ἀκυρῶσαι
872 1044 950 1102 γὰρ
969 1043 1224 1102 παγχάλεπον
1243 1040 1294 1102 ἦν
1314 1043 1410 1103 ὅπερ
1433 1043 1540 1097 ἅπαξ
1559 1048 1610 1103 τῇ
1628 1060 1732 1102 προ-

274 1113 363 1173 νοίᾳ
382 1112 567 1168 γενέσθαι
588 1109 730 1155 ἐδόκει.

411 1178 676 1236 Περάσαντος
701 1179 749 1222 δέ
769 1197 865 1223 ποτε
891 1185 963 1224 τοῦ
992 1181 1192 1235 βασιλέως
1220 1182 1454 1238 κυνηγεσίου
1471 1177 1595 1239 χάριν
1612 1181 1669 1230 εἷς
1686 1179 1732 1222 τὸ

270 1247 557 1306 Ἀρμαμέντον,
592 1250 659 1291 καὶ
684 1248 787 1303 μετὰ
818 1249 893 1304 τὴν
917 1251 1151 1306 κυνηγεσίαν
1180 1250 1456 1306 εὐωχουμένου
1487 1246 1651 1304 συνάμα
1681 1252 1732 1306 τῇ
1745 1254 1789 1292 15

276 1319 400 1374 μητρὶ
425 1314 622 1376 Θεοδώρᾳ
639 1318 713 1360 καί
728 1334 807 1360 τισι
826 1322 907 1361 τῶν
926 1323 1123 1374 συγγενῶν
1142 1321 1209 1361 καὶ
1232 1317 1496 1370 οἰκειοτάτων,
1523 1313 1735 1371 εἰσεκλήθη

279 1384 301 1428 ὃ
327 1383 650 1442 πρωτοστράτωρ
671 1390 743 1428 τοῦ
763 1386 962 1440 βασιλέως
985 1385 1255 1438 κελεύσαντος.
1323 1386 1426 1444 πρὸς
1448 1386 1494 1429 ὃν
1522 1384 1549 1442 ἦ
1577 1386 1739 1441 βασιλὶς

279 1451 522 1511 πυκνότερον
550 1454 761 1508 ἕνητένιζε,
796 1459 1050 1498 κατανοοῢσα
1078 1457 1144 1498 καὶ
1172 1459 1526 1512 παρεπισκοποῦσα
1557 1454 1610 1497 τὰ
1639 1452 1736 1496 κατ’

283 1520 422 1564 αὐτόν.
489 1522 704 1577 ἐπιγνοῦσα
731 1523 779 1564 δέ
800 1540 839 1565 τι
864 1522 1072 1580 γνώρισμα
1093 1525 1160 1566 καὶ
1180 1531 1344 1579 σημεῖον
1361 1525 1402 1566 ἓν
1421 1524 1551 1581 αὐτῷ,
1587 1521 1740 1571 εὐθέως

282 1592 420 1648 ἰλίγγῳ
441 1595 739 1644 κατασχεθεῖσα
755 1593 823 1633 καὶ
842 1593 1088 1651 λειποθυμία
1114 1596 1317 1647 βληθεῖσα
1351 1594 1407 1642 εἷς
1435 1595 1510 1647 γῆν
1534 1590 1796 1633 κατέπεσε.20

283 1659 594 1716 θορυβηθέντος
613 1660 658 1701 δὲ
677 1663 750 1702 τοῦ
766 1660 965 1713 βασιλέως
980 1661 1043 1702 ἐπὶ
1064 1658 1195 1718 τούτῳ
1220 1662 1288 1703 καὶ
1308 1664 1388 1703 τῶν
1409 1661 1499 1717 περὶ
1518 1658 1590 1702 τὸν
1614 1663 1740 1713 βασι-

284 1727 380 1778 λέα,
422 1725 534 1783 ὕδωρ
556 1744 597 1770 τε
622 1727 745 1778 εὐθὺς
767 1729 965 1782 ἐκομίζετο
997 1730 1063 1770 καὶ
1089 1726 1204 1785 μύρα
1224 1734 1304 1771 τῶν
1332 1729 1506 1780 εὐωδῶν,
1541 1725 1603 1778 οἷς
1626 1727 1741 1783 ἐπιρ-

286 1796 488 1851 ραίνοντες
513 1794 586 1850 τὴν
611 1796 824 1839 δέσποιναν
856 1796 1119 1839 ἀνεκαλοῦντο
1152 1802 1225 1840 τοῦ
1255 1795 1482 1852 πτώματος.
1548 1793 1668 1850 μόλις
1693 1794 1739 1837 δ’

144 1875 176 1911 P
200 1874 266 1911 565
290 1858 362 1908 οὖν
383 1865 438 1915 εἷς
456 1861 602 1919 ἑαυτὴν
622 1865 803 1909 ἐλθοῦσα
821 1867 888 1908 καὶ
906 1869 979 1908 τοῦ
998 1863 1167 1916 σκότους
1185 1865 1462 1923 ἆνενεγκοῦσα,
1483 1862 1537 1915 ὥς
1557 1864 1742 1922 ἢρωτᾶτο

378 1973 400 2008 8
421 1969 523 2019 αὐτῷ
531 1973 545 2018 ]
571 1969 665 2007 αὐτὸ
691 1972 722 2007 C
859 1974 902 2009 10
923 1970 1133 2019 προσειπών
1155 1974 1185 2009 C

287 2064 391 2100 turba
423 2063 519 2098 edito
548 2063 651 2111 lupus
679 2064 804 2110 ingens
837 2076 858 2098 e
881 2064 972 2100 silva
995 2067 1249 2111 procum-isset,
1290 2063 1442 2098 Basilius
1470 2074 1547 2098 eum
1568 2062 1747 2097 insecutus

289 2109 515 2156 imperatorio
553 2110 719 2144 barducio
756 2110 880 2155 petiit,
924 2115 1028 2156 atque
1063 2123 1105 2146 eo
1137 2115 1242 2156 caput
1275 2109 1349 2144 eius
1385 2109 1532 2144 medium
1566 2106 1746 2142 dissecuit.

291 2155 473 2201 equitabat
495 2162 576 2201 post
597 2155 840 2202 imperatorem
863 2157 906 2191 de
928 2167 1024 2192 more
1047 2157 1200 2200 Caesar,
1233 2155 1294 2200 qui
1318 2166 1392 2190 cum
1417 2155 1484 2199 hoc
1508 2153 1679 2198 vidisset,
1701 2152 1747 2187 ad

290 2201 511 2236 familiarium
544 2213 682 2237 suorum
714 2202 882 2246 quendam
914 2203 1048 2238 occulte
1079 2203 1211 2243 dixisse
1236 2202 1348 2239 fertur
1369 2198 1477 2235 “heus
1503 2205 1562 2242 tu,
1589 2198 1748 2234 existimo

292 2252 444 2282 nostram
463 2247 626 2282 familiam
650 2249 694 2282 ab
718 2247 785 2282 hoc
804 2247 941 2282 homine
964 2249 1192 2295 exstirpatum
1213 2243 1296 2281 iri.''
1341 2246 1433 2281 idem
1455 2245 1642 2292 perhibent
1658 2246 1750 2280 Bar-

293 2294 360 2327 dae
389 2293 605 2337 praedixisse
629 2293 783 2328 Leonem
811 2294 1073 2339 philosophum,
1113 2293 1176 2340 qui
1206 2292 1372 2327 Basilium
1405 2291 1516 2337 signis
1544 2291 1750 2336 quibusdam

294 2338 508 2381 describens,
532 2339 709 2374 nominans
733 2339 836 2374 etiam
861 2344 896 2374 et
919 2339 1030 2385 digito
1055 2341 1305 2383 demonstrans,
1329 2338 1459 2373 dixerit
1481 2337 1665 2371 universae
1683 2335 1750 2371 im·

293 2384 467 2430 peratoris
489 2385 644 2420 familiae
664 2385 772 2420 exitio
797 2386 960 2421 futurum.
1007 2398 1053 2421 ex
1075 2398 1117 2421 eo
1142 2387 1274 2421 Caesar
1294 2396 1431 2439 semper
1452 2383 1583 2418 Basilio
1605 2381 1750 2417 iusidias

295 2429 443 2474 struxit,
477 2429 586 2465 irritis
611 2432 813 2466 conatibus:
847 2431 1084 2468 difficillimum
1116 2433 1247 2478 quippe
1279 2435 1333 2465 est
1364 2430 1401 2465 ld
1433 2429 1634 2465 rescindere
1656 2426 1750 2473 quod

295 2473 417 2509 divina
439 2476 544 2510 semel
566 2478 688 2512 statuit
709 2477 941 2523 providentia.

388 2521 522 2555 Rursus
546 2532 620 2556 cum
643 2522 834 2569 imperator
853 2523 1004 2559 venandi
1028 2535 1132 2558 causa
1154 2522 1191 2557 in
1212 2523 1464 2558 Armamentum
1481 2518 1691 2562 traiecisset,
1715 2522 1752 2553 et

295 2576 320 2600 a
338 2565 524 2600 venatione
558 2578 634 2601 cum
664 2574 775 2603 matre
803 2574 969 2604 coenaret
995 2569 1184 2604 Theodora
1206 2569 1353 2614 aliisque
1376 2565 1582 2602 necessariis
1605 2563 1752 2610 quibus·

297 2612 387 2656 dam,
422 2609 515 2645 intro
537 2613 680 2648 vocavit
702 2615 806 2649 etiam
829 2620 1131 2660 protostrator-em.
1177 2615 1215 2649 in
1238 2626 1336 2660 quem
1362 2612 1551 2647 Theodora
1574 2621 1651 2645 cum
1674 2621 1753 2644 cre-

300 2658 364 2692 bro
394 2657 512 2690 oculos
543 2658 727 2693 defixisset
763 2661 1016 2706 contemplandi
1046 2660 1192 2695 hominis
1222 2671 1327 2695 causa
1361 2664 1397 2693 et
1420 2656 1623 2695 accuratius
1639 2655 1754 2690 omnia

300 2701 560 2749 perspiciendi,
593 2706 826 2750 quasdamque
853 2707 890 2740 in
922 2719 964 2741 eo
988 2711 1088 2741 notas
1111 2710 1147 2741 et
1168 2705 1268 2750 signa
1291 2703 1600 2751 deprehendisset,
1636 2701 1753 2737 subito

300 2749 427 2783 oborta
451 2748 625 2793 vertigine
650 2751 842 2785 exanimata
873 2756 928 2787 est
949 2757 986 2787 et
1008 2753 1044 2787 in
1067 2757 1194 2787 terram
1216 2749 1360 2786 corruit.
1406 2748 1458 2784 ibi
1477 2749 1618 2783 turbato
1641 2748 1752 2793 impe-

300 2799 419 2828 ratore
442 2799 478 2828 et
499 2793 544 2827 iis
567 2794 627 2839 qui
651 2796 815 2841 aderant,
848 2797 964 2832 statim
995 2809 1086 2843 aqua
1116 2797 1221 2832 allata
1248 2800 1302 2831 est
1329 2800 1366 2830 et
1395 2799 1573 2839 unguenta
1596 2794 1754 2837 odorata,

300 2839 427 2885 quibus
452 2839 673 2877 Theodoram
706 2847 975 2890 conspergentes
997 2847 1210 2879 recrearent.
1255 2853 1363 2888 aegre
1396 2841 1510 2877 animo
1544 2845 1687 2886 recepto
1718 2843 1755 2874 et
