1916 3210
692 165 1143 210 ANNOTATIONES.
1559 168 1656 215 771

297 287 338 329 p.
365 272 452 318 269
479 286 515 314 v.
543 276 611 317 23.
674 274 809 328 Seres]
840 275 878 314 hi
907 277 969 315 ubi
993 277 1125 316 suerint
1154 282 1194 317 et
1210 277 1362 329 quala,
1391 278 1656 330 disputabimus

186 330 286 374 alibi.
344 332 383 372 in
406 331 574 382 margine
593 335 696 382 erat,
727 328 804 373 οὐκ
825 329 917 374 οἶδα
934 334 1040 381 τίνες
1061 333 1149 375 εἶσί.
1179 332 1418 387 θαυμαστόν
1437 334 1482 377 δὲ
1501 336 1542 377 εἴ
1552 337 1658 386 τινές

185 403 268 430 που
284 391 462 430 τοιοῦτοι
480 388 595 429 εἰσιν.
649 390 740 440 quid
762 394 886 429 autem
913 391 989 429 sint
1005 391 1128 430 Cabes
1156 405 1195 444 p.
1219 395 1304 435 270
1323 405 1358 432 v.
1377 395 1404 436 9
1421 395 1558 443 nescio,
1587 396 1657 434 nisi

127 461 130 463 “
187 447 221 485 si
237 446 335 485 forte
354 448 491 486 nomen
508 450 567 484 est
588 445 740 486 Indicae
764 447 885 498 gentis
912 447 1175 488 hominivorae.
1231 461 1353 500 neque
1370 449 1553 500 Agelaeos
1572 465 1661 504 pro-

185 503 269 555 prio
287 503 339 542 sic
359 503 460 549 dicto
474 502 624 542 nomine
641 503 739 543 novi.
801 507 840 543 et
857 503 1009 543 historia
1030 506 1140 544 docet
1160 511 1248 546 ante
1269 507 1360 546 haec
1388 507 1500 547 verba
1519 522 1557 561 p.
1575 510 1658 551 271

185 572 222 599 v.
241 563 271 603 2
291 560 407 598 cuius
423 558 623 610 paludem
645 560 786 612 aliquid
808 561 999 602 excidisse.
1055 563 1166 600 xm..

298 650 341 691 p.
371 640 455 680 277
483 651 520 679 v,
552 640 594 680 9.
651 637 876 691 animalia]
911 636 1056 694 ζῴδια,
1083 642 1187 692 quod
1207 641 1307 680 haud
1327 642 1403 681 scio
1426 655 1474 682 an
1501 644 1550 683 de
1582 644 1660 683 Zo-

186 694 285 734 diaci
305 695 420 746 signis
438 695 595 734 voluerit
614 695 784 746 intelligi.
841 699 1002 735 ceterum
1025 710 1070 736 ex
1096 698 1268 750 Diogene
1294 699 1470 748 Laertio,
1513 713 1558 740 ex
1577 701 1661 740 Plu-

186 751 317 790 tarcho
333 752 382 790 de
405 751 706 804 philosophorum
724 752 891 805 placiti5‚
934 766 979 791 ex
998 753 1178 794 Cicerone
1205 763 1242 794 et
1267 755 1346 794 aliis
1373 756 1469 795 malo
1494 761 1662 810 repetere

187 808 362 848 lectorem
391 820 438 848 ea
462 821 559 860 quae
582 809 654 847 huc
680 810 890 862 pertinent,
927 823 1038 861 quam
1065 811 1145 863 ipse
1164 811 1198 851 ei
1218 813 1291 851 ista
1309 815 1526 852 annotando
1546 815 1664 854 mole-

187 869 267 904 stus
286 877 382 906 esse.
439 878 510 905 nec
526 866 680 905 mendas
703 867 857 918 quidem
883 879 1011 906 omnes
1037 869 1236 908 emendare
1262 868 1321 908 hic
1347 869 1508 920 institui,
1538 873 1663 922 qualia

187 926 276 961 sunt
289 922 338 962 de
354 926 476 962 terrae
494 923 634 973 forma,
675 920 721 964 το“
746 925 879 976 σχῆμα
908 919 1035 976 αὐτῆς
1059 922 1186 979 ύγρόν
1206 923 1448 980 στρογγύλον
1472 929 1662 979 χιονώδες

187 979 295 1034 λίθῳ
317 974 601 1034 παραπλήσιον
620 993 661 1032 p.
680 983 764 1023 276
783 993 819 1020 V.
837 982 913 1030 21,
941 994 1038 1032 quae
1062 984 1240 1022 asterisco
1266 985 1403 1023 notavi.
1461 998 1588 1024 versus
1611 987 1661 1025 de

187 1035 413 1087 Anaxagora
442 1042 528 1076 sunt
554 1036 735 1088 Diogenis
759 1035 915 1078 Laertii.
972 1039 1038 1077 sed
1070 1039 1251 1079 distichon
1278 1041 1463 1092 posterius
1487 1043 1662 1081 omissum

188 1097 261 1134 est.
318 1093 426 1134 Plato
444 1106 520 1132 non
533 1093 661 1146 procul
682 1107 705 1133 a
724 1094 798 1132 fine
817 1093 1027 1134 Phaedonis
1037 1095 1230 1136 Socratem
1249 1097 1340 1136 facit
1359 1098 1407 1137 de
1426 1098 1487 1137 illo
1504 1112 1663 1150 queren-

187 1155 288 1200 tem,
315 1151 418 1203 quod
437 1151 486 1190 de
505 1155 629 1190 mente
650 1151 870 1190 sententiam
897 1164 973 1190 non
1003 1153 1194 1193 tenuisset.
1252 1155 1321 1193 sed
1339 1153 1433 1194 haec
1450 1156 1524 1197 alio
1545 1157 1664 1207 perti-

188 1212 292 1249 nent.
350 1207 516 1247 Platonis
538 1207 638 1246 locus
657 1221 767 1259 quem
785 1208 977 1247 Cedrenus
994 1209 1085 1248 citat
1104 1223 1149 1250 ex
1169 1210 1360 1262 Legibus,
1389 1216 1450 1251 est
1473 1213 1616 1252 duabus
1639 1227 1663 1253 a

188 1265 369 1318 principio
390 1264 474 1303 libri
496 1265 545 1304 de
563 1263 729 1314 Legibus
750 1265 874 1316 quarti
894 1265 1039 1317 paginis
1060 1265 1124 1319 (p.
1149 1269 1234 1310 716
1250 1269 1309 1310 St.
1320 1270 1353 1318 ).
1411 1270 1461 1308 de
1478 1270 1550 1308 diis
1568 1271 1663 1310 deo-

189 1335 272 1360 rum
289 1326 327 1361 et
349 1321 453 1361 Caeli
469 1322 649 1374 progenie
667 1321 769 1359 locus
789 1326 844 1360 est
864 1322 902 1360 in
922 1322 1092 1362 Timaeo.
1148 1324 1250 1363 locus
1277 1326 1327 1365 de
1355 1325 1445 1366 love
1477 1326 1663 1367 volucrem

189 1391 336 1418 currum
352 1383 490 1430 agente
511 1383 568 1418 est
586 1378 626 1416 in
645 1378 807 1418 Phaedri
825 1379 965 1431 pagina
988 1384 1135 1431 quarta.
1190 1382 1295 1421 XYL.

301 1460 341 1499 p.
367 1449 448 1490 291
479 1459 514 1486 v.
543 1448 583 1490 8.
643 1446 840 1498 Hyrcano
859 1446 1063 1501 favebat]
1113 1461 1222 1488 nemo
1250 1462 1327 1489 non
1363 1450 1466 1491 videt
1499 1451 1662 1504 pessime

189 1502 283 1543 haec
301 1504 400 1542 inter
416 1516 458 1542 se
475 1503 686 1543 cohaerere.
716 1517 788 1554 ego
810 1505 898 1542 satis
917 1504 1038 1544 habeo
1056 1504 1232 1545 lectorem
1249 1508 1299 1546 ad
1318 1507 1513 1560 Iosephum
1532 1508 1663 1560 legen-

189 1560 278 1600 dum
295 1560 482 1613 ablegare.
539 1561 625 1601 vide
642 1560 774 1599 librum
793 1559 974 1612 Antiquit.
997 1561 1047 1605 14
1063 1564 1110 1602 ab
1129 1563 1244 1602 initio.
1301 1564 1409 1602 ΧΥ».

302 1643 340 1682 p.
368 1626 454 1670 294
481 1641 515 1668 v-
548 1630 613 1671 18.
670 1635 709 1666 et
727 1627 985 1682 Decembris]
1010 1642 1162 1682 prorsus
1181 1632 1294 1670 estin
1314 1632 1478 1682 Graeco,
1505 1635 1545 1671 et
1558 1645 1662 1672 men-

190 1698 253 1726 ses
270 1686 324 1726 ita
340 1686 513 1737 utrinque
529 1698 682 1725 numero
701 1691 960 1732 recensentur,
1003 1691 1043 1726 ut
1067 1691 1224 1727 erratum
1251 1701 1336 1729 esse
1361 1702 1439 1728 non
1464 1690 1581 1741 possit
1604 1689 1663 1728 vi-

190 1743 285 1784 deri.
341 1746 470 1782 notum
495 1747 554 1782 est
578 1742 691 1782 hodie
709 1755 783 1781 non
802 1744 998 1782 Decembri
1020 1745 1088 1783 sed
1111 1744 1265 1784 Octobri
1283 1759 1348 1786 sex
1371 1746 1502 1785 Nonas
1524 1747 1661 1794 tribui3

191 1812 290 1852 quae
315 1800 441 1852 opinio
471 1799 567 1838 infra
597 1800 707 1839 etiam
738 1801 987 1852 perscribitur.
1044 1801 1090 1840 A.
1116 1803 1163 1840 D.
1194 1803 1403 1853 significant
1428 1807 1515 1843 ante
1543 1803 1660 1842 diem.

191 1853 272 1910 πρό
296 1857 439 1910 τριῶν,
476 1852 555 1910 πρό
576 1858 670 1907 μιᾶς
691 1860 761 1896 etc.
794 1858 903 1896 etiam
932 1857 1064 1897 Graeci
1084 1858 1155 1897 hoc
1174 1859 1307 1898 imitati
1330 1861 1475 1907 dicunt3
1514 1861 1563 1899 de
1585 1873 1660 1911 quo

190 1914 293 1953 alibi.
335 1912 594 1965 ‚etymologias
619 1925 768 1965 quoque
792 1915 909 1952 nostri
933 1917 1092 1954 auctoris
1121 1915 1159 1953 in
1177 1917 1299 1955 medio
1317 1917 1472 1968 reliquir,
1512 1929 1605 1967 quas
1628 1917 1662 1955 si

190 1971 385 2010 voluissem
415 1971 590 2022 persequi
617 1983 691 2021 qua
721 1971 997 2022 comprobando
1031 1985 1102 2023 qua
1131 1971 1358 2025 refellendo,
1406 1973 1580 2027 prolixior
1617 1977 1660 2012 ut

190 2040 311 2070 essem
330 2027 546 2082 oportebat,
576 2031 616 2066 et
635 2027 834 2078 aliquando
856 2028 1036 2079 Oedipus.
1094 2030 1200 2069 ΧΥ».

304 2109 343 2148 p.
371 2096 456 2138 296
479 2108 515 2135 v.
546 2097 614 2138 17.
669 2094 824 2147 Tenes]
858 2095 895 2134 in
914 2095 1058 2134 Graeco
1077 2101 1135 2135 est
1153 2094 1279 2149 τέλης.
1335 2099 1404 2137 sed
1426 2111 1496 2149 ego
1513 2102 1658 2139 secutus

192 2165 272 2192 sum
293 2151 493 2192 historiam.
550 2151 847 2204 Bellerophontis
875 2157 912 2191 et
935 2152 1131 2204 Hippolyti
1156 2166 1218 2204 res
1242 2153 1405 2193 notiores
1432 2160 1520 2194 sunt
1545 2169 1659 2206 quam

190 2210 235 2248 ut'
253 2211 303 2249 de
320 2209 366 2248 iis
382 2210 430 2248 sit
448 2210 587 2261 aliquid
604 2211 870 2248 annotandum.
900 2207 1025 2248 Tenes
1044 2215 1184 2258 autem,
1202 2223 1226 2249 a
1242 2224 1316 2262 quo
1340 2211 1458 2251 insula
1479 2212 1659 2252 Tenedos

191 2280 330 2306 nomen
352 2267 483 2316 habet,
512 2267 629 2318 Cycni
648 2266 741 2304 filius
760 2266 927 2318 Neptuni
948 2279 1066 2319 nepos
1087 2268 1201 2306 fuisse
1224 2269 1406 2320 traditur3
1441 2271 1505 2321 qui
1525 2283 1660 2309 nover-

193 2337 260 2364 cae
291 2325 340 2363 de
367 2327 495 2376 stupro
522 2325 641 2376 ipsum
660 2323 860 2375 appellanti
881 2323 1039 2362 noluerit
1056 2325 1233 2375 obsequi,
1276 2325 1435 2377 ideoque
1453 2327 1492 2365 in
1510 2339 1612 2366 mare
1634 2339 1659 2365 a

192 2385 302 2434 patre
318 2381 412 2420 falso
430 2381 570 2420 crimini
593 2392 773 2419 novercae
793 2381 968 2419 credente
989 2381 1026 2418 in
1048 2381 1138 2420 cista
1161 2383 1366 2433 expositus,
1396 2383 1584 2422 incolumis
1608 2384 1660 2422 ad

192 2439 349 2478 insulam
371 2438 617 2490 Leucophryn
642 2438 790 2477 delatus
817 2438 851 2476 ei
873 2449 1007 2477 nomen
1027 2439 1155 2478 fecerit
1173 2439 1296 2490 ibique
1315 2441 1539 2490 regnaverit.
1599 2445 1659 2479 est

191 2495 265 2535 hoc
291 2497 396 2548 apud
416 2496 595 2535 Tzetzam
622 2496 660 2533 in
678 2493 980 2547 Lycophronem,
1017 2496 1118 2547 apud
1143 2495 1308 2535 Eustath.
1334 2497 1373 2535 in
1391 2497 1498 2538 Iliad.
1518 2493 1555 2536 α’
1578 2499 1656 2543 383

193 2554 257 2605 qui
275 2552 517 2592 Philonomen
538 2554 645 2592 istam
665 2564 880 2598 novercam,
923 2553 972 2591 ab
990 2551 1070 2590 aliis
1084 2552 1308 2604 Polyboeam
1333 2553 1510 2605 appellari
1530 2560 1656 2594 osten-

194 2611 270 2657 dit,
313 2611 427 2650 etiam
453 2610 492 2649 in
521 2609 753 2660 Dionysium.
821 2613 938 2660 atque
965 2609 1015 2647 ita
1045 2614 1104 2648 est
1133 2610 1234 2662 apud
1265 2609 1482 2650 scholiasten
1506 2623 1656 2662 quoque

191 2666 368 2718 Homeri,
396 2668 435 2706 in
453 2667 589 2706 dictum
604 2666 737 2707 locum.
793 2667 959 2705 meminit
979 2669 1018 2705 et
1042 2666 1226 2706 Diodorus
1250 2667 1390 2706 Siculus
1412 2668 1450 2706 in
1475 2667 1548 2707 fine
1570 2667 1594 2706 l.
1615 2668 1656 2716 5,

192 2724 262 2763 sed
279 2724 426 2778 nomine
442 2736 623 2764 novercae
645 2724 793 2762 omisso.
842 2728 970 2763 noster
984 2721 1269 2774 Alphesiboeam
1286 2728 1406 2763 vocat.
1455 2737 1550 2775 quae
1568 2727 1658 2763 scri-

190 2785 301 2834 ptura
321 2781 351 2820 si
368 2783 415 2819 sit
433 2786 552 2831 recta,
581 2781 670 2820 nihil
689 2785 748 2821 est
765 2780 935 2819 absurdi:
979 2793 1063 2818 nam
1085 2782 1186 2832 quod
1205 2782 1304 2820 idem
1325 2780 1474 2821 Peleum
1494 2781 1657 2831 Astyda-

191 2851 275 2879 mea
291 2839 514 2879 abstinuisse
529 2839 601 2886 ait,
627 2851 708 2879 eam
727 2838 907 2879 Pindarus
923 2838 960 2877 in
981 2837 1135 2880 Nemeis
1151 2838 1391 2892 Hippolytam
1407 2839 1657 2889 Cretheidem‚
