1916 3210
713 140 1163 186 ANNOTATIONES.
1569 139 1596 185 7
1604 140 1632 185 9
1641 139 1663 184 1

196 258 302 301 ,oute
329 254 501 296 zonam
534 254 663 294 itidem
698 258 738 293 ut
772 258 899 295 noster
934 254 1072 303 habet,
1119 252 1355 304 respondisse
1390 249 1592 291 Eudociam
1628 264 1669 290 se

197 309 243 356 tri
271 314 404 365 μῆλον
431 312 647 352 comedisse.
705 311 808 362 quod
826 312 876 351 de
893 323 963 351 ove
980 322 1198 363 responsum
1217 310 1299 360 quis
1318 306 1475 348 credat‘?
1511 312 1550 347 et
1566 308 1666 358 apud

197 369 450 423 Nicephorum
468 372 556 421 post
576 382 607 408 c.
626 367 682 411 49
705 368 775 407 hoc
793 367 912 419 ipsum
933 370 1063 420 μῆλον
1085 365 1214 420 ἔριδος
1232 365 1462 418 appellatur,
1487 368 1533 409 ,ut
1551 369 1610 404 est
1628 364 1666 402 in

197 427 366 478 margine
391 429 631 472 annotatum
657 429 699 465 et
722 425 770 464 ab
797 424 909 463 Eride
932 425 1044 464 fuisse
1070 436 1219 476 pomum
1238 424 1276 462 in
1294 421 1431 475 nuptiis
1454 420 1555 461 Pelei
1577 434 1666 473 pto-

196 483 381 536 positum,
407 486 535 521 notum
554 486 623 521 est.
679 484 790 532 atque
811 482 859 520 ab
884 494 957 522 ove·
972 482 1028 527 ad,
1041 494 1188 533 pomum
1210 478 1458 530 ambiguitatis
1477 478 1667 518 occasione

197 541 327 580 iusim
353 543 536 579 auctorem
566 550 642 577 non
673 538 783 578 valde
806 538 949 577 videtur
969 536 1176 590 probabile.
1234 538 1283 575 de
1305 549 1350 575 eo
1372 535 1594 578 monendum
1613 534 1666 574 le-

197 602 338 638 ctorem
357 595 470 643 duxi,
497 608 547 635 ne
566 594 745 635 menullo
765 594 916 635 consilio
936 607 961 634 a
981 593 1194 647 Nicephoro
1214 593 1351 632 Latino
1372 593 1556 631 diversum
1575 591 1667 630 scri-

337 655 459 705 putet.
512 652 606 690 er..

310 723 351 762 p.
375 707 458 750 593
490 721 523 745 v.
551 711 589 749 3.
647 720 729 749 εαο,
745 706 944 759 syncello]
988 707 1020 746 is
1054 708 1144 757 fuit,
1180 706 1251 746 nisi
1280 704 1408 755 fallor,
1448 703 1665 744 Anastasius

191 766 412 820 presbyter,
438 765 541 810 cuius
569 776 655 803 mox
681 766 818 803 mentio
846 765 900 803 fit.
957 764 1047 815 quid
1067 765 1116 803 sit
1137 762 1337 814 syncellus,
1367 763 1487 814 prima
1505 765 1665 801 annota-

197 825 304 866 tione
326 821 448 867 «lociu-
504 821 596 861 haec
622 825 746 860 autem
775 821 924 860 historia
948 822 986 860 in
1014 821 1141 861 codice
1163 821 1253 859 satis
1275 823 1332 859 est
1354 819 1505 858 confuse
1524 822 1561 856 et
1579 831 1666 857 con-

195 881 285 924 cire.
327 878 486 925 ‚utiliter
518 878 620 929 leges
648 879 748 916 iuxta
777 878 965 918 Socratem
997 879 1024 920 7
1054 879 1108 920 32
1137 882 1176 916 et
1207 878 1400 928 deinceps,
1442 889 1487 914 ac
1514 875 1668 924 Euagrii

198 937 225 977 L
250 939 287 978 1.
312 935 406 975 xxa..
462 939 504 978 ut
531 936 581 974 de
605 933 798 985 syncello,
824 935 1027 986 potioribus
1051 935 1091 973 iu
1119 934 1229 974 alium
1254 934 1374 972 locum
1402 931 1548 982 dilatis,
1578 931 1667 970 nihil

198 994 260 1042 hic
290 996 428 1037 temere
455 992 698 1040 obtrudatur,
727 1005 853 1031 vocem
881 987 1092 1044 σύγκελλος
1122 990 1311 1042 diguitatis
1331 994 1371 1029 et
1393 989 1563 1037 honoris,
1591 1001 1667 1027 non

189 1049 312 1096 officii
338 1052 467 1093 uotam
493 1061 576 1089 esse
599 1061 836 1096 commone03
868 1061 1026 1100 eumque
1048 1048 1119 1086 hoc
1145 1046 1248 1086 titulo
1267 1046 1492 1099 patriarchas
1514 1045 1667 1095 insigni-

187 1107 322 1156 ssime,
345 1118 456 1158 quem
478 1105 615 1158 privati
633 1106 820 1144 convictus
840 1105 1028 1156 sodalem,
1057 1105 1166 1144 animi
1186 1105 1243 1142 sui
1261 1103 1465 1149 conscium,
1494 1103 1531 1140 in
1550 1115 1666 1153 nego-

125 1160 128 1166 *
187 1164 259 1204 ai·
285 1162 577 1213 consiliatorem,
613 1162 762 1214 spiritus
793 1163 1033 1211 directorem,
1062 1175 1085 1200 a
1114 1159 1401 1201 confessionibus
1425 1162 1591 1211 patrem,
1622 1172 1668 1197 ac

188 1219 443 1260 ,idoowlarium
473 1218 675 1259 eorundem
705 1224 915 1258 consortem
941 1223 980 1258 et
1008 1218 1306 1257 concellaneum
1341 1215 1525 1267 (κελλίον
1556 1215 1667 1264 enim,

200 1281 242 1316 ut
261 1277 334 1316 iam
355 1275 482 1327 leges,
509 1274 612 1314 cella
632 1277 715 1325 est)
745 1276 783 1314 in
800 1276 1076 1315 contubernium
1093 1275 1345 1314 admitterent.
1401 1273 1486 1311 hinc
1502 1272 1669 1311 Nestorii

187 1332 379 1385 -syncellun
413 1334 484 1372 iste
514 1331 731 1372 Anastasius
764 1333 956 1384 presbyter
983 1334 1031 1371 ab
1049 1332 1219 1383 ⁸Euagrio
1248 1332 1281 1372 6ι
1304 1333 1355 1380 2,
1383 1333 1422 1369 et
1446 1331 1567 1367 fautor
1588 1329 1667 1368 eius
1745 1335 1747 1337 ’

198 1390 418 1439 necamus,
446 1389 568 1429 eidem
591 1389 640 1427 ad
663 1389 912 1441 episcopatum
935 1389 1182 1440 proficiscenti
1204 1400 1326 1427 comes
1349 1386 1544 1427 adiunctus
1561 1398 1670 1424 enar-

186 1451 326 1496 ratum
350 1451 391 1487 et
416 1451 461 1486 ut
483 1445 684 1498 syncellus
715 1447 912 1498 deinceps,
942 1447 1096 1485 Socrate
1118 1449 1144 1488 7
1175 1447 1229 1489 32
1257 1448 1375 1492 teste,
1404 1445 1535 1495 συνῆν
1555 1437 1670 1496 αὐτῷ

197 1498 456 1552 Ἀναπᾶσιος
483 1499 770 1557 πρεσβύτερος,
801 1501 886 1555 ἅμα
917 1498 1027 1558 αὐτῷ
1058 1501 1103 1543 ἐκ
1129 1503 1202 1553 τῆς
1232 1496 1472 1552 Ἀντιοχείας
1500 1498 1668 1547 σταλείς.

187 1557 437 1611 cosmae&
466 1561 586 1612 τιμῆς
614 1555 692 1611 εἶχε
722 1561 895 1610 πολλῆς,
933 1558 1001 1600 καὶ
1032 1557 1075 1599 ἐν
1103 1562 1187 1606 τοῖς
1216 1552 1424 1610 πράγμασι
1453 1551 1669 1610 συμβούλῳ

196 1616 360 1671 miro..
420 1629 517 1668 quae
549 1616 637 1656 alibi
665 1616 718 1655 de
739 1615 900 1667 syncello
930 1630 971 1656 se
1000 1615 1301 1655 animadvertisse
1325 1616 1453 1652 monet
1476 1613 1670 1663 Xylander

199 1675 391 1726 superflua
414 1677 501 1712 sunt
525 1677 565 1713 et
594 1672 677 1728 ¹⁰⁶9
700 1673 917 1724 incongrua.
975 1685 1051 1724 qua
1086 1673 1246 1723 namque
1273 1671 1416 1710 ratione
1440 1669 1670 1723 patriarchae

183 1732 329 1772 -suisset
355 1743 544 1773 successor
569 1729 808 1780 designatus,
837 1731 900 1781 qui
931 1742 1006 1768 non
1040 1730 1232 1777 successit,
1270 1727 1409 1778 quique
1436 1739 1511 1765 non
1544 1739 1567 1764 a
1596 1738 1670 1778 pa-

184 1787 360 1829 ·triarcha
387 1788 456 1826 sed
483 1787 536 1826 ab
558 1787 779 1837 imperatore
805 1786 926 1826 throni
953 1785 1131 1840 pontificii
1156 1785 1284 1827 haeres
1305 1784 1449 1823 solebat
1470 1789 1557 1824 tuuc
1576 1786 1670 1822 tem-

198 1845 301 1898 poris
322 1841 531 1883 enuntiari?
587 1843 724 1881 Gon.
1031 1887 1033 1889 Ι

310 1899 365 1940 ib.
378 1913 414 1941 v,
425 1902 467 1942 7.
505 1899 722 1951 Augustae
739 1897 1014 1951 scholasticus]
1038 1898 1162 1938 rhetor
1175 1897 1387 1950 Nicephoro
1404 1896 1458 1940 14
1482 1897 1548 1938 32.
1575 1895 1669 1933 Xu.

182 1972 222 2003 ,ο
245 1954 496 1997 scholaribus
518 1955 712 2007 Augustae
735 1956 866 2001 domus
887 1956 1101 1996 custodibus
1125 1967 1231 1994 unus.
1291 1955 1340 1993 de
1367 1953 1509 1992 Scholis
1536 1951 1669 1991 Panei-

198 2015 313 2056 roilus
333 2015 383 2054 ad
402 2013 583 2054 Notitiam
600 2014 744 2065 imperii
766 2027 798 2052 c.
814 2015 882 2055 63.
939 2012 1078 2051 Gon.

313 2070 368 2110 ib.
385 2083 422 2112 v.
438 2071 507 2114 11.
567 2069 759 2122 Proclus]
791 2068 915 2120 Cyzici
937 2069 1008 2108 fuit
1035 2068 1250 2120 episcopus,
1275 2069 1315 2106 et
1330 2066 1502 2117 Byzantii
1518 2065 1669 2105 honoris

200 2128 334 2180 (puto)
353 2141 468 2168 causa
480 2127 685 2166 orationem
703 2139 843 2166 sacram
862 2127 911 2165 ad
928 2124 1102 2178 populum
1118 2125 1267 2170 habuit,
1292 2124 1464 2175 praeside
1481 2121 1669 2163 Nestorio.

199 2186 285 2225 vide
320 2184 519 2236 Nicephor.
578 2185 677 2223 idem
714 2184 763 2224 de
798 2182 963 2222 Eusebio
994 2181 1147 2234 Dorylai
1173 2181 1368 2233 episcopo,
1407 2179 1465 2236 '14
1504 2179 1572 2222 47.
1629 2182 1669 2218 et

197 2242 382 2294 Euagrius
412 2243 436 2282 1
465 2243 507 2282 9,
560 2241 656 2283 Xa.
1365 2284 1371 2288 ι

312 2311 350 2350 p.
369 2295 452 2341 594
469 2310 504 2336 v.
521 2295 561 2340 4.
618 2309 777 2334 sacram
803 2294 1031 2346 epistolam]
1058 2295 1110 2333 sic
1135 2293 1328 2344 aliquoties
1352 2294 1527 2331 vocantur
1548 2290 1670 2329 edicta

180 2357 465 2408 ›imperatomm
488 2354 538 2393 de
565 2353 675 2392 rebus
698 2352 964 2392 ecclesiasticis.
1022 2354 1061 2392 in
1079 2350 1332 2391 ecclesiasticis
1348 2349 1510 2389 historiis
1529 2346 1668 2387 divales

199 2425 322 2452 sacras
339 2411 520 2451 nominari
539 2423 602 2450 eas
620 2410 822 2448 observavi.
877 2409 971 2448 Xn..

311 2482 351 2522 1>-
367 2467 452 2511 595
470 2480 506 2508 v.
527 2467 593 2509 16.
650 2465 758 2507 Oasis
779 2466 816 2504 in
835 2464 971 2504 Arabia
988 2468 1055 2504 est.
1094 2463 1270 2502 Zonaras.
1326 2462 1422 2502 er..

311 2538 351 2578 p.
379 2524 464 2568 598
502 2537 538 2563 v.
569 2520 633 2564 14.
690 2523 733 2562 in
772 2520 971 2574 Anaplo]
1012 2521 1077 2561 CP
1113 2520 1192 2560 loco
1234 2521 1289 2559 ita
1328 2523 1473 2558 vocato.
1530 2516 1667 2555 GoAn.

199 2577 408 2630 ἆνᾶπλους
439 2581 620 2632 interpres
651 2579 851 2631 Nicephori
882 2579 1074 2617 transitum
1101 2578 1236 2627 vertit,
1284 2576 1335 2618 15
1374 2577 1442 2618 22.
1515 2575 1668 2626 apparet

178 2639 314 2679 -suisse
336 2638 547 2678 suburbium
572 2634 743 2690 Cpoleos.
799 2636 891 2674 Xu.

312 2709 351 2747 p.
378 2695 461 2738 599
492 2707 526 2740 v.
554 2695 596 2735 9.
653 2687 932 2744 φοιδεράτων]
972 2685 1204 2743 φοιδερᾶτοι
1238 2680 1366 2743 ἤγουϋ
1398 2683 1666 2735 ὖπόσπονδοι,

176 2724 180 2781 ἰ
200 2751 327 2790 scribit
348 2750 644 2802 Harmenopulus
669 2749 692 2788 l.
710 2747 737 2791 4
764 2751 823 2790 tit.
846 2751 911 2791 12.
971 2748 1019 2787 de
1045 2748 1178 2798 quibus
1204 2745 1384 2798 Rigaltius
1410 2746 1448 2784 in
1475 2744 1667 2783 Glossario

201 2808 376 2859 Tactico,
408 2811 445 2848 et
462 2807 640 2847 lordanus
657 2806 706 2847 de
721 2807 830 2847 rebus
848 2806 992 2848 Germ:
1022 2803 1120 2843 dum
1127 2803 1450 2857 famosissimam
1471 2802 1669 2841 Constan-
