1916 3210
768 98 1053 184 msror'm.
1243 157 1250 162 ·
1540 136 1640 185 677

0 0 43 311 ἶ
172 258 263 308 ταῖς
275 248 445 312 ’λόγχαις
462 251 708 312 ἀναιροῦσιν.
757 251 779 298 ὃ
795 253 987 310 βασιλεὺς
1007 253 1052 298 δέ
1070 246 1238 304 τοότους
1256 248 1511 309 θεασάμενος
1526 257 1639 311 πρῶ-

0 313 30 332 w
171 339 243 380 τος
264 323 498 388 διανέστησε
518 321 690 386 πρώτως
705 323 801 375 τοὺς
821 321 1074 382 στρατιώτας
1095 324 1151 373 εἷς
1172 322 1321 374 δίωξιν.
1380 322 1426 364 οἳ
1451 323 1495 365 δὲ
1520 321 1639 380 φθά-

0 412 2 418 ’
24 394 30 407 ”
173 408 317 443 σαντες
341 393 504 452 ἐξαισίῳ
532 390 675 451 δρόμῳ
701 397 783 436 τῶν
805 393 941 436 ἰ’ππων
961 395 1018 443 εἰς
1034 391 1081 436 τὸ
1102 393 1246 434 οἴκεῒον
1263 387 1537 449 στρατόπεδον
1555 392 1638 434 διε-

0 339 32 590 ἓ
172 458 374 517 σώθησαν
374 491 492 504 .....
559 468 741 516 κατεῖχον
768 461 812 504 δέ
837 465 958 504 τοῦτο
988 461 1220 519 Σαρακηνοὶ
1244 458 1314 502 τὸν
1336 457 1491 503 ἑαυτῶν
1511 477 1639 518 στρα-

138 526 294 586 ιὅτηγὸν
329 528 598 582 ἐξελάσαντες.
664 529 770 585 πλὴν
808 529 913 572 ἀλλὰ
951 530 1019 572 καὶ
1057 527 1178 571 πάλιν
1208 525 1425 586 φεύγουσιν
1451 528 1490 572 οῗ
1517 532 1637 572 τοῦτο

0 580 33 694 ἒ
171 595 473 656 φυλάσσοντες,
515 599 582 641 καὶ
619 602 679 656 τῷ
709 602 876 652 βασιλεῖ’
905 597 951 641 τὸ
985 599 1130 641 οἲκεῖον
1161 595 1406 649 ἀνασώζεται
1441 595 1637 652 πόλισμα.

0 667 33 719 ·›.ss'
170 666 358 726 φρουρὰν
384 661 456 710 οὖν
479 667 521 710 ἓν
550 666 663 725 αὐτῷ’
688 666 830 721 βαλών
857 668 924 709 καὶ
957 664 1134 722 σιτήσεις
1162 664 1408 724 ἂποχρῶσας
1436 665 1636 709 ἔναποθὲ-

0 743 24 808 ζ
167 751 314 790 μενος,
359 733 492 779 πάντα
523 734 576 778 τὰ
607 739 665 794 τῷ
696 739 826 794 καιρῷ·
856 733 1075 793 πρόσφορα
1109 732 1333 786 διετάξατο.
1401 734 1472 776 ἐπ’
1509 734 1637 777 αὐτοῦ

0 806 25 825 ”’
167 805 302 847 τοίνυν
329 807 406 847 τοῦ
429 803 632 858 βασιλέως
659 802 834 861 ἤρξαντο
861 802 1054 858 Ῥωμαῖοι
1083 803 1426 861 ἀντοφθαλμίζειν
1446 805 1512 845 καὶ
1532 802 1634 860 πρὸς
1656 812 1688 848 D

117 879 160 914 10
171 870 217 915 τὸ
247 870 524 928 γενναιότατον
553 872 768 930 ἀναφέρειν
788 869 909 928 λόγον
927 874 996 916 καὶ
1014 873 1284 916 συνίστασθαι
1299 870 1402 929 πρὸς
1418 870 1637 924 ἀντίθεσιν,

167 941 260 984 ἐπεὶ
280 938 334 984 ‘coi
362 956 406 997 γε
435 940 540 984 κατὰ
567 940 664 992 τοὺς
691 945 900 998 προσεχῶς
922 939 1265 996 βασιλεύσαντας,
1289 939 1394 996 πλὴν
1414 940 1638 991 ἐπιδείξεως

167 1007 296 1065 μόνης
321 1011 390 1052 καὶ
418 1008 606 1066 πλήθους
635 1013 894 1066 συναγωγῆς,
923 1010 965 1052 ἓν
995 1009 1126 1054 οὗδενὶ
1153 1013 1358 1067 καρτερῶς
1376 1009 1480 1066 πρὸς
1500 1006 1637 1063 μάχην

167 1078 440 1136 συνέρραξαν,
469 1076 525 1130 ὥς
555 1076 655 1121 εἶναι
681 1079 804 1134 δῆλον
831 1076 892 1121 ὅτι
919 1082 994 1122 τοῦ
1013 1077 1208 1135 ἡγεμόνος
1226 1079 1334 1121 ἐστὶν
1351 1075 1407 1127 ὡς
1426 1078 1570 1120 ε’πίπαν
1585 1077 1633 1119 τὸ

167 1145 499 1205 κατορθούμενον
529 1148 571 1189 ἓν
602 1151 702 1190 πᾶσι
732 1153 817 1197 τοῖς
846 1145 1072 1204 πράγμασι.
1141 1148 1329 1190 κάκεῖθεν
1357 1145 1415 1201 μὴ
1448 1146 1639 1201 δυνηθεὶς

114 1213 190 1262 1,δῦ
207 1215 402 1270 βασιλεὺς
433 1217 490 1266 εἲς
515 1214 756 1271 Ἀντιόχειαν
790 1215 982 1259 ἀπελθεῖν
1022 1216 1391 1274 (προκατείργαστο
1423 1213 1501 1272 γὰρ
1532 1217 1640 1272 λιμῷ

165 1301 209 1328 τε
237 1285 308 1326 καὶ
327 1282 502 1328 κακώσει
528 1285 711 1342 πολλῇ),
739 1282 922 1342 ὑπερβὰς
953 1284 1139 1335 αὐλῶνας
1164 1286 1230 1328 καὶ
1262 1280 1498 1340 κλεισούρας
1526 1282 1640 1333 τινὰς

166 1351 470 1405 ἃδιεξοδεῦτους
510 1355 568 1404 εἰς
604 1350 722 1396 πόλιν
762 1357 836 1409 τῆς
872 1354 1060 1404 Κιλικίας
1095 1352 1312 1410 λεγομένην
1336 1352 1638 1409 Ἀλεξανδρῶνα

165 1426 366 1483 καταντᾷ,
398 1421 558 1464 κάκεῖσε
582 1421 652 1464 τὸν
673 1420 841 1479 χάρακα
869 1419 1065 1478 πήγνυσι,
1098 1424 1166 1465 καὶ
1192 1421 1264 1464 τὸν
1285 1425 1450 1478 Ταῦρον
1471 1419 1517 1464 τὸ
1541 1419 1637 1478 ι’)’ρος

164 1488 348 1548 ὕπερβὰς
389 1494 643 1550 πανστρατιᾷ
688 1488 893 1544 εἰσβάλλει
927 1495 977 1548 τῇ
1016 1489 1240 1546 Ῥωμαίων.
1319 1487 1548 1544 ἐντυχόντες
1586 1488 1629 1531 δ’
1656 1496 1685 1531 Ρ
1707 1495 1774 1531 829

58 1615 60 1617 ‚
110 1558 317 1618 Ξθᾶθρόοι
346 1556 487 1610 τόποις
523 1565 702 1617 ψυχροῖς
742 1560 785 1610 ἐξ
827 1557 931 1615 ἄγαν
968 1559 1156 1602 ἀλεεινῶν
1186 1560 1255 1602 καὶ
1284 1561 1452 1615 θερμῶν
1481 1560 1636 1612 πολλῆς

163 1631 396 1684 μεταβολῆς
432 1626 635 1686 ᾔσθοντο·
682 1626 747 1671 διὸ
790 1628 858 1670 καὶ
897 1626 1111 1686 ἅνθρωποι
1150 1628 1292 1670 πολλοὶ
1325 1626 1535 1669 ἀπέθανον
1564 1627 1634 1668 καὶ

165 1699 249 1756 ζῷα
274 1696 407 1740 πολλὰ
436 1697 711 1753 ἔναπέψυσαν.
778 1694 952 1748 ἐξιόντος
987 1698 1030 1740 δὲ
1058 1701 1132 1740 τοῦ
1160 1695 1361 1751 βασιλέως
1393 1694 1450 1745 εἴς
1477 1712 1516 1738 τι
1545 1711 1633 1750 χιο-

166 1763 254 1826 ρίον
301 1769 375 1822 τῆς
417 1767 643 1809 Ποδανὸοὕ
690 1763 954 1824 κλεισούρας,
1006 1767 1050 1808 Γ
1043 1763 1210 1823 υτάριον
1245 1762 1632 1819 κατονομαζόμενον,

162 1897 402 1942 interficiuutg
427 1907 515 1943 quos
538 1895 761 1944 conspicatus
784 1897 977 1943 imperator
998 1897 1129 1944 primus
1152 1895 1270 1931 statim
1294 1894 1421 1929 milites
1445 1894 1489 1929 ad
1510 1905 1633 1941 perse-

127 1974 131 1979 .
162 1945 323 1990 quendos
345 1955 408 1979 eos
427 1943 604 1978 incitavit.
652 1954 773 1978 verum
795 1943 849 1978 illi
869 1949 1080 1990 occupantes
1105 1941 1324 1977 velocissimo
1345 1952 1509 1985 equorum
1530 1951 1633 1974 cursu

163 1991 201 2026 in
222 2002 288 2026 sua
309 1996 427 2035 cestra
447 1989 637 2024 incolumes
661 2001 701 2024 se
723 2001 912 2035 recepere,
939 1990 1001 2033 (et
1024 1989 1120 2023 illinc
1142 1987 1294 2034 profecti
1316 1994 1413 2021 recta
1435 1987 1479 2020 ad
1502 1985 1633 2020 Artach

161 2037 442 2081 contenderunt)
469 2035 563 2081 quod
586 2047 606 2070 ο
633 2035 751 2081 pidum
775 2035 918 2090 expulso
939 2035 1083 2082 proprio
1110 2034 1198 2068 duce
1220 2033 1426 2068 obtinebant
1450 2030 1633 2066 Saraceni.

161 2087 401 2119 verumtamen
430 2092 567 2117 rursum
615 2081 739 2127 ugiunt
769 2093 829 2127 qul
861 2081 945 2116 illud
973 2082 1198 2124 tutabantur,
1234 2084 1270 2114 et
1299 2077 1503 2123 imperatori
1534 2087 1633 2111 suum

161 2133 366 2165 reservatur
395 2127 615 2182 oppidulum,
649 2127 687 2161 in
719 2138 787 2172 quo
819 2127 998 2174 praesidio
1026 2125 1192 2171 imposito
1225 2131 1260 2159 et
1288 2124 1416 2158 idoneo
1441 2127 1634 2157 commeatu

162 2174 280 2210 emnia
309 2178 460 2220 tempon
492 2184 537 2219 op

162 2220 312 2256 Romani
343 2220 510 2255 audacter
536 2185 656 2253 gestes
677 2218 808 2254 intueri
832 2224 867 2253 et
890 2218 1032 2254 virtutis
1054 2229 1223 2252 memores
1247 2229 1327 2251 esse
1350 2227 1391 2250 ac
1414 2214 1632 2250 strenuitatis

161 2266 335 2303 rationem
358 2265 490 2300 habere
513 2270 549 2300 et
570 2263 729 2299 adversis
753 2265 966 2310 consistere,
997 2262 1275 2310 quandoquidem
1299 2261 1541 2308 superioribus
1566 2260 1631 2294 im-

161 2311 404 2360 peratoribus,
426 2310 487 2357 qui
530 2309 664 2344 roxime
680 2316 932 2356 regnaverant,
956 2322 1025 2345 una
1045 2314 1192 2356 excepta
1208 2308 1441 2344 ostentatione
1460 2311 1495 2342 et
1512 2309 1635 2341 coacta

162 2357 406 2403 multitudine,
439 2355 498 2391 nul
513 2368 533 2391 a
554 2355 592 2390 in
615 2367 656 2391 re
677 2356 790 2392 fortes
814 2368 852 2391 se
875 2357 918 2391 ad
943 2368 1093 2402 pugnam
1125 2356 1382 2401 praebuerant3
1414 2353 1466 2388 ita
1488 2359 1528 2387 ut
1550 2363 1632 2398 per—

162 2404 321 2453 spicuum
343 2403 394 2439 sit
414 2402 514 2438 ducis
535 2402 648 2448 ipsius
672 2413 750 2437 esse
771 2406 810 2437 ut
829 2403 1012 2448 plurimum
1043 2413 1249 2448 prosperum
1276 2412 1391 2436 rerum
1422 2409 1632 2434 successum.

162 2462 240 2488 cum
270 2461 356 2487 vero
386 2450 468 2484 inde
498 2460 569 2483 non
600 2447 775 2495 potuisset
804 2448 996 2495 imperator
1025 2447 1241 2483 Antiochiam
1277 2445 1408 2482 reverti
1446 2445 1632 2489 (confecta

162 2497 255 2534 enim
278 2501 359 2532 erat
378 2496 472 2531 fame
493 2494 670 2540 multaque
699 2494 934 2540 vexatione),
968 2494 1143 2542 superatis
1176 2493 1320 2528 saltibus
1358 2497 1393 2526 et
1425 2491 1629 2537 quibusdam

160 2544 318 2579 locorum
350 2540 522 2588 angustiis
551 2540 691 2575 minime
720 2540 855 2587 perviis
883 2541 928 2576 ad
954 2543 1076 2577 urbem
1097 2539 1242 2575 Ciliciae
1263 2538 1540 2574 Alexandronam
1564 2547 1629 2570 no-

162 2589 257 2625 mine
287 2600 327 2624 se
357 2587 507 2634 recipit,
542 2586 662 2633 ibique
693 2586 819 2622 vallum
851 2586 1055 2632 constituit,
1089 2592 1125 2621 et
1155 2590 1303 2621 montem
1334 2585 1488 2619 Taurum
1511 2587 1629 2617 trans·
1683 2599 1689 2602 -

161 2645 305 2682 gressus
339 2645 416 2670 cum
448 2633 541 2668 omni
571 2632 728 2668 exercitu
758 2633 795 2667 in
824 2633 1057 2668 Romanorum
1086 2632 1264 2678 regionem
1288 2631 1437 2666 invadit.
1485 2639 1630 2674 cumque

161 2680 315 2717 conferti
342 2681 380 2716 in
410 2679 487 2715 loca
507 2679 640 2726 frigida
662 2679 890 2714 devenissent
912 2691 955 2714 ex
980 2679 1161 2715 admodum
1182 2678 1312 2724 tepidis
1338 2683 1375 2711 et
1396 2676 1537 2720 calidis,
1572 2675 1627 2708 in-

161 2732 302 2774 gentem
333 2737 478 2762 sensere
507 2725 754 2770 mutationem,
793 2730 829 2760 et
858 2725 987 2761 iccirco
1017 2724 1172 2761 homines
1202 2724 1321 2771 plures
1350 2722 1562 2765 interibant,
1595 2724 1631 2754 et

161 2773 340 2820 complura
363 2771 554 2808 animantia
576 2772 620 2807 fri
649 2782 710 2806 ore
731 2772 892 2808 confecta
914 2777 1008 2808 sunt.
1053 2783 1130 2807 cum
1154 2782 1239 2806 vero
1263 2781 1426 2816 egressus
1449 2772 1542 2803 esset
1564 2767 1627 2801 im-

162 2825 307 2868 perator
340 2819 384 2856 ad
419 2818 590 2866 quendam
636 2829 732 2854 ocum
769 2818 1005 2866 angustiarum
1037 2817 1216 2864 Podandi,
1263 2816 1401 2852 nomine
1433 2812 1629 2860 Gytarium‚

565 2178 690 2207 ortuna
719 2173 906 2220 disposuit.
953 2173 1031 2219 ipso
1070 2171 1179 2217 igitur
1215 2171 1410 2216 imperante
1441 2172 1634 2214 coeperunt
