1890 3236
323 184 422 234 944
910 189 918 197 “
929 186 1175 232 FABROTI

323 297 519 350 principes.
575 294 822 346 Theophanes
849 295 897 335 de
914 296 1135 336 Iustiniana:
1175 293 1364 337 &smusv‘
1339 311 1360 338 o
1383 294 1566 364 βασιλεὺς
1582 295 1769 345 onmium,

323 353 390 394 καὶ
413 354 582 392 τοσαῦτα
602 351 722 391 ἔδωκε
739 347 917 403 χρήματα
936 364 1011 392 οσα
1031 350 1164 400 ουδεις
1182 351 1374 405 βασιλέων
1393 349 1630 402 vum-stione.
1658 356 1767 395 item:

323 409 483 459 ἐποίησε
510 405 553 447 δὲ
583 405 756 446 vinarium
787 406 856 447 καὶ
883 406 1024 460 ἔρριψε
1053 404 1232 462 χρήματα
1254 406 1394 449 πολλα.
1449 409 1660 449 Anastasius
1679 410 1767 450 bibl.

324 467 361 573 i§n
386 466 481 558 Illist¹
499 463 685 585 Ecc¹e{'i··
690 463 845 501 iactans
863 462 1079 502 liberaliter
1093 465 1314 517 bypatiam.
1373 467 1447 505 dixi
1464 467 1515 505 ad
1530 466 1770 520 Theophilum

373 526 434 559 ut.
455 535 468 557 ‹
483 534 502 558 e
523 533 583 559 rer
642 519 718 562 ivis

439 591 470 627 φ
484 591 508 614 α
518 579 539 615 λ
550 587 572 615 σ
582 590 599 615 ε
608 591 633 614 v
648 590 665 615 ε
677 590 691 615 ι
700 590 724 615 ν
750 575 895 623 falsare,
924 577 1143 618 adulterare.

439 647 470 682 φ
481 647 505 670 α
516 632 618 684 μιλ’
605 648 618 670 ι
631 648 655 671 α
683 632 832 674 familia.
885 633 1040 672 Achmes
1069 647 1098 672 c.
1119 634 1174 674 79
1205 629 1285 673 104
1314 634 1411 674 299.
1466 631 1745 685 Theophanes
1734 646 1772 672 m

327 687 526 727 Mauricio.
564 688 893 741 αἰχμαλωτίζομεν
913 686 982 736 τοὶς
1003 690 1193 740 φαμιλίας
1213 684 1360 728 αὐτῶν.

438 760 469 793 φ
482 760 539 783 αυ
551 760 572 795 ρ
583 760 597 784 ι
602 760 631 811 ,κ
644 745 659 784 ί
670 757 693 784 σ
704 760 717 784 ι
729 759 752 810 ⁰.
761 760 786 784 ι.
841 745 999 824 ‘explicat
1025 747 1105 812 ipse
1134 746 1323 784 Cedrenus
1346 758 1383 795 p.
1408 746 1511 786 168:
1539 745 1578 783 id
1600 748 1659 784 est
1666 772 1682 810 .’
1709 746 1774 795 qui

641 853 651 868 9
698 853 707 870 ἱ
759 860 777 869 -a
823 857 835 872 ⁹

438 928 469 962 φ
482 927 497 952 ε
509 911 564 952 λ’
541 929 560 953 ο
573 928 597 952 ν
610 927 623 952 ι
637 929 676 962 ς,
718 928 749 964 φ
762 910 838 953 ελ’
820 930 840 954 ο
849 930 873 953 ν
885 930 898 954 ι
910 930 930 954 ο
943 929 989 962 ν,
1029 915 1260 980 phenolium,
1295 886 1405 952 vestis
1431 912 1687 962 sacerdotalis,
1716 911 1773 951 vel

326 968 449 1007 casula
471 983 535 1008 seu
556 969 725 1020 planeta,
761 974 802 1008 ut
825 972 977 1009 tradunt
1005 972 1072 1008 viri
1097 971 1338 1010 eruditissimi.
1394 969 1526 1019 Ignatii
1550 968 1775 1019 patriarchae

329 1025 392 1062 ΟΡ
413 1027 540 1063 missus
561 1027 610 1063 ad
626 1025 816 1065 Nicolaum
835 1027 927 1077 Pap.
958 1023 1096 1077 ἱμάτιά
1124 1042 1164 1066 τε
1189 1025 1256 1067 καὶ
1283 1021 1459 1076 φελοόνια
1489 1021 1557 1064 καὶ
1578 1021 1774 1077 ἕγκόλπια.

328 1081 363 1118 b.
382 1082 626 1130 chrysostom.
647 1083 683 1119 in
705 1085 811 1133 epist
831 1086 857 1124 2
875 1083 923 1124 D.
943 1083 1045 1122 Pauli
1067 1084 1115 1121 ad
1133 1082 1297 1121 'limoth.
1315 1096 1345 1120 c.
1369 1081 1415 1122 5:
1460 1076 1619 1132 ἱμάτιον
1637 1081 1776 1120 ἐνταυ-

329 1141 387 1175 θα
408 1136 528 1188 λέγει,
562 1134 616 1184 ὥς
636 1137 739 1186 τινές
756 1151 875 1189 φασι,
905 1136 948 1179 τὸ
967 1135 1267 1205 γλωσσόκομον,
1298 1137 1399 1178 ἔνθα
1418 1153 1465 1177 τα
1486 1137 1619 1188 βιβλία
1637 1136 1774 1177 ἔκειτο.

327 1193 497 1231 falluntur
517 1195 578 1244 qui
599 1194 773 1246 φελόνην
794 1197 1079 1247 interpretantur
1096 1191 1370 1262 γλωσσόκομον
1390 1207 1454 1233 seu
1470 1193 1655 1233 arculam'
1646 1206 1683 1232 m
1702 1206 1776 1243 qua

328 1249 409 1288 iibri
433 1251 732 1289 recondebantur.
788 1253 874 1290 vide
892 1253 1042 1290 Suidam
1074 1253 1112 1289 in
1139 1248 1345 1302 φαινόλης
1366 1256 1405 1289 et
1425 1244 1620 1301 φενόλης,
1648 1249 1776 1288 Baisa-

328 1318 472 1344 monem
491 1308 539 1344 ad
559 1307 721 1344 concilia
737 1321 773 1358 p.
793 1309 874 1349 622
891 1320 933 1355 a,
978 1309 1171 1358 Hngonem
1190 1309 1404 1347 Menardum
1428 1308 1465 1344 in
1489 1306 1617 1344 librum
1640 1306 1775 1344 Sacra-

329 1367 534 1401 mentorum
552 1364 589 1399 S.
605 1363 776 1412 Gregmii
794 1377 915 1415 papae
934 1378 970 1414 p.
992 1367 1086 1412 318,
1115 1364 1342 1403 Meursium
1333 1377 1369 1401 ιιι
1391 1362 1579 1400 Glossario
1596 1362 1776 1400 Graecob.

329 1425 368 1458 et
393 1419 430 1455 in
451 1419 577 1469 primis
604 1414 895 1472 ’Λρχιερατικόν
919 1420 967 1461 D.
994 1422 1027 1458 Is
1031 1421 1122 1459 aacii
1143 1421 1317 1466 Haberti‚
1357 1420 1419 1470 qui
1439 1418 1486 1456 ob
1508 1419 1604 1456 vitae
1627 1418 1776 1468 integri-

328 1479 462 1522 tatem,
492 1476 710 1525 singularem
731 1477 903 1527 pietatem
916 1504 928 1524 ,
964 1481 1002 1515 et
1020 1490 1139 1515 rerum
1161 1483 1236 1515 tam
1257 1477 1456 1514 divinarum
1473 1487 1582 1524 quam
1603 1474 1777 1513 humana-

330 1543 409 1568 rum
430 1532 596 1569 notitiam
614 1544 790 1571 summam
808 1534 855 1571 ad
870 1533 977 1585 primi
994 1533 1130 1572 ordinis
1147 1533 1388 1572 sacerdotium
1407 1531 1611 1583 promoveri
1633 1532 1776 1578 meruit,

329 1600 370 1638 1)-
395 1589 447 1629 23
470 1592 508 1625 et
527 1589 595 1629 38

443 1637 784 1694 φλαμούλιον,
813 1640 1137 1694 φλάμουλον,
1166 1644 1370 1688 fiamulum,
1400 1642 1566 1693 signum,
1595 1641 1775 1680 vexillum.

331 1697 594 1748 Theophanes:
623 1698 689 1738 και
713 1695 936 1751 ἐπεράσασα
953 1715 1000 1739 τα
1017 1714 1056 1739 τε
1075 1694 1310 1763 φλάμουλα.
1326 1699 1405 1737 Leo
1417 1698 1526 1737 Tact.
1543 1712 1575 1737 c.
1596 1700 1647 1740 12
1664 1695 1686 1750 ξ
1703 1698 1777 1740 54·

330 1754 371 1794 ἐν
402 1753 443 1792 δὲ
472 1771 524 1794 τω
551 1757 677 1808 καιρῶ
701 1757 772 1806 τῆς
801 1753 926 1807 μάχης
952 1753 1161 1806 φλάμουλα
1188 1751 1376 1808 κοντᾶρια
1399 1751 1450 1807 μὴ
1477 1753 1682 1821 ἐχέτωσαν.
1739 1759 1778 1793 et

330 1824 363 1848 c.
386 1811 436 1851 19
466 1808 487 1862 ᾗ
511 1812 585 1853 40.
626 1796 727 1852 εἶναι
758 1808 801 1851 δὲ
832 1815 995 1864 σημεῖον
1025 1809 1235 1865 ἱστάμενον
1259 1811 1301 1852 ἐν
1325 1813 1381 1865 τῷ
1405 1813 1463 1865 σῷ
1484 1806 1672 1863 ὀρόμονι,
1702 1810 1778 1850 ειτε

331 1864 483 1918 βάνδον
506 1866 580 1906 εἰτε
603 1864 845 1934 φλάμουλον.
902 1868 1056 1907 Glossae
1074 1868 1272 1907 Nomicae.
1311 1852 1544 1919 φλαμόυλον
1562 1865 1592 1919 ἦ
1615 1863 1777 1936 σημαιοῖ.

332 1924 436 1960 item:
447 1921 788 1991 φλαμβουλοὶριοι
812 1921 893 1977 (ἴσ.
917 1921 1212 1976 φλαμουλοὶριοι
1243 1929 1306 1963 aut
1341 1922 1687 1988 φλαμπουλάριοι)
1720 1937 1779 1963 ων

332 1977 396 2019 ἐπὶ
415 1981 486 2030 τῆς
510 1976 635 2031 όῖκρας
652 1983 724 2020 τοῦ
744 1977 908 2032 δόρατος
934 1982 1099 2031 φοίνικα
1129 1977 1232 2033 ῥάκη
1262 1977 1508 2030 ἐξήρτηνται.
1565 1981 1618 2017 sic
1642 1976 1779 2030 φλάμ-

330 2050 483 2086 πουρον
508 2037 606 2087 apud
623 2042 806 2075 auctorem
826 2038 881 2075 Co
884 2050 996 2076 ronae
1013 2038 1210 2089 pretiosae,
1232 2043 1268 2075 et
1291 2033 1496 2087 βασιλικον
1514 2033 1780 2086 φλάμπουρον

330 2093 431 2140 apud
456 2091 646 2130 Nicolaum
670 2093 869 2143 Rigaltium
899 2094 1074 2131 Glossarii
1108 2094 1351 2137 rnixobarbari
1373 2107 1410 2145 p.
1430 2095 1525 2133 201.
1581 2091 1779 2131 Modestus

332 2148 397 2195 (in
419 2160 491 2185 mss
515 2148 656 2187 Tullius
683 2150 730 2187 de
755 2163 795 2188 re
821 2150 989 2199 militari)
1020 2151 1069 2188 de
1092 2151 1218 2190 vocab.
1249 2150 1301 2188 rei
1322 2150 1422 2187 milit.
1445 2149 1540 2200 quia
1562 2147 1678 2194 velis,
1705 2147 1780 2185 Ιιοο

333 2210 389 2240 est
412 2204 615 2253 flamalis.
676 2207 728 2243 sic
753 2206 885 2255 legitur
915 2207 951 2244 in
982 2207 1119 2245 eisdem
1148 2219 1222 2244 mss
1248 2211 1360 2255 atque
1392 2206 1444 2243 ita
1476 2205 1671 2254 legendum
1705 2204 1780 2243 Ve-

334 2261 421 2309 getii
444 2260 467 2298 l.
486 2263 513 2301 2
534 2274 567 2300 c.
595 2265 638 2310 1,
684 2274 760 2300 nou
782 2261 1055 2311 flammeolis,
1100 2267 1143 2300 ut
1168 2263 1235 2301 viri
1266 2262 1364 2300 docti
1393 2262 1644 2314 reponendum
1667 2264 1780 2314 puta-

334 2316 435 2354 bant.

446 2372 757 2425 φοιδερᾶτοι
795 2373 986 2413 foederati.
1041 2373 1239 2441 Procopius
1261 2373 1346 2412 beni
1371 2371 1487 2411 Goth.
1510 2385 1550 2423 p.
1570 2369 1671 2413 324:
1711 2369 1778 2411 xa}

335 2427 567 2495 φοιδερατοι
595 2428 870 2481 ἐπικληθέντες
901 2426 1060 2481 (ου’τως
1086 2427 1161 2482 γαρ
1182 2424 1328 2477 αὐτους
1346 2425 1434 2469 τότε
1452 2428 1640 2467 Λατίνων
1660 2429 1781 2498 φωνῇ

335 2480 524 2524 ἐκάλεσαν
540 2483 743 2536 Ῥωμαῖοι,
771 2485 898 2526 ἐκεῖνο
918 2482 1029 2536 οἶμαι
1046 2486 1381 2536 παραδηλοῦντες,
1410 2481 1471 2525 ὅτι
1491 2482 1542 2535 δή
1569 2480 1640 2535 οὐχ
1659 2482 1782 2536 ησση-

337 2539 449 2592 μένοι
467 2555 599 2580 αυτων
619 2557 672 2581 τω
691 2540 849 2596 πολέμῳ
874 2537 1036 2589 Γότθοι,
1069 2538 1150 2581 ἀλλ’
1173 2541 1238 2611 ἐπεὶ
1258 2537 1479 2593 ξυνθήκαις
1497 2539 1599 2581 τισιν
1619 2539 1781 2580 ἔνσπον-

337 2597 401 2636 δοι
426 2595 605 2662 {ysvonvto
625 2599 751 2647 σφίσι.
799 2598 966 2649 φοιδερα
983 2602 1153 2638 Λατῖνοι
1175 2613 1245 2645 τας
1264 2598 1307 2638 ἐν
1326 2596 1485 2650 πολέμῳ
1502 2599 1670 2637 καλοῦσι.
1688 2597 1782 2645 ξυν-

335 2648 490 2700 θήκας,
519 2649 647 2704 ὥσπερ
667 2669 734 2704 μοι
754 2653 978 2706 ἔμπροσθεν
1000 2650 1214 2705 δεδήλωται
1231 2649 1384 2707 λόγοις,
1411 2654 1503 2692 1ἰ1)ι·ο
1525 2653 1660 2692 sciiicet
1685 2656 1703 2693 1
1731 2653 1781 2691 de

337 2707 430 2745 bdlo
448 2708 569 2745 Vand.
588 2723 626 2760 p.
647 2710 739 2750 106.
796 2711 880 2748 vide
903 2711 1124 2748 Glossarium
1146 2710 1337 2749 Nomicum
1364 2712 1402 2748 in
1428 2706 1711 2762 φοιδεράτους,
1740 2711 1780 2746 et

337 2769 444 2801 notas
461 2765 578 2802 lacobi
597 2766 779 2803 Sirmondi
801 2768 850 2804 ad
868 2766 1024 2817 Apollin.
1042 2767 1231 2804 Sidonium
1250 2781 1287 2818 p.
1304 2769 1370 2807 30.

449 2814 626 2870 φὸλλις
663 2821 773 2859 follis.
831 2822 985 2861 Basilius
1016 2823 1054 2862 in
1082 2823 1345 2862 Grammatica:
1393 2816 1532 2873 φόλλις
1564 2836 1586 2861 ο
1623 2813 1779 2872 ὀβολός.
