1916 3210
342 222 440 271 548
811 219 1049 265 GEORGII
1081 216 1323 264 CEDRENI

339 353 458 393 μενος
491 338 541 391 τῇ
576 332 735 393 ἐξουσίᾳ
764 333 832 374 καὶ
863 330 938 387 τὴν
970 330 1166 374 ἀπουσίαν
1193 330 1448 389 κατατρέχων
1477 337 1551 378 τοῦ
1575 332 1789 390 Marum,

339 403 391 448 τά
419 421 461 446 τε
490 399 687 456 ἀνήκοντα
713 399 823 458 αὐτῷ
844 398 965 457 ἐδῄου
989 400 1056 441 καὶ
1079 397 1204 456 ἔκειρε
1220 401 1355 457 χωρία
1377 403 1444 443 καὶ
1467 403 1522 453 εἷς
1543 403 1617 460 τὴν
1639 401 1786 446 τούτου

339 472 473 526 κοίτην
503 468 645 523 ἀνέδην
679 466 898 525 ἐξύβρισεν.
967 465 1069 525 ἅπερ
1095 467 1238 518 ἐκεῖνος
1257 468 1299 510 ἓν
1314 468 1463 529 Ἰταλία
1484 467 1787 526 πυνθανόμενος

337 539 512 594 ἤσχαλλε
533 538 599 578 καὶ
621 536 815 593 διεπρίετο
836 540 894 594 τῷ
913 539 1052 594 θυμῷ.
1119 534 1210 593 ἄρτι
1239 535 1285 578 δὲ
1309 538 1376 578 καὶ
1403 539 1564 595 σπουδῇ
1587 541 1662 582 ‘coia‘
1683 535 1798 582 ‘Pm-.

338 610 468 664 μανοῦ
483 605 734 661 παραλυθεὶς
752 607 824 658 τῆς
838 603 966 658 ἀρχῆς
984 605 1051 645 καὶ
1067 609 1149 653 τοῖς
1166 607 1290 647 πᾶσιν
1310 604 1545 660 ἀπεγνωκὼς
1572 603 1689 663 (ᾔδει
1703 605 1783 664 γὰρ
1795 613 1815 648 5

339 673 396 725 ὥς
427 673 499 717 οὐκ
530 674 585 723 εἷς
609 671 786 728 χρηστὸν
810 671 920 729 αὐτῷ
938 669 1093 726 τέλοςῆ
1118 674 1172 721 εἰς
1192 669 1238 715 τὸ
1259 670 1479 725 Βυζάντιον
1498 671 1634 730 ἄφιξις
1650 675 1786 717 τελευ-
1819 693 1821 696 ’

337 741 476 797 τῆσει)
488 772 502 793 ,
535 740 610 790 τὰς
635 741 676 782 ἐν
699 739 848 799 Ἰταλίᾳ
873 738 1063 794 δυνάμεις
1089 739 1301 791 ἀνασείσας
1328 742 1395 783 καὶ
1423 741 1694 798 διαφθείρας,
1723 742 1787 783 δι-

335 808 509 865 ψώντων
534 812 614 851 τῶν
639 811 894 865 στρατιωτῶν
919 807 994 858 τὰς
1020 808 1164 858 οἰκείας
1184 809 1282 850 ἰδεῖν
1302 809 1521 864 πατρίδας,
1554 806 1660 852 ὅπλα
1677 808 1784 852 κατὰ

334 882 408 920 τοῦ
432 876 628 932 βασιλέως
655 882 764 918 κινεΐ.
829 877 898 918 καὶ
915 876 984 918 τὸν
1000 876 1073 930 μὲν
1090 876 1328 933 πεμφθέντα
1345 875 1537 930 διάδοχον
1555 874 1682 919 αὐτοῦ
1705 871 1785 932 (ἦν

195 957 225 989 Ρ
247 954 315 993 757
338 946 382 988 δὲ
410 943 432 988 ὃ
460 941 829 1002 πρωτοσπαθάριος
857 942 1049 1000 Πάρδος,
1083 944 1184 1000 ἀνὴρ
1213 942 1455 997 Βυζάντιος,
1495 945 1563 987 καὶ
1591 943 1653 989 δι’
1682 942 1782 990 ἄλλο
1797 951 1840 988 10

333 1015 407 1070 μὲν
436 1012 552 1055 οὐδὲν
581 1011 760 1068 ἀγαθόν,
790 1010 858 1054 ὅτι
881 1013 925 1054 δὲ
954 1009 1151 1069 γνώριμος
1177 1005 1228 1067 ἦν
1252 1016 1308 1071 τῷ
1334 1016 1512 1067 βασιλεῖ’,
1544 1010 1784 1068 τηλικαύτης

332 1079 471 1138 χώρας
493 1079 629 1138 ἄρχειν
652 1079 884 1137 πεμφθεὶς)
919 1079 1095 1137 ἀναιρεῖ,
1130 1079 1252 1130 αὐτὸς
1273 1080 1317 1123 δὲ
1339 1079 1449 1139 αὑτῷ
1470 1076 1651 1136 διάδημα
1671 1097 1784 1138 περι-

333 1151 426 1200 θεὶς
446 1150 512 1192 καὶ
534 1148 587 1191 τὰ
607 1152 686 1203 τῆς
698 1149 906 1202 βασιλείας
927 1146 1151 1205 παράσημα
1174 1147 1387 1202 ἀναλαβών
1404 1147 1684 1207 ἀναγορεύεται
1700 1152 1783 1203 βα-

332 1215 488 1269 σιλεύς,
518 1217 585 1259 καὶ
608 1217 760 1267 πλοίοις
781 1213 1007 1270 ἐμβιβάσας
1030 1215 1104 1266 τὰς
1126 1214 1314 1270 δυνάμεις
1334 1220 1567 1274 περαιοῦται
1587 1216 1629 1260 ἔν
1646 1219 1782 1260 Βουλ-

331 1287 469 1345 γαρίᾳ.
533 1289 651 1327 τοῦτο
681 1284 832 1340 μαθών
863 1282 885 1326 ὅ
917 1283 1110 1338 βασιλεὺς
1138 1285 1193 1334 εἷς
1219 1284 1399 1340 ταραχὴν
1421 1284 1468 1327 οὗ
1490 1284 1563 1340 τὴν
1579 1288 1779 1340 τυχοῦσαν
1793 1291 1835 1334 15

331 1354 510 1396 ἐνέπεσε·
555 1353 622 1395 καὶ
654 1351 875 1409 γράμματα
903 1352 976 1406 μέν
1006 1352 1108 1408 πρὸς
1135 1351 1257 1395 αὐτὸν
1287 1352 1474 1406 ἐκπέμπει
1503 1352 1651 1403 παντὸς
1677 1351 1780 1395 ἀπο-

331 1419 480 1463 λύοντα
504 1419 637 1478 φόβου
659 1424 802 1463 τοῦτον
823 1421 890 1462 καὶ
910 1420 1006 1470 τοὺς
1024 1420 1101 1463 σὺν
1122 1421 1254 1477 αὐτῷ,
1286 1418 1597 1477 παρακαλοῦντά
1615 1436 1657 1464 τε
1679 1419 1782 1463 ἀπο-

331 1489 487 1532 θέσθαι
515 1488 567 1530 τὰ
594 1486 723 1540 ὅπλα,
758 1489 826 1530 καὶ
854 1485 1168 1541 ὑπισχνούμενος
1200 1491 1333 1530 πᾶσαν
1355 1488 1601 1545 εὐεργεσίαν·
1634 1489 1716 1531 ἐπεὶ
1736 1487 1782 1531 δὲ

333 1558 477 1606 ἐκεῖνος
496 1555 682 1611 ἄτεγκτος
699 1551 748 1611 ἦν
769 1557 837 1598 καὶ
856 1555 903 1598 οὗ
923 1556 1086 1610 μεθίετο
1110 1559 1182 1598 τοῦ
1201 1560 1376 1607 σκοποῦ,
1412 1556 1594 1612 ἀγηοχὼς
1614 1557 1683 1599 καὶ
1705 1555 1780 1598 αὗ-

278 1635 309 1671 Β
331 1624 399 1675 τὸς
428 1623 477 1674 ἃς
504 1622 581 1678 εἶχε
614 1621 823 1678 δυνάμεις,
857 1625 924 1666 καὶ
945 1623 1166 1680 στρατηγὸν
1183 1623 1324 1674 αὖταῒς
1342 1622 1557 1679 ἐπιστήσας
1578 1621 1778 1680 αὗτοκρά-
1787 1629 1835 1665 20

330 1709 432 1749 τορα
447 1691 518 1734 τὸν
535 1690 848 1748 Σεβαστοφόρον
866 1691 1073 1748 Στέφανον
1089 1691 1159 1734 τὸν
1177 1692 1219 1733 ἓν
1237 1691 1523 1752 Δαμοκρανειά
1541 1691 1591 1735 τὰ
1611 1695 1683 1747 τῆς
1699 1695 1782 1746 βα-

330 1760 481 1811 σιλείας
505 1758 716 1814 εὐαγγέλια
742 1757 871 1817 τούτῳ
901 1759 1213 1813 διακομίσαντα,
1245 1760 1434 1813 ἐκπέμπει
1456 1759 1560 1802 κατὰ
1580 1764 1653 1803 τοῦ
1675 1759 1781 1802 ἀπο-

329 1826 494 1870 στάτου.
559 1828 627 1869 καὶ
666 1831 889 1870 συναντῶσι
924 1827 976 1869 τὰ
1013 1825 1295 1884 στρατεύματα
1333 1827 1436 1870 κατὰ
1467 1827 1538 1871 τὸν
1569 1825 1780 1884 λεγόμενον

326 1893 547 1954 Ὀστροβὸν
563 1895 606 1937 ἓν
626 1899 684 1954 τῷ
706 1896 947 1957 Μαρμαρίῳ
957 1926 972 1948 ,
1006 1897 1073 1938 καὶ
1092 1899 1327 1951 συμπλοκῆς
1344 1896 1555 1952 γενομένης
1568 1896 1778 1954 τρέπονται

418 2003 443 2038 3
466 1997 679 2045 πυθόμενος
700 2001 731 2036 C
866 2003 889 2037 6
909 1999 1061 2047 αὔξησις
1079 2001 1112 2036 0
1246 2003 1292 2038 21
1315 2001 1546 2048 δαμοκρανία
1565 2001 1598 2038 C

327 2092 439 2130 tentia
468 2096 505 2127 et
534 2091 706 2128 Maniacis
735 2092 914 2138 absentia,
947 2092 1077 2129 dicioni
1101 2093 1177 2127 eius
1198 2092 1305 2128 multa
1326 2093 1442 2128 intulit
1463 2094 1587 2129 damna
1609 2095 1646 2127 et
1663 2090 1778 2127 thala-

327 2151 418 2175 mum
439 2138 514 2173 eius
534 2138 682 2172 licenter
705 2138 841 2183 polluit.
886 2140 931 2173 de
963 2139 1087 2184 quib-us
1119 2139 1296 2174 Maniaces
1318 2139 1355 2173 in
1377 2139 1479 2174 Italia
1499 2139 1614 2174 factus
1635 2137 1778 2183 certior,

326 2195 468 2230 magnas
492 2185 605 2218 animo
628 2184 801 2218 molestias
824 2184 964 2229 irasque
986 2185 1154 2230 agitabat.
1201 2196 1346 2230 cumque
1376 2196 1484 2229 opera
1507 2183 1655 2219 Romani
1678 2183 1777 2218 insu-

326 2243 391 2276 per
411 2231 541 2264 factum
564 2235 658 2264 esset
679 2235 719 2264 ut
740 2230 960 2275 magistratus
981 2230 1051 2275 ipsi
1073 2232 1316 2275 abrogaretur,
1343 2230 1531 2275 deploratis
1552 2240 1696 2275 prorsus
1716 2240 1777 2264 re-

325 2278 390 2311 bus
416 2275 657 2320 (intelligebat
679 2274 769 2310 enim
790 2277 938 2311 reditum
958 2276 995 2310 in
1015 2277 1133 2311 urbem
1154 2288 1223 2311 non
1245 2277 1336 2311 bene
1356 2276 1426 2311 sibi
1450 2277 1668 2321 cessurum),
1689 2286 1774 2310 cou-

326 2322 442 2356 citatis
471 2326 575 2366 atque
601 2322 774 2367 corruptis
804 2322 938 2357 Italicis
971 2322 1103 2367 copiis,
1145 2334 1220 2357 cum
1255 2321 1322 2356 iam
1353 2321 1527 2357 desiderio
1557 2321 1596 2356 in
1625 2320 1776 2368 patriam

325 2367 494 2402 redeundi
530 2366 654 2401 milites
693 2367 877 2413 arderent,
919 2379 1013 2402 arma
1044 2372 1163 2403 contra
1191 2368 1433 2413 imperatorem
1461 2371 1589 2403 movet.
1635 2366 1775 2402 missum

326 2425 411 2458 ergo
444 2411 512 2446 sibi
543 2424 774 2447 successorem
796 2413 944 2447 Pardum
966 2413 1304 2459 protospatharium,
1337 2413 1507 2449 hominem
1530 2411 1774 2458 Byzantiuum,

325 2469 439 2504 neque
468 2457 568 2492 ullam
599 2459 643 2492 ob
677 2459 940 2503 praestantiam,
973 2460 1037 2494 sed
1066 2459 1147 2504 quia
1175 2464 1277 2494 notus
1300 2464 1376 2494 erat
1397 2458 1619 2505 imperatori,
1653 2461 1775 2492 tantae

324 2503 529 2549 provinciae
560 2503 792 2548 praefectum,
825 2503 1015 2540 interfecit.
1061 2505 1139 2550 ipse
1170 2505 1363 2540 diademate
1396 2508 1433 2540 et
1462 2503 1607 2550 reliquis
1636 2502 1775 2549 imperii

324 2549 470 2593 sumptis
498 2548 692 2593 insignibus
720 2550 908 2596 imperator
936 2550 1130 2594 salutatur,
1167 2550 1390 2595 exercituque
1417 2550 1454 2584 in
1479 2561 1588 2585 naves
1611 2548 1773 2594 imposito

324 2593 362 2628 in
384 2594 580 2638 Bulgariam
605 2595 748 2631 traiicit.
794 2596 983 2641 imperator
1003 2601 1184 2641 postquam
1209 2597 1252 2630 de
1276 2596 1342 2630 hoc
1365 2595 1531 2640 rescivit,
1555 2607 1624 2630 non
1646 2593 1775 2629 leviter

352 2640 547 2674 erturbatus
561 2665 571 2684 ‚
600 2640 720 2675 literas
744 2642 788 2676 ad
812 2653 887 2676 eum
911 2641 1036 2685 mittit,
1061 2641 1099 2676 in
1147 2642 1246 2676 uibus
1268 2641 1337 2687 ipsi
1359 2647 1396 2675 et
1417 2652 1503 2686 quos
1526 2652 1640 2676 secum
1663 2640 1772 2674 habe·

324 2651 387 2718 gat
414 2684 650 2729 impunitatem
684 2690 719 2721 et
748 2687 854 2722 multa
883 2687 1052 2722 beneficia
1073 2652 1267 2732 pollicetur.
1314 2698 1390 2721 cum
1412 2693 1526 2722 autem
1549 2699 1570 2722 a
1590 2685 1772 2732 proposito

325 2728 386 2762 ille
416 2741 485 2763 non
515 2730 769 2777 dimoveretur,
800 2733 877 2778 ipse
908 2743 1046 2778 quoque
1067 2743 1147 2767 suas
1173 2733 1292 2779 copias
1316 2732 1510 2776 contrahit,
1543 2736 1580 2767 et
1601 2732 1688 2767 duce
1711 2741 1771 2765 eas

326 2774 504 2819 Stephano
527 2776 786 2822 Sebastophoro
812 2778 874 2821 (id
897 2783 952 2812 est
973 2777 1240 2823 Augustisero),
1265 2778 1325 2825 qui
1346 2778 1416 2823 ipsi
1438 2778 1482 2813 ad
1504 2778 1771 2813 Damocraneam

322 2817 449 2853 laetum
471 2820 577 2855 delati
598 2821 735 2867 imperii
756 2824 911 2858 nuntium
933 2823 1115 2867 attulerat,
1143 2829 1265 2859 contra
1287 2823 1495 2868 perduellem
1517 2823 1638 2858 mittit.
1684 2832 1770 2856 con-

323 2869 504 2901 currerunt
525 2866 664 2904 adversi
687 2869 860 2907 exercitus
882 2870 975 2916 apud
996 2869 1182 2907 Ostrobum
1204 2869 1243 2907 in
1263 2869 1471 2916 Marmario,
1494 2869 1663 2913 fusaeque
1685 2866 1768 2902 Ste-
