1916 3210
283 166 381 212 872
701 163 823 208 XYL
830 162 1000 207 ANDRI
1033 162 1106 206 ΕΤ
1141 162 1317 208 GOARI

281 275 399 326 pretio
428 274 498 312 sibi
523 274 776 323 compararent
807 274 921 321 atque
949 271 1083 310 exinde
1104 270 1185 310 aliis
1207 271 1279 310 alia
1297 271 1450 323 praedia
1466 273 1573 315 facile
1585 286 1745 315 concam

282 334 411 370 xarent
440 334 479 368 et
507 329 783 377 coniungerent.
839 327 1025 366 Blastares
1052 341 1086 370 c.
1105 326 1133 369 4
1160 329 1234 367 τοῦ
1255 322 1493 380 Ἀστοιχείου
1513 342 1562 369 ex
1583 331 1747 383 politicis·

281 387 425 437 legibus
451 386 543 422 hanc
569 384 681 422 refert
709 381 800 434 περὶ
826 379 977 451 ἀγορᾶς
1000 381 1069 424 καὶ
1094 394 1299 451 πρασεωςε
1327 381 1351 424 ὁ
1372 386 1528 436 κρατῶν
1545 381 1739 456 ὄφφίκιον

281 442 325 483 ἐν
357 440 529 507 ἐπαρχία
556 434 608 479 ου’
641 435 811 479 δυναται
828 436 1003 507 κινητόν
1030 435 1060 491 ἢ
1090 434 1279 491 ἀκίνητον
1315 433 1523 510 ἆγοράζειν
1555 440 1599 482 ἐν
1633 438 1738 499 αὐτῇ

280 500 464 549 πρᾶγμα,
499 491 529 546 ἢ
559 490 628 536 δι’
646 493 792 535 ἑαυτοῦ
818 490 849 547 ἢ
876 491 935 536 δι’
963 493 1116 547 ἑτέρου,
1147 495 1184 536 εἰ
1210 511 1264 547 μη
1290 493 1400 565 napo?
1427 499 1499 538 τοῦ
1529 497 1738 568 δημοσίου.

281 553 350 593 καὶ
376 550 456 606 γοῖρ
485 550 555 591 καὶ
584 553 660 592 τοῦ
691 566 923 606 πραγματος
954 551 1132 593 ἐκπίπτει
1159 550 1228 592 καὶ
1255 548 1300 593 rei
1327 550 1454 593 δοθὲν
1479 552 1653 607 τίμημα
1661 550 1738 596 οὔκ

281 606 407 649 (ἔναλα
410 602 563 660 μβᾶνει.
622 608 752 647 Gom.

392 669 420 703 t.
439 665 471 702 11
498 678 537 715 p.
553 661 631 705 451
657 676 691 702 v.
711 664 776 704 16.
833 661 904 699 illo
932 668 1054 699 morte
1072 661 1311 714 praevento]
1339 675 1415 702 non
1431 664 1558 704 dubito
1574 665 1663 717 quin
1680 665 1746 705 hic>

280 721 380 760 locus
401 722 447 758 sit
466 732 626 759 mancus.
669 719 965 769 sententiamque
981 719 1093 758 fuisse
1113 719 1284 767 coniicio,
1307 732 1381 758 non
1399 721 1616 762 successisse
1630 722 1738 762 istam

281 777 470 827 Dyrrachii
487 776 733 828 proditionem
754 775 802 813 ob
824 787 1108 826 praeproperam
1126 775 1302 826 Chryselii
1321 781 1485 815 mortem.
1541 777 1610 816 sed
1629 778 1740 818 fuisse

283 847 328 872 eo
349 834 508 885 potitum
528 831 723 881 Basilium‚
751 832 858 870 facile
881 831 1093 870 indicaveris
1116 844 1161 870 ex
1182 833 1436 882 sequentibus,
1465 835 1507 870 ut
1526 846 1608 872 cnm
1629 834 1750 873 But--

280 890 348 927 lius
376 890 506 927 dicitur
529 888 754 927 defendendi
779 900 803 925 a
828 887 964 926 Ioanne
984 887 1176 936 Dyrrachii
1195 900 1304 926 causa
1324 889 1522 927 instituisse
1537 890 1742 940 profectio-

281 958 387 993 nem,
417 949 456 982 et
484 945 532 983 de
558 944 705 982 Ioannis
733 944 783 982 ibi
811 944 907 982 caesi
931 947 1051 982 morte
1067 956 1090 981 a
1105 944 1259 995 patricio
1279 943 1457 994 Pegonita
1475 945 1591 983 factus
1610 947 1746 985 certior-

283 1006 351 1040 etc.
379 1002 484 1040 XYL.
540 1000 627 1038 nihil
653 1001 711 1039 hic
739 1012 904 1038 mancum
935 1003 997 1038 aut
1026 999 1193 1038 mutilum
1228 999 1416 1050 Xylandro
1446 1013 1590 1040 sensum
1622 1002 1742 1054 perci-

281 1058 418 1108 pienti:
462 1057 498 1094 si
534 1055 648 1093 modo
678 1056 865 1106 patriciis
899 1054 1113 1093 honoribus
1147 1061 1384 1106 augeretur,
1421 1069 1544 1107 quam
1578 1057 1742 1096 eandem

284 1126 439 1164 quoque
472 1112 731 1163 dignitatem,
775 1125 817 1148 eo
854 1112 956 1150 vivis
993 1118 1119 1161 erepto
1128 1139 1146 1157 ,
1194 1112 1273 1149 duo
1312 1113 1394 1149 eius
1413 1112 1504 1160 filii
1531 1127 1747 1166 conseque-

283 1177 432 1207 rentur.
493 1169 634 1219 hacque
670 1169 884 1207 condicione
916 1167 1127 1220 Chryselius
1158 1168 1370 1220 imperatori
1392 1167 1629 1219 Dyrrachium
1655 1183 1743 1223 pro-

283 1226 406 1265 debat.
466 1225 597 1265 GoAR.

398 1279 451 1318 ib.
471 1294 505 1319 v.
530 1283 595 1323 18.
652 1278 678 1321 ό
708 1276 880 1333 βουβός]
911 1280 964 1318 sic
992 1278 1156 1317 balbam
1184 1283 1224 1319 et
1255 1287 1411 1318 mutum
1438 1283 1573 1320 vocant
1597 1279 1742 1321 Graeci.

284 1338 413 1377 GoAn.

396 1392 449 1432 ib.
470 1406 504 1433 v.
522 1393 591 1433 21.
648 1391 785 1432 Pedias
815 1390 1003 1457 planitiem
1033 1392 1226 1442 significat.
1283 1392 1351 1431 sed
1371 1391 1555 1444 proprium
1577 1386 1743 1444 suspica-

283 1454 345 1488 tus
376 1463 468 1487 sum.
525 1449 794 1502 ἰλλουστρίους
817 1448 904 1486 dicit
926 1449 987 1498 qui
1009 1449 1078 1486 viri
1102 1448 1259 1488 illustres
1281 1448 1483 1486 inclinato
1473 1448 1624 1500 imperio
1647 1447 1744 1488 sole-

283 1507 377 1544 bant
403 1506 494 1553 dici,
523 1506 613 1543 sicut
635 1503 874 1556 spectabiles,
901 1504 1086 1542 clarissimi
1107 1508 1175 1543 etc.
1232 1518 1291 1543 res
1311 1510 1367 1543 est
1386 1508 1495 1551 nota,
1524 1508 1562 1543 et
1581 1503 1745 1543 notatio-

285 1575 368 1600 nem
389 1563 486 1600 vocis
507 1562 586 1612 ipse
603 1566 732 1599 noster
749 1549 942 1598 subiunxit.
972 1561 1077 1599 XYL.
1135 1555 1372 1608 innovamini
1389 1558 1537 1597 nobiles
1555 1559 1614 1598 hic
1630 1560 1742 1599 inter-

284 1623 422 1669 pretor.
463 1618 563 1655 favet
582 1621 707 1654 auctor
725 1616 904 1662 subdens,
933 1629 975 1654 ac
995 1619 1266 1669 στρατηγικαῖς
1286 1613 1423 1668 αρχαῖς
1443 1613 1743 1668 διαπρέψαντας

285 1686 420 1711 vocans
440 1673 505 1710 hos
525 1672 712 1709 illustres.
747 1672 994 1720 suffragantur
1012 1672 1156 1711 Basilio.
1188 1672 1354 1719 Glossae,
1376 1685 1473 1722 quae
1494 1669 1743 1724 ίλλούστριον

286 1742 355 1766 ceu
377 1723 519 1781 εὐγενῆ
537 1735 735 1779 exponunt.
779 1727 969 1765 confirmat
986 1727 1172 1766 Blastares
1191 1730 1294 1768 c.1l
1314 1730 1387 1767 τοῦ
1403 1723 1641 1780 Ἀστοιχείου
1659 1741 1749 1767 mu*

285 1785 352 1822 lier
354 1797 411 1823 em
443 1783 615 1821 nobilem
648 1784 895 1835 ἰλλουστρίαν
925 1783 1135 1835 appellans:
1169 1782 1200 1836 ἦ
1228 1781 1272 1824 δὲ
1299 1783 1523 1837 ἰλλουστρία
1547 1783 1744 1837 νομίμους

286 1839 428 1893 ἔχουσα
448 1841 593 1887 παῖδας
611 1839 679 1880 καὶ
698 1842 967 1891 πορνογενεῖς.
1023 1840 1154 1878 GoAn.
1747 1867 1751 1874 ,

400 1901 428 1935 t.
449 1897 483 1934 ll
512 1911 549 1948 p.
568 1895 651 1938 454
674 1909 704 1933 v.
722 1898 762 1936 2.
819 1894 1114 1947 πριβαταρίων]
1144 1895 1214 1934 hoc
1231 1894 1320 1945 quid
1340 1895 1409 1943 sit,
1436 1894 1600 1934 nondum
1620 1894 1740 1935 didici.

285 1953 376 2003 quid
406 1954 435 1990 si
466 1953 603 2003 aliquid
632 1952 1014 2003 praebendiariorum,
1052 1964 1145 2002 quos
1176 1951 1284 1990 hodie
1311 1955 1464 2001 vocant,
1502 1950 1617 1990 simile
1643 1950 1744 1990 suit?

283 2021 406 2058 neque
428 2010 549 2046 nescio
570 2009 593 2045 b
613 2021 680 2059 pro
701 2023 726 2046 υ
746 2009 832 2059 poni
854 2007 993 2053 solere,
1024 2011 1063 2046 ut
1081 2008 1303 2059 privatarum
1325 2008 1443 2058 possis
1464 2007 1610 2056 legere,
1639 2008 1747 2057 quod⁴

285 2065 501 2102 tantundem
527 2064 613 2102 mihi
638 2067 694 2102 est
717 2068 857 2102 notum.
886 2064 992 2105 XY1..
1048 2068 1091 2102 ut
1114 2064 1283 2102 comitem
1309 2064 1529 2114 privatarum
1554 2075 1675 2102 rerum
1702 2067 1749 2102 et-

284 2122 477 2170 peculiaris
503 2121 579 2158 fisci
605 2121 803 2170 imperator
827 2120 1002 2167 habebat,
1032 2120 1164 2171 privati
1182 2120 1312 2158 aerarii
1330 2120 1552 2170 praesectum
1570 2119 1743 2171 deinceps

287 2177 441 2225 dictum,
488 2177 541 2214 ita
577 2181 614 2215 et
652 2176 823 2215 ecclesiae
857 2189 941 2213 suos
970 2180 1155 2214 curatores
1184 2176 1396 2214 defensores
1425 2187 1663 2224 oeconomos,
1703 2178 1743 2215 et

287 2237 329 2269 ut
350 2237 474 2270 auctor
494 2233 672 2283 loquitur,
696 2232 1001 2284 πριβαταρίους,
1028 2231 1279 2298 gazophylacii
1303 2231 1505 2283 praesides.
1551 2231 1685 2271 GoAn.

398 2291 424 2325 t.
445 2288 477 2326 11
506 2302 543 2340 p.
564 2287 646 2329 455
669 2301 701 2326 v.
722 2292 757 2328 1.
813 2289 996 2339 κοίμησις
1024 2291 1096 2339 τῆς
1121 2283 1318 2328 θεοτόκου
1339 2288 1482 2325 videtur
1502 2300 1583 2326 esse
1603 2299 1743 2326 assum-

286 2345 387 2394 ptio,
417 2345 486 2382 nisi
518 2345 549 2381 si
578 2345 666 2394 quid
694 2344 793 2382 aliud
823 2349 898 2383 est:
928 2357 1001 2382 non
1027 2346 1122 2383 enim
1151 2344 1270 2383 habeo
1292 2343 1393 2394 quod
1411 2342 1600 2382 affirmem.
1656 2343 1742 2382 vide

285 2400 379 2437 infra
405 2401 443 2437 in
466 2401 616 2438 Ibatzae
638 2401 810 2448 historia,
850 2401 950 2450 quod
977 2401 1026 2438 ad
1053 2401 1149 2438 hunc
1179 2400 1296 2438 locum
1323 2398 1597 2450 intelligendum
1617 2399 1742 2440 faciat.

287 2468 326 2491 es
351 2470 436 2492 ιναν
460 2463 580 2494 etwas
604 2470 747 2493 ιιηεενη
768 2455 1082 2506 kil-chweylzinen
1103 2457 1165 2493 nit
1183 2455 1412 2493 unelmliclz.
1470 2456 1573 2494 XYL.

400 2511 452 2548 ib.
495 2526 529 2554 V.
571 2513 634 2554 10.
718 2510 886 2566 ἄρχοντα
920 2509 1183 2565 Ἀντιοχείας]
1233 2513 1332 2565 prius
1372 2512 1500 2552 δοῦκα
1534 2514 1741 2552 vocaverat.

288 2567 420 2606 GoAR.

398 2627 425 2661 t.
444 2623 478 2661 11
504 2638 540 2676 p.
558 2623 640 2666 456
664 2637 697 2662 v.
715 2624 755 2666 5.
811 2623 1120 2675 Allelengynm]
1149 2625 1187 2662 in
1218 2623 1382 2673 margine
1410 2622 1576 2662 librarius
1608 2617 1641 2661 ὦ
1670 2623 1742 2673 τῆς

288 2682 523 2729 θαυμαστῆς
559 2679 750 2728 ἐπινοίας.
808 2694 903 2731 quae
943 2682 974 2718 si
1009 2686 1108 2719 recte
1139 2681 1275 2717 habent
1308 2680 1407 2729 quod
1436 2680 1485 2717 ad
1514 2679 1742 2729 scripturam,

288 2735 408 2771 mirari
440 2736 582 2774 videtur
614 2738 809 2774 exactionis
836 2742 907 2774 tam
939 2736 1105 2775 subtilem
1135 2737 1337 2781 rationem,
1377 2747 1450 2785 qua
1476 2737 1585 2773 etiam
1609 2747 1676 2785 pro
1700 2735 1742 2770 iis

288 2791 483 2829 satisfieret
506 2793 568 2841 qui
591 2798 807 2844 paupertate
830 2798 991 2832 extrema
1015 2798 1052 2832 et
1072 2793 1180 2832 rebus
1210 2792 1361 2843 perditis
1391 2792 1655 2843 impedirentur
1678 2794 1743 2829 aut
