1916 3210
4 318 6 321 -
0 0 52 296 „de

743 145 1018 196 HISTORIA.
1505 150 1601 198 651

152 260 289 323 Mn
306 261 513 308 δουλεύειν
529 265 692 309 καὶτῶν
708 262 870 309 εἰκότων
888 265 946 322 μὴ
965 262 1215 322 τυγχάνειν.”
1285 262 1543 310 ἐπισκώπτων
1561 266 1607 310 δὲ

150 335 204 390 τῇ
218 333 375 389 γυναικὶ
396 331 504 390 ἔλεγε
526 331 675 389 δούλην
691 335 764 389 μὲν
783 333 880 377 εἶναι
896 332 1103 392 πρότερον,
1137 338 1209 377 νῦν
1230 333 1275 376 δὲ
1291 333 1606 391 ἠλευθερῶσθαι

149 397 227 443 t‘ae‘n'
253 400 392 444 αὐτοῦ.
459 401 582 445 πάλιν
599 401 706 458 ἴλεγε
726 403 820 454 τοὺς
837 409 1034 459 συγγενεῖς
1051 409 1135 453 τοῖς
1150 403 1224 458 μὲν
1245 401 1383 454 ἄλλοις
1399 402 1606 460 τυγχάνειν

149 466 376 522 σκόλοπας,
409 473 467 529 τῷ
489 471 535 514 δὲ
551 476 809 528 τυραννοῦντι
826 471 1034 528 ὠφέλειαν.
1102 470 1210 528 ἔλεγε
1233 472 1277 514 δὲ
1299 473 1365 514 καὶ
1393 470 1419 527 ἡ
1448 473 1610 526 βασιλὶς

117 539 398 595 5Αῖκατερῒνα
422 540 549 595 μηδὲν
574 540 675 599 ζῷον
694 539 762 582 ἐπ’
790 539 892 597 αὐτῇ
913 543 1154 597 γεγενῆσθαι
1173 542 1382 595 βασιλείας
1398 541 1609 595 βασιλείαν

147 605 420 664 ἅλλαξαμένῃ.
451 628 454 630 ·

282 675 408 719 Μετὰ
440 675 486 719 δὲ
514 674 584 719 τὸν
612 675 827 731 Κομνηνὸν
852 677 1157 724 Κωνσταντῖνος
1178 673 1375 734 πρόεδρος
1396 673 1418 720 ὅ
1440 674 1607 728 Δοῦκας
1627 678 1674 722 B,

146 745 228 786 τῶν
247 740 460 801 σκήπτρων
481 743 767 800 ἐπιλαβόμενος
787 745 980 799 ἀναιμωτὶ
1003 747 1069 787 καὶ
1094 745 1187 799 δίχα
1207 743 1455 800 πραγμάτων
1477 763 1609 804 ταρα-

141 815 243 866 χῆς,
276 809 420 868 λόγους
439 812 646 864 ἐπιεικείας
661 814 856 869 γέμοντας
876 811 1153 870 ἐδημηγόρησε
1171 813 1274 870 πρὸς
1289 814 1365 868 τὴν
1386 812 1609 871 σύγκλητον

95 880 217 926 ιοκαὶ
240 879 342 937 πρὸς
364 879 473 923 ἅπαν
498 880 544 924 τὸ
579 879 794 936 δημοτικόν
813 899 856 925 τε
876 886 949 937 τῆς
968 880 1122 932 πόλεως
1142 883 1208 924 καὶ
1228 881 1372 925 κοινόν.
1439 885 1506 925 καὶ
1529 882 1605 925 ἀπ’

147 947 295 992 ἐκείνου
321 951 396 1004 τῆς
422 953 503 992 τῶν
528 949 775 1007 πραγμάτιον
796 948 987 1007 ἐνήρξατο
1011 949 1284 1005 ἀντιλήψεως,
1317 954 1392 994 τοῦ
1413 951 1607 1003 ἐπιεικοῦς

146 1017 216 1059 καὶ
242 1018 407 1075 μετρίου
437 1017 533 1060 κατ’
564 1018 682 1062 οὐδὲν
712 1017 984 1076 ἀφιστάμενος
992 1050 1006 1071 ,
1040 1018 1145 1061 ἀλλὰ
1172 1023 1272 1062 πᾶσι
1296 1017 1460 1076 τρόποις
1481 1020 1606 1063 αὐτοῦ

145 1083 387 1140 ἓξεχόμενος.
453 1086 614 1142 ἐτίμησε
649 1087 695 1130 δὲ
731 1091 812 1130 τῶν
841 1105 883 1130 τε
911 1091 985 1140 τῆς
1015 1085 1238 1142 συγκλήτου
1269 1089 1335 1130 καὶ
1364 1093 1435 1131 τοῦ
1470 1087 1603 1144 δήμου

144 1151 336 1206 πολλούς.
401 1152 624 1213 ἀνώρθωσε
652 1156 696 1198 δὲ
722 1157 788 1198 καὶ
813 1157 908 1206 τοὺς
928 1155 1007 1211 ἤδη
1031 1157 1094 1197 ἐπὶ
1115 1157 1332 1211 Κομνηνοῦ
1354 1155 1605 1200 ἐκπεπτωκό-

93 1231 136 1269 15
147 1238 222 1274 τας
235 1227 316 1266 τῶν
333 1224 586 1267 οἶκειωτικῶν
598 1237 611 1249 ·
644 1224 819 1275 πολλοὺς
837 1224 914 1281 γὰρ
935 1226 1078 1275 ἐκεῖνος
1095 1222 1266 1276 ἀδόξους
1285 1225 1326 1276 ἐξ
1345 1224 1515 1276 ἐνδόξων
1535 1227 1604 1268 καὶ

146 1291 316 1346 ἀτίμους
329 1292 373 1335 ἔκ
388 1293 532 1347 ’τιμίων
547 1293 764 1344 ἀπέδειξεν.
820 1291 1047 1348 ἱἐπιστάσης
1065 1293 1144 1350 γὰρ
1163 1297 1236 1348 τῆς
1253 1298 1326 1336 τοῦ
1345 1292 1458 1350 ἆγιόυ
1474 1311 1598 1350 μεγα-
1622 1301 1656 1337 C

146 1358 405 1418 λομάρτυρος
430 1362 473 1403 Γ
468 1362 632 1419 εωργίου
663 1360 826 1417 μνήμης
855 1362 959 1404 κατὰ
987 1362 1033 1405 τὸ
1067 1361 1165 1412 ἔθος
1194 1361 1349 1405 ἄπεισιν
1371 1360 1392 1405 ὃ
1415 1363 1608 1417 βασιλεῦς

147 1429 204 1479 εἰς
228 1428 281 1472 τοὶ
307 1428 518 1486 Μάγγανα
546 1431 662 1473 αἰδοῖ
677 1435 748 1473 τοῦ
767 1428 977 1488 μάρτυρος
985 1462 1000 1483 ,
1029 1431 1131 1486 μετὰ
1151 1431 1195 1473 δὲ
1214 1431 1260 1474 τὸ
1277 1435 1514 1486 τελεσθῆναι
1533 1432 1608 1488 τὴν

145 1494 289 1555 ἑορτὴν
313 1498 416 1549 τινὲς
445 1502 525 1541 τῶν
547 1503 765 1554 κακοηθιῦν
786 1502 852 1542 καὶ
877 1501 1051 1557 δολερῶν
1066 1498 1220 1554 βουλὴν
1241 1500 1419 1557 πονηρὰν
1437 1499 1608 1557 ἐξαρτύ-

90 1575 288 1616 Ξῦωντες
302 1570 362 1625 τῷ
379 1570 546 1621 βασιλεῖ
560 1566 853 1621 ἐπεβούλευσαν
872 1568 947 1622 μέν
957 1599 970 1620 ,
1003 1567 1157 1623 ἤνυσαν
1180 1569 1223 1611 δὲ
1244 1567 1382 1620 οὐδέν,
1415 1573 1517 1612 θεοῦ
1537 1569 1609 1613 τὸν

144 1632 341 1691 σύλλογον
358 1637 425 1678 καὶ
446 1635 494 1678 τὸ
512 1635 687 1693 πονηρὸν
707 1638 775 1678 καὶ
798 1636 925 1679 ἄθεον
943 1638 969 1679 δ
972 1637 1239 1691 ιαλυσαμένου
1258 1636 1498 1694 σκαιώρημα
1511 1651 1522 1662 ·
1557 1632 1609 1693 ἦν

143 1702 222 1759 γὰρ
247 1703 384 1754 αὗτοῒς
404 1702 543 1760 γνώμη
563 1709 623 1762 τῷ
640 1709 764 1763 βυθῷ
785 1707 1074 1762 παραδοθῆναι
1100 1705 1221 1748 αὐτὸν
1241 1708 1420 1762 παγγενεὶ
1445 1706 1514 1749 ἅτε
1539 1707 1608 1749 διὰ

142 1769 362 1828 θαλάσσης
376 1771 480 1830 πρὸς
497 1771 543 1816 τὸ
563 1771 758 1816 παλάτιον
774 1773 965 1816 ἀποπλεῖν
981 1774 1192 1828 μέλλοντα.
1262 1772 1461 1830 ζητήσεως
1481 1776 1524 1818 δὲ
1540 1777 1609 1818 καὶ

143 1837 305 1898 ἐρεύνης
334 1842 424 1899 περὶ
453 1845 528 1885 τοῦ
557 1840 788 1897 συμβάντος
818 1843 1030 1899 γενομένης
1056 1847 1208 1897 πολλῆς
1230 1846 1369 1885 πολλοὶ
1392 1849 1471 1886 τῶν
1492 1861 1606 1901 μεγι·

142 1949 261 1996 inquit
279 1946 472 1986 “conservo
495 1949 644 1995 servire,
667 1962 780 1996 neque
802 1951 895 1986 iusta
918 1947 1123 1996 consequi?
1158 1939 1215 1986 *et
1238 1950 1363 1986 cavillo
1388 1951 1492 1986 etiam
1516 1963 1605 1986 uxo-

142 2007 219 2035 rem
240 1999 295 2032 est
314 1999 540 2043 prosecutus,
571 1996 742 2043 siquidem
767 1997 906 2032 dicebat
927 1997 1017 2032 illam
1040 1996 1136 2042 prius
1160 2008 1316 2040 servam,
1348 2008 1438 2031 nunc
1461 2009 1482 2032 a
1505 2009 1542 2032 se
1566 1997 1604 2032 in

141 2041 340 2082 libertatem
362 2041 584 2078 vindicatam.
632 2042 748 2078 aiebat
770 2043 853 2078 item
876 2047 1042 2088 cognatos
1066 2041 1144 2077 aliis
1168 2054 1245 2077 esse
1267 2054 1422 2087 crucem,
1451 2048 1603 2087 tyranno

143 2086 342 2144 utilitatsp.
389 2087 596 2124 Aecaterina
617 2094 730 2124 autem
754 2088 909 2134 Augusta
939 2088 1025 2122 nihil
1058 2088 1142 2122 novi
1164 2088 1233 2123 sibi
1254 2088 1426 2124 accidisse
1448 2089 1603 2125 affirma-

143 2133 225 2180 bat,
251 2145 383 2181 quippe
403 2145 495 2180 quae
515 2145 658 2180 regnum
681 2147 756 2170 cum
779 2146 886 2179 regno
910 2138 1167 2169 commutasset.

234 2179 323 2216 Post
351 2180 562 2215 comnenum
589 2186 703 2215 autem
724 2180 975 2216 Constantinus
996 2180 1113 2214 Ducas
1136 2191 1299 2225 praeses,
1334 2178 1411 2214 sine
1433 2179 1605 2226 sanguine

143 2228 182 2262 et
205 2236 321 2261 rerum
343 2226 607 2270 perturbatione
628 2226 760 2272 potitus
782 2226 929 2272 imperio
986 2226 1030 2261 ad
1055 2231 1209 2260 senatum
1234 2231 1271 2260 et
1293 2237 1426 2260 omnem
1448 2226 1603 2262 civitatis

142 2270 307 2318 populum
337 2271 539 2307 concionem
561 2271 682 2319 habuit
704 2272 892 2317 aequitatis
913 2253 1048 2318 pienam
1061 2298 1072 2316 ‚
1108 2276 1145 2306 et
1167 2271 1293 2306 deinde
1316 2283 1429 2307 rerum
1453 2273 1602 2307 admini-

142 2316 348 2356 strationem
370 2328 556 2362 aggressus
580 2320 652 2362 est,
682 2318 776 2352 nulla
798 2318 835 2352 in
858 2329 897 2352 re
921 2329 942 2352 a
964 2317 1134 2352 modestia
1157 2323 1193 2352 et
1216 2317 1392 2363 aequitate
1415 2319 1602 2363 recedens;

145 2370 183 2399 et
204 2362 395 2399 honoribus
417 2368 598 2399 senatores
622 2369 659 2398 et
681 2363 835 2408 plebeios
858 2363 981 2398 multos
1002 2363 1160 2408 ornavit,
1191 2370 1295 2411 atque
1319 2376 1379 2399 eos
1404 2365 1465 2409 qui
1487 2364 1601 2410 impe-

142 2415 247 2444 rante
276 2409 452 2445 Comneno
483 2408 637 2455 propriis
668 2409 859 2444 honoribus
883 2409 1084 2444 exciderant
1106 2410 1142 2444 in
1166 2410 1349 2455 pristinum
1373 2415 1498 2445 statum
1522 2411 1603 2445 vin-

144 2454 291 2490 dicavit.
338 2454 462 2490 multos
486 2454 575 2490 enim
600 2454 659 2490 ille
685 2467 727 2490 ex
753 2455 944 2490 illustribus
969 2456 1159 2502 obscuros2
1178 2468 1222 2490 ex
1245 2455 1406 2500 gloriosis
1429 2456 1604 2502 ignobiles

142 2501 244 2537 fecit.
292 2512 369 2536 cum
402 2500 492 2535 enim
522 2501 633 2536 sancti
661 2502 775 2547 magni
800 2501 964 2546 martyris
987 2502 1134 2546 Georgii
1155 2501 1231 2536 dies
1255 2502 1365 2536 festus
1390 2503 1603 2548 advenisset,

145 2547 902 2629 mmm
923 2548 1126 2628 εειετῑῑεῐὲ
1148 2550 1405 2594 ¹¹¹¹

142 2605 247 2685 grobi
270 2639 394 2674 malum
417 2605 598 2673 conililiuim
611 2606 776 2675 ¹ineditati
796 2639 943 2674 insidias
966 2605 1179 2686 imperatorii
1189 2645 1362 2675 struxere.
1398 2607 1499 2675 3¹33?
1518 2607 1604 2676 vlgrlo

142 2684 388 2731 perfecerunt,
421 2684 487 2719 deo
519 2690 653 2719 coetum
684 2685 778 2720 illum
808 2685 948 2732 impium
985 2690 1021 2720 et
1051 2697 1197 2731 pravum
1230 2691 1453 2722 commentum
1478 2686 1605 2722 dissol-

141 2735 268 2765 vente:
295 2730 362 2766 hoc
387 2730 476 2766 enim
502 2730 571 2765 sibi
593 2737 852 2777 proposuerunt
873 2731 1091 2776 faciendum,
1116 2737 1155 2766 ut
1174 2731 1210 2766 in
1231 2733 1438 2778 profundum
1455 2732 1512 2767 ille
1528 2745 1604 2768 cum

143 2775 301 2812 omnibus
332 2776 406 2812 suis
436 2777 721 2831 demergeretur,
755 2782 878 2823 utpote
898 2789 962 2824 per
985 2789 1079 2812 mare
1103 2778 1149 2813 ad
1173 2778 1337 2825 palatium
1361 2778 1603 2824 navigaturus.

141 2821 262 2860 habita
292 2828 408 2859 autem
438 2830 646 2870 quaestione
677 2828 714 2859 et
744 2828 908 2860 accurate
937 2823 1163 2870 inquisitione
1186 2824 1302 2871 plures
1324 2824 1529 2877 optimates,
1563 2824 1602 2860 in
