1890 3236
267 158 365 207 428
741 156 979 202 GEORGII
1004 157 1249 202 CEDRENI

266 273 389 330 ἀρετῇ
422 265 640 326 διαβόητον
673 270 741 313 καὶ
774 269 943 330 ἀνδρίᾳ,
989 276 1183 329 φρουρεῖν
1214 268 1402 325 ἐκπέμπει
1433 270 1508 328 τὴν
1533 273 1723 318 Νίκαιαν.

265 341 367 396 μετὰ
393 338 538 396 μικρὸν
563 339 608 380 δὲ
635 336 935 392 καταλαμβάνει
966 340 1034 381 καὶ
1065 337 1087 382 ὃ
1117 337 1320 395 Σκληρός,
1354 341 1422 382 καὶ
1443 339 1496 383 τὰ
1517 342 1631 400 πέριξ
1650 347 1725 399 τῆς

266 409 442 457 Νικαίας
460 404 722 463 πυρπολήσας
738 407 872 463 χωρία
890 410 1116 450 τελευταῖον
1136 409 1203 450 καὶ
1225 408 1291 450 ἐπ’
1315 407 1439 463 αὐτὴν
1459 408 1533 463 τὴν
1548 411 1723 457 Νίκαιαν

264 475 420 532 ἔρχεται
430 506 445 527 ,
478 476 546 517 καὶ
574 472 776 517 ἱλεπόλεσι
799 477 866 518 καὶ
885 482 1084 530 μηχαναῖς
1102 477 1355 533 ἕκπορθῆσαι
1372 477 1568 533 ἠπείγετο.
1632 496 1723 536 γεγε,-

262 546 383 593 ναίως
414 543 458 585 δὲ
487 547 560 586 τοῦ
589 543 796 599 Μανουὴλ
823 542 1119 599 ὑποδεξαμένου
1149 545 1223 600 τὴν
1253 545 1509 602 πολιορκίαν,
1555 548 1625 594 καὶ,
1650 546 1757 599 τὰςδ

263 611 568 668 προσαγομένας
599 615 658 670 τῷ
687 613 805 666 τείχει
832 613 1032 667 κλίμακας
1069 614 1137 656 καὶ
1175 613 1362 669 μηχανὰς
1390 619 1597 672 σκευαστῷ
1627 617 1726 672 πυρὶ
1789 658 1792 662 ,

264 677 621 735 πυρπολήσαντος,
654 679 728 735 τὴν
752 681 795 723 ἐκ
822 683 1056 739 πολιορκίας
1083 681 1234 725 ἅλωσιν
1262 682 1465 739 ἀπογνοὺς
1491 681 1513 726 ὃ
1540 682 1727 740 Σκληρὸς

262 750 390 808 ἐνδείᾳ
417 752 498 791 τῶν
518 748 745 804 ἀναγκαίων
768 748 931 804 ἤλπιζεν
954 751 1119 808 αἷρῆσαι
1137 750 1210 806 τὴν
1227 749 1358 794 πόλιν.
1418 748 1572 807 χρόνου
1601 751 1647 794 δὲ
1674 755 1726 809 τῇ

260 818 472 876 πολιορκίᾳ
493 818 697 875 τριβέντος
718 821 870 861 πολλοῦ
890 821 956 862 καὶ
975 824 1055 862 τῶν
1073 819 1187 862 ἔνδον
1204 819 1444 881 πιεζομένων
1463 823 1517 877 τῇ
1535 820 1726 880 σιτοδείᾳ,

123 894 153 927 Ρ
175 894 241 928 691
264 886 322 942 μὴ
347 885 447 940 ἔχων
467 884 490 928 ὅ
512 903 552 928 τι
573 887 640 929 καὶ
664 884 846 943 δράσειεν
864 885 886 929 ὃ
907 889 1113 942 Μανουὴλ
1132 891 1219 944 μηδ
1225 888 1238 904 ²
1264 888 1363 931 ὅθεν
1385 889 1652 942 εἷσκομίσεται
1671 888 1723 931 τὰ
1736 892 1781 942 10

266 954 370 1012 πρὸς
385 953 431 997 τὸ
454 955 522 1009 ζῆν
538 954 737 1011 ἀναγκαῖα
755 955 949 1010 ἐπιμελῶς
964 961 1036 1000 τοῦ
1056 959 1242 1014 Σκληροῦ
1261 957 1335 1007 τὰς
1351 954 1532 1008 εἲσόδους
1553 961 1725 1013 τηροῦν-

267 1041 360 1075 τος,
396 1021 529 1080 ἀπάτῃ
560 1022 631 1066 τόν
661 1025 846 1082 Σκληρὸν
868 1024 966 1081 ἔγνω
988 1029 1225 1080 περιελθεῖν.
1295 1026 1430 1080 ἀμέλει
1452 1027 1519 1068 καὶ
1539 1025 1636 1076 τοὺς
1653 1028 1726 1080 τῆς

265 1093 442 1142 Νικαίας
466 1096 739 1145 σιταβολῶνας
761 1091 937 1148 ψάμμου
962 1092 1192 1149 λεληθότως
1214 1092 1506 1151 πεπληρωκώς,
1537 1095 1605 1136 καὶ
1628 1093 1726 1152 σίτῳ

267 1159 427 1202 ἄνωθεν
449 1160 522 1215 τὴν
544 1159 778 1218 ἐπιφάνειαν
797 1160 1044 1219 ἕπιχρώσας,
1081 1160 1135 1212 ὧς
1155 1163 1398 1205 κλέπτεσθαι
1420 1162 1494 1213 τὰς
1511 1161 1627 1216 ὄψεις
1645 1165 1726 1206 τῶν

265 1229 505 1283 θεωμένων,
548 1229 662 1280 τινὰς
694 1235 774 1273 τῶν
805 1229 1019 1286 ἡλωκότων
1046 1230 1125 1273 ἀπὸ
1150 1235 1225 1286 τῆς
1252 1234 1332 1273 τῶν
1362 1232 1549 1274 ἐναντίων
1575 1231 1723 1287 μοίρας
1735 1231 1780 1268 15

264 1295 642 1354 προσκαλεσάμενος
657 1300 806 1342 ἐδείκνυ
824 1300 875 1342 τὰ
891 1306 1065 1354 ταμιεῖα,
1082 1300 1150 1342 καὶ
1165 1299 1267 1355 πρὸς
1278 1298 1347 1341 τὸν
1356 1298 1539 1356 Σκληρὸν
1549 1298 1724 1355 ἐπαφίη-

263 1383 351 1418 σιν,
392 1369 514 1409 εἷπεΐν
547 1366 776 1423 ἐπισκήψας
810 1366 946 1426 ὅτιπερ
976 1367 1048 1424 τὴν
1083 1369 1127 1411 ἐκ
1156 1371 1230 1412 τοῦ
1259 1371 1380 1422 λιμοῦ
1412 1368 1646 1424 πολιορκίαν
1675 1366 1724 1409 οὗ

264 1435 428 1477 δέδοικα
463 1434 735 1492 (ἀποχρώσας
763 1436 841 1494 γὰρ
873 1436 950 1492 ἔχω
971 1436 1129 1494 τροφὰς
1149 1439 1217 1479 καὶ
1237 1438 1301 1480 ἐπὶ
1320 1438 1434 1479 δυσὶν
1451 1435 1559 1486 ὅλοις
1576 1435 1678 1478 ἔτεσι
1687 1435 1724 1489 ),

265 1504 475 1563 πολιορκία
497 1504 541 1545 δὲ
560 1502 730 1560 ἄλλωςῆ
748 1504 863 1555 πόλις
881 1504 1107 1556 ἀνάλωτος·
1136 1505 1188 1548 τὰ
1207 1505 1261 1547 σὰ
1281 1507 1307 1548 δ
1311 1505 1323 1521 ²
1347 1504 1423 1561 ἐγὼ
1442 1508 1603 1562 φρονῶν
1621 1504 1725 1547 ἕτοι-

211 1581 243 1616 Β
264 1569 342 1626 μός
360 1574 439 1627 εἶμι
456 1569 702 1628 ὖπεκστῆναί
717 1591 782 1616 σοι
800 1578 872 1629 τῆς
891 1572 1066 1626 πόλεως,
1094 1575 1129 1616 εἲ
1146 1574 1240 1628 ἐμοί
1255 1591 1297 1616 τε
1318 1575 1386 1616 καὶ
1405 1579 1489 1623 τοῖς
1507 1573 1600 1627 μετ’
1624 1574 1780 1627 ε’μοῦἓθ

265 1640 324 1682 δι’
347 1638 478 1697 ὅρκων
500 1642 613 1696 δοίης
632 1642 788 1685 ἀπιέναι
811 1641 889 1699 ὅπῃ
911 1643 962 1697 δὴ
982 1644 1049 1684 καὶ
1071 1640 1314 1698 αἱρούμεθα.
1379 1642 1563 1696 ἀσμένως
1585 1641 1630 1683 δὲ
1651 1645 1725 1683 τοῦ

263 1706 413 1766 Βάρὸα
444 1710 659 1763 δεξαμένου
686 1710 756 1754 τὸν
777 1709 896 1766 λόγον
916 1712 982 1753 καὶ
1006 1712 1154 1761 πίστεις
1173 1709 1493 1766 παρεσχηκότος,
1527 1709 1623 1760 τοὺς
1643 1712 1726 1752 ,Νι-

264 1783 374 1828 καεῖς
391 1775 412 1820 ὃ
430 1778 637 1834 Μανουὴλ
660 1779 835 1837 εἴληφὼς
849 1781 916 1822 καὶ
935 1779 1005 1822 τὸν
1026 1779 1136 1838 ἀμφ’
1162 1779 1285 1822 αὐτὸν
1305 1779 1479 1837 στρατὸν
1497 1778 1602 1834 μετὰ
1621 1775 1725 1820 πάν-

355 1895 400 1930 10
423 1893 518 1950 μηδ’
543 1893 635 1940 ἔχων
660 1892 756 1933 ὅθεν
776 1897 809 1933 C
962 1896 1007 1934 14
1029 1892 1211 1941 ἐπιχῶσας
1232 1907 1350 1941 margo
1373 1895 1403 1931 P
1540 1896 1587 1932 22
1609 1905 1726 1941 παρε-

355 1950 532 1986 στηκοτος
554 1943 587 1978 C

266 2044 337 2078 lum
366 2042 569 2087 Eroticum,
607 2043 716 2079 nobili
748 2055 880 2090 genere
910 2048 1023 2079 ortum
1053 2046 1091 2079 et
1120 2042 1257 2080 virtute
1283 2055 1325 2078 ac
1353 2041 1561 2077 fortitudine
1583 2039 1726 2086 clarum,

268 2088 395 2123 emittit
425 2090 470 2124 ad
501 2090 760 2125 custodiendam
796 2091 976 2125 Nicaeam.
1020 2089 1123 2135 paulo
1161 2094 1243 2135 post
1274 2090 1319 2124 ad
1351 2100 1423 2123 eam
1448 2090 1565 2123 urbem
1589 2087 1727 2122 accedit

267 2135 405 2179 Durus,
439 2141 474 2170 et
494 2135 656 2171 incendio
681 2140 840 2171 evastata
861 2135 993 2171 vicinia
1013 2135 1152 2170 tandem
1177 2135 1288 2182 ipsam
1312 2145 1451 2181 quoque
1471 2132 1652 2169 machinis·
1661 2133 1725 2168 ad-

267 2180 392 2214 hibitis
422 2187 611 2227 oppugnat.
660 2187 697 2217 et
726 2194 802 2217 cum
829 2181 971 2216 fortiter
1003 2182 1209 2217 defenderet
1239 2180 1442 2225 Manuelus,
1478 2179 1660 2224 scalasque
1687 2182 1727 2214 et

268 2226 444 2261 machinas
481 2230 635 2262 admotas
672 2229 749 2272 igni
786 2228 977 2263 artificioso
1013 2234 1199 2273 cremaret,
1237 2227 1275 2262 vi
1304 2239 1344 2261 se
1373 2227 1494 2262 urbem
1525 2235 1727 2271 expugnare

266 2284 373 2318 posse
403 2273 590 2318 desperans
619 2275 773 2318 Bardas,
808 2275 852 2309 ob
884 2273 1065 2321 penuriam
1088 2279 1201 2308 autem
1223 2273 1375 2308 deditum
1396 2272 1442 2307 iri
1464 2271 1602 2306 tandem
1627 2270 1726 2316 cogi-

265 2327 366 2362 tans,
408 2318 467 2352 diu
502 2319 715 2355 obsidionem
748 2320 871 2358 traxit.
919 2321 1103 2366 oppidanis
1136 2320 1374 2355 alimentorum
1406 2318 1549 2353 defectu
1580 2317 1725 2363 pressis,

266 2363 451 2398 Manuelus
476 2375 545 2408 quo
569 2377 607 2400 se
629 2371 786 2401 verteret
805 2366 964 2410 nescius,
1002 2378 1077 2401 cum
1100 2367 1196 2400 Duro
1221 2366 1335 2400 aditus
1358 2363 1454 2399 urbis
1477 2367 1638 2398 accurate
1662 2373 1724 2397 cu-

266 2410 441 2444 stodiente
472 2410 594 2445 invehi
613 2412 709 2448 nihil
732 2417 871 2457 posset,
905 2412 984 2447 dolo
1007 2411 1259 2447 circumvenire
1282 2422 1357 2445 eum
1380 2409 1514 2445 statuit.
1560 2407 1727 2454 granaria

264 2456 421 2490 Nicaeae
451 2455 538 2490 clam
570 2467 676 2491 arena
705 2464 868 2503 congesta
896 2458 1036 2503 implet,
1068 2458 1106 2492 in
1129 2457 1316 2504 superficie
1339 2457 1511 2491 frumento
1534 2459 1725 2498 constratu,

266 2509 306 2535 ut
337 2513 443 2535 arena
472 2501 584 2537 visum
616 2502 765 2538 falleret.
811 2510 882 2539 tum
905 2505 1074 2549 quendam
1096 2505 1141 2539 de
1162 2504 1320 2538 hostibus
1343 2507 1480 2548 captum
1504 2512 1546 2536 eo
1570 2500 1725 2544 adducit,

266 2551 304 2580 et
334 2546 394 2581 illa
425 2547 656 2592 demonstrat,
696 2555 732 2584 et
753 2550 798 2583 ad
819 2550 949 2585 Durum
974 2550 1125 2594 emittit,
1157 2562 1233 2585 cum
1256 2549 1310 2583 his
1335 2547 1524 2591 mandatis,
1555 2559 1595 2581 se
1621 2545 1725 2591 plane

239 2630 242 2633 ,
266 2593 310 2626 ab
333 2593 517 2629 obsidione
540 2593 709 2639 penuriae
732 2606 837 2630 causa
860 2595 946 2630 nihil
968 2596 1036 2630 sibi
1060 2601 1234 2640 metuere,
1265 2596 1471 2629 instructum
1496 2592 1599 2626 etiam
1623 2591 1724 2626 bien-

267 2637 317 2672 nii
340 2637 469 2683 integri
492 2638 685 2674 alimentist
718 2644 790 2674 tum
814 2642 934 2676 urbem
955 2642 1064 2687 ipsam
1089 2641 1126 2676 vi
1149 2651 1364 2686 nequaquam
1391 2638 1586 2684 expugnari
1604 2648 1723 2684 posse.

266 2689 381 2717 tamen
405 2684 498 2728 quod
519 2684 589 2730 ipsi
612 2687 704 2720 bene
725 2686 852 2732 vellet,
880 2688 967 2722 urbe
987 2688 1155 2722 excedere
1178 2694 1333 2733 paratum
1359 2697 1454 2728 esse,
1485 2684 1516 2718 si
1539 2684 1606 2718 hoc
1629 2682 1723 2718 obti-

269 2735 351 2763 neat
378 2734 419 2763 ut
447 2729 638 2765 iuramento
668 2732 848 2766 confirmet
875 2733 991 2768 Durus
1014 2746 1052 2768 se
1074 2733 1144 2778 ipsi
1167 2739 1204 2767 et
1227 2732 1298 2767 suis
1321 2731 1465 2766 liberam
1494 2741 1563 2774 quo
1595 2729 1725 2764 vellent

268 2775 418 2809 abeundi
441 2776 525 2810 dare
547 2783 768 2821 potestatem.
815 2777 966 2813 libenter
994 2791 1066 2813 eam
1097 2779 1332 2813 condicionem
1357 2777 1515 2822 amplexo
1538 2776 1656 2819 Duro,
1690 2778 1726 2807 et

270 2821 371 2856 sidem
393 2821 573 2868 firmante,
598 2823 780 2859 Manuelus
803 2835 879 2859 cum
900 2825 1155 2862 Nicaeensibus
1178 2831 1214 2860 ct
1235 2836 1298 2859 suo
1322 2823 1479 2858 exercitu
1500 2821 1724 2864 omnibusque
