1890 3236
294 211 391 256 282
765 206 1004 255 GEORGII
1033 206 1275 254 GEDREM

291 329 477 374 νοοῦντος
502 322 553 366 τὰ
578 321 834 378 πεπραγμένα
862 326 949 373 πῶς
978 321 1071 365 ἄνευ
1099 328 1171 377 τῆς
1194 322 1320 366 αὐτοῦ
1338 322 1553 374 κελεαῖσεως
1565 328 1744 379 τολμᾶτε

292 393 344 436 τὰ
374 395 539 434 τοιαῦτα
568 389 911 446 διαπράττεσθαις
945 391 984 433 οἱ
1016 392 1059 433 δὲ
1090 393 1294 448 ἐπίτροποι
1324 394 1391 435 καὶ
1414 392 1581 448 myrra&
1599 392 1745 436 ‘Aeonem

292 461 570 515 ἃποκείραντες
596 466 764 513 γυναῖκα
787 460 842 509 εἷς
863 458 933 501 τὸν
957 460 999 501 ἓν
1018 464 1070 517 τῇ
1091 462 1365 520 Παφλαγονίᾳ
1392 458 1500 504 οἶκον
1527 459 1655 516 αὐτῆς
1674 461 1744 512 ’ἓξ-

293 529 556 570 aagendam,
587 527 768 580 ἐξέτεμον
789 527 833 569 δὲ
852 529 919 570 καὶ
942 529 1151 585 Στέφανον
1169 528 1239 572 τὸν
1257 528 1408 584 ταύτης
1425 528 1526 572 υἱόν.
1571 548 1575 555 ·

419 595 559 638 Ἀλλὰ
589 593 744 638 τούτων
781 595 886 638 κατὰ
922 595 994 651 τὴν
1027 594 1144 638 πόλιν
1173 598 1477 654 πραττομένων,
1522 595 1697 651 Συμεὼν
1710 593 1777 639 ’ὅό

288 665 545 719 Βουλγαρίας
575 662 711 720 ἄρχων
745 663 849 718 μετὰ
874 665 1042 721 βαρείας
1071 663 1278 720 δυνάμεως
1306 665 1493 721 εἶσβολὴν
1517 664 1622 708 κατὰ
1643 662 1745 720 Ῥω-
1783 681 1786 685 ’

289 733 419 785 μαίων
432 730 663 787 ἐποιήσατο,
686 733 752 775 καὶ
768 731 841 787 τὴν
852 734 1045 786 βασιλίδα
1057 732 1228 791 φθάσας
1240 732 1406 792 χάρακα
1418 734 1653 791 περιέβαλεν
1663 729 1744 775 ἀπό

289 818 331 842 τε
352 804 590 857 Βλαχερνῶν
613 802 680 842 καὶ
699 801 815 857 μέχρι
832 805 904 856 τῆς
924 802 1135 858 λεγομένης
1146 808 1304 859 χρυσῆς
1321 801 1486 860 πόρτης,
1507 803 1575 844 καὶ
1592 798 1745 855 μετέω-

237 884 267 918 Β
293 886 363 925 ρος
381 863 430 923 ἦν
449 875 537 919 ταῖς
556 870 685 911 ἐλπίσι
699 868 848 928 ῥαδίως
863 868 1012 925 ταύτην
1030 869 1143 913 ἑλεῖν.
1177 872 1432 925 καταμαθών
1452 872 1496 914 δὲ
1507 870 1580 924 τὴν
1599 867 1746 926 ὀχυρό-

288 954 390 992 τητα
405 941 484 979 τῶν
501 941 641 992 τειχῶν
662 939 729 980 καὶ
747 938 794 980 τὸ
813 941 974 993 πλῆθος
992 944 1072 982 τῶν
1089 939 1485 997 τειχοφυλακούντων
1498 941 1564 981 καὶ
1577 938 1650 993 τὴν
1662 941 1743 981 τῶν
1755 943 1800 980 10

290 1004 544 1062 πετροβόλων
558 1007 624 1047 καὶ
638 1004 864 1060 τοξοβόλων
882 1006 1062 1063 ὀργάνων
1084 1009 1311 1062 δαψίλειαν,
1331 1008 1530 1065 ἀφέμενος
1540 1010 1621 1050 τῶν
1634 1006 1745 1048 ἐλπί-

293 1076 374 1116 δων
391 1075 431 1115 ἐν
447 1079 503 1132 τῷ
519 1072 707 1132 Ἑβδόμῳ
728 1073 989 1132 ὑπέστρεψεν,
1032 1076 1231 1132 εἰρηνικὰς
1257 1077 1434 1127 σπονδὰς
1455 1073 1744 1130 ἐξαιτούμενος.

289 1146 371 1184 τῶν
392 1142 433 1183 δ’
459 1142 680 1198 ἐπιτρόπων
703 1143 977 1198 ἀσμενέστατα
1004 1145 1229 1198 δεξαμένων
1249 1145 1318 1187 τὸν
1337 1143 1467 1200 λόγον,
1511 1143 1744 1187 ἀποστέλλει

290 1208 311 1251 ὃ
334 1211 501 1265 Συμεὼν
518 1212 587 1254 τὸν
605 1210 751 1256 ἑαυτοῦ
769 1210 992 1269 μάγιστρον
1015 1212 1228 1269 Θεόδωρον
1249 1211 1437 1268 ὁμιλῆσαι
1455 1214 1544 1269 περὶ
1564 1209 1744 1271 εἶρήνης·

289 1273 338 1321 οὗ
364 1281 684 1336 παραγενομένου
710 1282 777 1322 καὶ
807 1279 937 1337 λόγων
963 1282 1205 1336 κινηθέντων
1235 1286 1408 1333 πολλῶν,
1451 1277 1744 1337 ὃπατριάρχης
1755 1287 1797 1324 15

287 1346 376 1401 ἅμα
397 1355 479 1398 τοῖς
495 1353 646 1399 λοιποῖς
665 1347 894 1405 ἐπιτρόποις
914 1349 1181 1404 ἀναλαβόντες
1199 1350 1269 1392 τὸν
1287 1350 1457 1404 βασιλέα
1476 1350 1517 1391 ἓν
1533 1352 1592 1406 τῷ
1609 1351 1744 1390 παλα-

286 1417 359 1473 ‘city
384 1411 516 1471 ’ἦλθον
543 1422 624 1459 τῶν
643 1421 899 1475 Βλαχερνῶν,
934 1421 1002 1460 καὶ
1020 1417 1202 1475 ὁμήρους
1222 1417 1357 1469 δόντες
1378 1415 1610 1473 ἀξιολόγους
1633 1413 1743 1471 εἰσή-

286 1501 409 1539 γαγον
441 1485 510 1528 τὸν
539 1485 708 1539 Συμεών
731 1488 772 1528 ἐν
800 1491 856 1544 τῷ
886 1488 1091 1545 παλατίῳ,
1126 1488 1194 1529 καὶ
1213 1485 1476 1541 συνειστιάθη
1495 1490 1553 1543 τῷ
1569 1487 1742 1540 βασιλεῖ,

233 1568 265 1602 c
290 1558 361 1595 τοῦ
383 1553 550 1608 Συμεὼν
580 1539 866 1605 ὗποκλίναντος
895 1560 951 1613 τῷ
978 1553 1206 1613 πατριάρχῃ
1238 1556 1311 1610 τὴν
1331 1553 1510 1613 κεφαλὴν
1533 1555 1600 1595 καὶ
1624 1552 1744 1607 εὐχὴν

287 1623 504 1675 δεξαμένου
527 1623 630 1677 παρ’
656 1623 803 1674 αὐτοῦ,
847 1624 1056 1674 ἐπιθέντος
1065 1656 1079 1675 ,
1114 1623 1170 1673 ὥς
1192 1641 1317 1680 φασι,
1351 1628 1401 1680 τῇ
1428 1627 1500 1665 τοῦ
1525 1619 1741 1679 βαρβάρου
1753 1631 1798 1666 20

287 1694 446 1747 κεφαλῇ
469 1692 555 1733 ἀντὶ
574 1689 774 1747 στεφάνου
798 1691 843 1734 τὸ
861 1692 962 1734 ἴδιον
983 1690 1296 1749 ἓπιρριπτάριον.
1330 1691 1433 1746 μετὰ
1454 1692 1497 1733 δὲ
1514 1690 1586 1745 τὴν
1608 1688 1743 1732 ἑστία-

287 1775 367 1809 σιν,
401 1757 648 1813 ἀσυμβάτων
663 1759 882 1814 γενομένων
902 1762 991 1817 περὶ
1009 1765 1081 1816 τῆς
1103 1758 1261 1817 εἰρήνης
1271 1792 1286 1813 ,
1316 1758 1462 1816 δώροις
1481 1757 1502 1802 ὅ
1519 1775 1560 1800 τε
1575 1757 1744 1812 Συμεὼν

286 1828 352 1868 καὶ
382 1827 420 1868 οἳ
445 1826 588 1870 τούτου
610 1830 749 1878 παῖδες
770 1830 1136 1885 φιλοφρονηθέντες
1158 1831 1213 1880 εἷς
1233 1829 1306 1885 τὴν
1326 1830 1433 1872 ἰδίαν
1454 1825 1743 1883 ἀπηλλάγησαν

283 1893 436 1951 χώραν.
505 1898 569 1938 καὶ
592 1900 720 1938 ταῦτα
738 1897 812 1950 μὲν
829 1895 1043 1954 ἐπράττετο
1061 1900 1172 1954 τῇδε.

376 1981 400 2014 2
424 1978 559 2021 δουκὸς
582 1981 612 2015 C
726 1981 750 2017 7
769 1979 1022 2027 περιεβάλλετο
1047 1984 1077 2017 C
1195 1983 1238 2018 16
1261 1980 1445 2028 βασίλειον
1464 1979 1494 2014 C
1594 1979 1640 2015 18
1663 1979 1743 2018 τοῖς

377 2028 571 2067 παλατίοις
591 2027 622 2061 C
759 2029 803 2062 19
825 2028 895 2062 τοῦ
913 2026 1141 2073 πατριάρχου
1164 2028 1194 2062 C

286 2095 349 2140 qni
372 2107 459 2140 puer
482 2096 594 2130 adhuc
626 2095 710 2140 quid
742 2101 924 2140 gereretur
946 2108 1015 2130 non
1037 2096 1270 2141 intelligeret,
1300 2098 1398 2130 tanta
1421 2094 1589 2129 auderent
1609 2093 1741 2128 facere.

286 2141 312 2174 ii
349 2147 482 2175 tutores
514 2153 656 2176 uxorem
692 2153 831 2187 quoque
862 2142 980 2175 Ducae
1010 2150 1170 2176 raserunt
1200 2147 1237 2176 et
1267 2141 1403 2175 domum
1428 2151 1542 2183 suam,
1578 2150 1679 2184 quam
1706 2138 1743 2173 in

285 2187 526 2233 Paphlagonia
541 2188 704 2232 habebat,
718 2188 932 2231 dimiserunt,
950 2187 1127 2233 filiumque
1141 2188 1216 2222 eius
1232 2187 1445 2232 Stephanum
1459 2189 1712 2220 castraverunt.

376 2233 466 2267 Dum
484 2233 587 2268 >haec
618 2234 655 2268 in
688 2236 774 2268 urbe
807 2241 996 2279 geruntur,
1027 2234 1163 2268 interim
1189 2233 1306 2267 Simeo
1328 2233 1555 2277 Bulgarorum
1579 2230 1744 2275 princeps

285 2279 386 2323 gravi
410 2291 484 2314 cum
510 2280 665 2315 exercitu
686 2280 723 2314 in
746 2281 979 2315 Romanorum
1003 2279 1173 2314 dicionem
1194 2278 1341 2322 invadit,
1365 2284 1402 2312 et
1424 2279 1469 2312 ad
1485 2276 1610 2323 Cpolin
1631 2277 1742 2320 venit,

285 2330 392 2369 atque
416 2337 436 2359 a
459 2325 663 2360 Blacheruis
687 2338 797 2372 usque
821 2327 866 2360 ad
889 2337 1026 2359 auream
1060 2331 1195 2371 portam
1219 2331 1334 2359 castra
1357 2324 1469 2369 ponit.
1515 2333 1744 2367 magnumque

285 2382 382 2415 spem
407 2378 616 2417 conceperat
637 2373 734 2406 urbis
760 2372 967 2418 potiundae:
992 2371 1054 2405 sed
1076 2377 1116 2406 ut
1135 2372 1264 2405 certior
1286 2371 1401 2404 factus
1422 2376 1478 2404 est
1503 2370 1548 2403 de
1570 2379 1742 2403 murorum

285 2417 470 2460 firmitate,
503 2418 721 2453 multitudine
751 2423 1045 2464 propugnatorum
1077 2429 1161 2452 saxa
1190 2416 1411 2460 iactantiam,
1446 2414 1678 2449 machinarum
1707 2418 1744 2447 et

285 2463 487 2497 balistarum
513 2465 744 2508 abundantia,
778 2464 964 2509 repudiata
988 2475 1029 2498 ea
1052 2475 1115 2508 spe
1148 2464 1192 2497 ad
1215 2462 1432 2497 Hebdomum
1462 2460 1596 2495 recedit
1619 2458 1742 2505 pacifi-

285 2508 524 2553 cationemque
549 2511 673 2556 poscit.
720 2510 756 2544 id
782 2511 851 2545 suit
872 2510 978 2543 multo
1000 2509 1231 2553 gratissimum
1257 2508 1452 2548 tutoribus;
1475 2507 1668 2549 missusque
1689 2508 1744 2538 est

253 2561 258 2567 ·
286 2565 307 2586 a
331 2554 493 2589 Simeone
517 2556 682 2600 magister
703 2556 815 2601 ipsius
838 2556 1068 2599 Theodorus,
1107 2560 1143 2589 et
1165 2555 1209 2588 de
1233 2566 1320 2599 pace
1345 2553 1497 2587 habitum
1521 2550 1740 2594 colloquium.

286 2599 400 2633 multis
424 2600 512 2634 ultro
540 2602 697 2646 citroque
720 2601 937 2637 commutatis
960 2601 1091 2646 verbis,
1127 2599 1327 2645 patriarcba
1351 2610 1426 2632 cum
1446 2596 1590 2641 reliquis
1613 2595 1741 2629 tutori-

285 2646 351 2679 bus
384 2645 556 2681 ‹leducunt
585 2648 830 2692 imperatorem
863 2647 899 2681 in
924 2647 1180 2682 Blachernense
1203 2645 1389 2691 palatium3
1422 2642 1583 2686 datisque
1606 2641 1743 2695 idoneis

287 2691 465 2725 obsidibus
499 2693 619 2726 eodem
651 2694 695 2727 ad
725 2694 923 2728 convivium
955 2693 1176 2739 imperatoris
1209 2691 1404 2725 Simeonem
1437 2688 1624 2734 recipiunt.
1681 2688 1742 2721 ubi

286 2737 424 2780 quidem
448 2743 553 2783 caput
575 2739 795 2782 patriarchae
817 2738 989 2782 Bulgarus
1012 2739 1174 2784 princeps
1197 2735 1367 2778 submisit,
1392 2739 1428 2767 et
1450 2736 1494 2768 ab
1517 2745 1560 2767 eo
1583 2744 1741 2786 compre—

287 2782 459 2817 nationem
483 2783 653 2828 obtinuit,
688 2785 814 2830 capiti,
837 2790 878 2819 ut
899 2785 1031 2828 fertur,
1057 2783 1230 2817 Simeonis
1250 2782 1448 2826 imponente
1467 2791 1564 2814 sunm
1589 2778 1741 2824 epirrln-

290 2829 451 2872 ptarium.
500 2834 579 2873 post
602 2831 798 2864 convivium
820 2829 917 2875 pacis
942 2829 1204 2865 condicionibus
1227 2826 1449 2873 compositis,
1483 2826 1625 2860 Simeon
1647 2824 1741 2859 eius-

289 2886 357 2920 que
379 2874 482 2910 liberi
505 2876 625 2910 donati
648 2877 782 2912 domum
805 2877 979 2912 abierunt.
