1890 3236
313 193 410 244 176
780 191 1018 240 GEoRGn
1049 189 1292 240 GEDRENI

310 313 384 366 κῆς
400 307 514 360 ἀξίας
533 306 662 358 ἀξίου.
705 305 778 350 καί
792 321 888 348 ποτε
903 305 1053 364 γυναίῳ
1070 303 1320 363 συναντήσας
1339 307 1383 353 ἐκ
1403 308 1757 364 βαλανείωιέπω-

257 391 289 428 c
313 377 409 421 ιόντι
443 378 510 419 καὶ
539 372 693 429 κάλπην
721 374 785 415 ἐπὶ
811 379 954 430 χεῖρας
983 372 1111 428 ἔχοντι
1138 374 1348 430 (hulme
1377 378 1447 422 τὸν
1465 376 1757 435 ταύτης-κάδοι

309 448 353 489 ἐκ
371 449 442 488 τοῦ
463 444 578 486 θείου
599 445 773 498 λουτροῦ
789 440 1146 499 υἷοθετησάμενος)
1168 449 1242 487 τοῦ
1255 445 1381 488 ἵππου
1397 446 1560 501 ἀποβὰς
1573 447 1757 503 robe-9⁸30·

307 508 614 569 συγκλητικούς,
650 507 738 552 ὅσοι
758 508 888 568 τούτῳ
909 511 1170 568 παρείποντο,
1203 512 1307 554 κατὰ
1329 514 1381 554 τὰ
1408 515 1530 556 ἐκεῖσε
1553 514 1757 575 ἀνάκτορα

309 580 595 631 ἐξαπέστειλεν,
639 577 667 621 ἃ
689 579 732 622 δὲ
751 580 1090 636 προσηταιρίσατο
1110 581 1179 622 καὶ
1203 580 1447 638 παρέτρεφεν
1464 580 1789 626 ἀκόλαστα-καὶὸ

307 648 477 703 πορνικὰ
497 644 699 704 ἀνδράρια
725 647 975 704 παραλαβών
1000 646 1116 704 ἀπῄει
1137 648 1239 703 μετὰ
1263 653 1337 703 τῆς
1354 647 1562 705 γυναικός,
1594 651 1662 693 καὶ
1685 650 1759 707 τὴν
1778 705 1781 708 ¹

307 715 463 771 κάλπην
490 719 570 758 τῶν
593 716 741 770 ἐκείνης
756 719 903 773 χειρῶν
925 715 1134 773 ἀφείλετο,
1179 718 1246 759 καὶ
1267 714 1369 774 “ἀ’γε
1398 719 1502 773 δῆτα
1520 712 1558 760 ὦ
1578 716 1695 774 γύναι
1706 719 1755 772 ,”

308 783 388 828 εἶπε
417 783 665 841 “ι9·αρροῦσα
695 785 806 834 δέξαι
834 801 886 839 με
915 784 957 826 ἓν
983 788 1033 841 τῇ
1061 785 1168 844 οῗκίᾳ
1199 802 1288 837 σου,
1336 790 1488 840 ψωμοῦ
1508 784 1759 844 πιτυρῶδους

305 852 442 909 ἔφεσιν
460 851 601 906 ἔχοντα
622 856 688 894 καὶ
710 850 1051 910 ἀσβεστοτύρου.”
1099 851 1154 903 ὡς
1175 854 1215 896 δ’
1238 852 1420 910 ἄπεπάγη
1437 854 1537 911 πρὸς
1553 854 1623 898 τὸν
1641 853 1757 912 λόγον

305 919 332 976 ἡ
351 920 449 977 γυνὴ
467 921 639 974 μηδενὸς
660 920 886 977 εὖποροῦσα
906 925 986 964 τῶν
1005 922 1107 978 πρὸς
1123 920 1340 977 ὑποδοχήν,
1369 920 1390 964 ὃ
1410 923 1584 978 Μιχαὴλ
1601 927 1758 967 θᾶττον
1766 932 1811 968 10

305 988 331 1044 ἢ
353 988 469 1045 λόγος
492 987 653 1032 σινδόνα
678 987 830 1043 λαβών,
873 988 924 1044 ἢν
949 988 1089 1045 ἤνεγκε
1118 990 1164 1033 τὸ
1192 989 1354 1046 γύναιον
1381 992 1424 1034 ἐκ
1451 995 1525 1034 τοῦ
1541 993 1756 1046 βαλανείου

307 1056 363 1100 ἔτι
386 1056 603 1114 διάβροχον
630 1052 768 1109 οὖσαν,
816 1057 902 1100 ἀντὶ
929 1062 1003 1113 τῆς
1027 1056 1300 1115 ὑπηρετούσης
1329 1064 1381 1117 τῇ
1405 1060 1578 1117 τραπέζῃ
1607 1058 1758 1116 ὀθόνης

254 1135 287 1170 D
311 1125 440 1181 ἣπλου
461 1127 524 1167 ἐπὶ
543 1130 615 1169 τοῦ
637 1124 816 1183 ἐδάφους
822 1157 836 1178 ,
882 1127 948 1169 καὶ
968 1126 1041 1181 τὴν
1062 1129 1198 1169 κλεῖδα
1214 1127 1286 1182 τὴν
1301 1132 1373 1183 τῆς
1392 1128 1577 1184 γυναικὸς
1597 1127 1757 1186 ἀφελών

305 1194 428 1244 αὐτὸς
466 1189 516 1249 ἦν
551 1194 741 1248 βασιλεὺς
778 1192 973 1253 ἑστιάτωρ
1011 1193 1201 1253 μάγειρος
1229 1197 1513 1252 τραπεζοποιὸς
1539 1195 1756 1252 δαιτυμῶν.

304 1261 591 1318 ξυνδειπνήσας
614 1264 658 1306 δὲ
679 1267 731 1320 τῇ
759 1265 914 1319 γυναικὶ
942 1264 1059 1316 πεζὸς
1089 1265 1156 1306 καὶ
1186 1262 1320 1319 βάδην
1343 1263 1446 1322 πρὸς
1474 1264 1526 1307 τὰ
1553 1262 1755 1323 ἀνάκτορα
1765 1269 1809 1306 15

305 1330 447 1388 ἀπῄει,
480 1335 632 1386 πολλῆς
655 1331 842 1387 εὐηθείας
859 1330 1169 1388 καταγινώσκων
1193 1334 1260 1376 καὶ
1281 1330 1410 1389 τύφου
1431 1336 1511 1376 τῶν
1529 1333 1608 1390 πρὸ
1629 1333 1756 1378 αὗτοῧ

301 1400 501 1454 βασιλέων
518 1398 782 1460 κοσμιότητος
803 1400 1153 1456 ἀντιποιουμένων.
1219 1400 1336 1444 ταῦτ’
1360 1395 1431 1444 οὖν
1457 1399 1615 1445 ἅπαντα
1633 1419 1758 1457 μιση-

301 1468 372 1511 τὸν
395 1469 516 1511 ἒποίει
536 1469 606 1511 τὸν
627 1467 777 1527 ἄνδρα,
812 1471 879 1511 καὶ
896 1469 990 1512 κατ’
1016 1468 1142 1512 αὐτοῦ
1164 1470 1236 1525 τὴν
1254 1467 1414 1513 πάντων
1437 1471 1600 1521 δικαίως
1618 1468 1755 1514 ὖπεκί-

301 1553 359 1579 νει
377 1534 513 1594 ὀργήν.

379 1647 382 1649 Α
438 1606 524 1647 Καὶ
554 1603 600 1647 τὸ
630 1604 681 1660 δὴ
708 1605 909 1662 χείριστον
945 1602 972 1660 ἦ
1001 1608 1082 1648 τῶν
1109 1605 1396 1662 παρεπομένων
1422 1605 1533 1665 αὐτῷ
1563 1606 1810 1649 κιναίδων20
1867 1596 1871 1601 ’

303 1674 455 1730 φατρία
476 1674 543 1716 καὶ
564 1673 666 1730 πρὸς
686 1678 820 1716 πᾶσαν
839 1674 1125 1731 αἰσχρουργίαν
1147 1674 1390 1729 ἐπιτηδείων,
1426 1672 1498 1724 οὓς
1519 1674 1663 1725 ἐκεῖνος
1683 1674 1753 1717 διὰ

301 1746 421 1798 τιμῆς
443 1743 509 1784 καὶ
532 1744 671 1792 αι’δοῦς
691 1741 811 1798 ἄγων,
845 1742 897 1785 τὰ
925 1746 1023 1785 θεῖα
1051 1744 1269 1795 διαπαίζων
1299 1760 1342 1786 τε
1363 1744 1431 1786 καὶ
1454 1742 1754 1800 ἐξορχούμενος,

160 1823 192 1859 Ρ
215 1821 283 1858 554
305 1810 505 1869 ἱερατικὰς
524 1810 669 1861 στολὰς
681 1816 928 1869 χρυσοϋφεῖς
946 1811 1168 1854 ἕνεδίδυσκε
1189 1813 1257 1854 καὶ
1276 1811 1494 1867 ἐπωμίδας,
1534 1813 1603 1854 καὶ
1626 1811 1756 1867 ἀσχη-

394 1931 413 1966 1
439 1925 655 1975 ἀπαντήσας
677 1929 707 1964 C
843 1931 867 1966 2
885 1927 1018 1966 κάλπιν
1039 1931 1070 1966 C
1207 1930 1231 1966 3
1251 1928 1321 1966 τὸν
1342 1928 1457 1964 ἵππον
1475 1929 1506 1964 C
1595 1927 1620 1965 4
1641 1926 1756 1964 ἐκεῖσε

393 1987 448 2010 om
471 1976 502 2010 C
593 1977 615 2012 7
636 1972 704 2021 τήν
724 1972 857 2012 κάλπιν
880 1987 918 2011 τε
941 1978 971 2012 C
1064 1977 1085 2013 8
1108 1974 1155 2022 δὴ
1181 1976 1212 2011 C
1305 1977 1350 2012 14
1370 1973 1460 2022 ἔστη]
1484 1971 1604 2017 mitiis·
1626 1972 1700 2012 ἔστ.
1723 1974 1756 2010 C

304 2090 412 2114 sonae
447 2078 675 2114 conveniente
709 2079 884 2125 gravitate
926 2078 1070 2115 excidit.
1126 2079 1278 2115 occurrit
1308 2078 1493 2125 aliquando
1523 2077 1757 2124 mulierculae,

304 2125 403 2159 cuius
425 2124 532 2159 filium
557 2137 599 2160 ex
622 2136 722 2160 sacro
745 2131 947 2171 susceperat
967 2125 1129 2171 lavacro,
1161 2137 1183 2160 a
1201 2125 1336 2161 ‘balneo
1364 2124 1525 2160 redeunti
1554 2130 1590 2160 et
1615 2123 1756 2159 situlam

303 2170 459 2205 manibus
481 2170 644 2215 gestanti,
690 2171 742 2206 ibi
772 2183 861 2218 equo
893 2171 1107 2206 descendens
1137 2171 1334 2207 senatoriae
1362 2170 1543 2216 diguitatis
1573 2169 1670 2205 viros
1692 2169 1755 2214 qui

300 2216 413 2260 ipsum
437 2216 699 2261 comitabantur,
724 2217 767 2252 ad
789 2217 952 2264 palatium
973 2218 1071 2252 abire
1091 2218 1203 2253 iubet.
1248 2217 1326 2263 ipse
1348 2228 1424 2251 cum
1446 2215 1591 2262 impuris
1614 2220 1651 2250 et
1671 2215 1755 2250 libi-

301 2262 434 2296 dinosis
459 2261 741 2298 homuncionibus
765 2275 852 2309 quos
874 2263 944 2298 sibi
968 2263 1178 2308 adsciverat,
1200 2263 1432 2298 mulierculam
1455 2267 1596 2297 secutus
1617 2261 1755 2296 situlam

301 2321 323 2343 e
348 2308 503 2343 manibus
528 2310 601 2343 eius
624 2310 750 2354 aufert,
777 2316 811 2344 et
832 2306 969 2345 “bono’'
993 2311 1044 2344 ait
1064 2306 1200 2345 “animo
1223 2309 1286 2354 sis,
1311 2321 1332 2343 o
1356 2308 1488 2352 mulier,
1511 2318 1635 2353 meque
1653 2307 1755 2342 domo

302 2358 363 2388 tua
386 2354 518 2399 accipe,
545 2355 605 2400 qui
626 2356 858 2391 furfuraceum
880 2356 935 2391 ius
958 2361 1085 2402 appeto
1109 2361 1146 2390 et
1168 2351 1459 2399 asbestotyrum.”
1502 2364 1580 2388 cum
1602 2353 1648 2388 ad
1668 2352 1756 2388 haec

302 2399 411 2433 verba
440 2400 642 2446 diriguisset
671 2401 889 2446 muliercula,
921 2405 959 2436 ut
989 2402 1045 2437 cui
1079 2401 1123 2436 ad
1156 2401 1354 2436 convivium
1383 2399 1469 2435 nihil
1499 2403 1595 2434 esset
1627 2399 1755 2444 parati,

303 2443 495 2480 Michaelus
518 2447 610 2482 dicto
635 2447 737 2482 citius
758 2448 958 2492 sindonem,
994 2459 1095 2492 quam
1129 2459 1150 2482 e
1182 2447 1307 2482 balneo
1341 2446 1453 2481 adhuc
1483 2445 1674 2480 madentem
1695 2443 1755 2479 illa

302 2491 452 2535 ferebat,
476 2503 621 2538 mappae
644 2493 720 2528 loco
743 2493 781 2528 in
806 2494 879 2529 solo
903 2494 1052 2538 stravit,
1079 2497 1269 2539 ereptaque
1290 2492 1424 2528 mulieri
1446 2490 1545 2526 clave
1566 2490 1756 2536 imperator

304 2535 382 2580 ipse
408 2538 662 2584 convivatoris,
696 2540 820 2586 coqui,
854 2551 1004 2574 mensam
1028 2539 1188 2585 ponentis
1222 2544 1258 2574 et
1281 2537 1463 2574 structoris
1486 2546 1606 2570 munus
1629 2535 1754 2570 obivit.

303 2587 446 2626 peracto
472 2595 514 2617 eo
538 2586 712 2630 convivio,
743 2586 850 2631 pedes
872 2586 968 2621 lento
990 2585 1128 2620 incessu
1151 2585 1313 2630 palatium
1334 2582 1488 2629 repetiit,
1514 2592 1658 2626 magnae
1679 2585 1756 2616 sto-

300 2626 446 2662 liditatis
478 2634 513 2663 et
540 2630 650 2665 fastus
674 2633 839 2667 damnans
861 2633 997 2677 priores
1022 2631 1270 2677 imperatores,
1299 2630 1360 2675 qui
1383 2627 1576 2673 elegantiae
1600 2625 1756 2663 studuis-

302 2677 394 2708 sent.
440 2674 526 2708 haec
549 2675 656 2719 igitur
682 2689 758 2712 eum
781 2678 870 2713 haud
894 2677 1021 2712 iniuria
1043 2678 1193 2712 invisum
1218 2676 1373 2711 omnibus
1395 2674 1584 2708 faciebant.

392 2719 435 2754 Id
466 2731 551 2754 vero
582 2721 690 2757 iustas
713 2725 893 2758 adversum
916 2735 992 2758 eum
1015 2723 1086 2759 iras
1111 2722 1328 2766 concitabat,
1361 2719 1498 2755 facinus
1522 2718 1755 2762 deterrimum,

301 2764 396 2809 quod
420 2770 553 2800 coetum
577 2766 727 2804 habebat
750 2781 864 2804 secum
897 2770 1116 2804 cinaedorum
1141 2774 1176 2803 et
1199 2769 1243 2803 ad
1265 2777 1396 2802 omnem
1420 2763 1669 2811 turpitudinem
1690 2775 1756 2810 pa-

300 2814 453 2845 ratorum
476 2811 667 2855 hominum
691 2826 777 2859 quos
802 2815 839 2850 in
861 2815 994 2849 honore
1014 2815 1073 2849 ille
1096 2814 1239 2858 habens,
1263 2818 1302 2848 ut
1322 2813 1427 2847 rebus
1450 2810 1560 2845 sacris
1582 2809 1755 2854 illuderet,

301 2855 459 2892 vestibus
487 2869 548 2894 eos
576 2860 849 2897 sacerdotalibus
872 2871 958 2898 auro
981 2860 1125 2898 intextis
1149 2859 1352 2904 amiciebat,
1387 2861 1493 2904 atque
1512 2855 1756 2901 humeralibus,
