1890 3236
289 210 352 256 72
754 203 989 252 GEORGII
1017 205 1233 250 CEDREN
1235 205 1257 250 1

286 323 533 381 ἓνασφαλίζει
553 316 741 370 κελεῦσας
750 349 763 370 ,
796 316 891 369 τοὺς
914 315 1085 375 ἄρρενας
1107 317 1153 360 δὲ
1168 321 1247 362 τῶν
1263 319 1417 362 παίδων
1436 319 1478 362 ἓν
1497 322 1548 375 τῇ
1565 313 1720 376 Πρῶτῃ

287 393 394 448 νήσῳ
402 422 415 442 ,
446 389 501 440 ὥς
517 388 681 443 εἴρηται.
735 380 792 429 ὧν
807 385 901 429 κατ’
923 385 1046 441 αὐτὴν
1063 385 1398 440 εὖνουχισθέντων
1418 384 1636 436 Θεοδόσιος
1647 386 1721 440 μέν

283 459 433 512 ἀπεβίω
442 488 456 509 ,
503 456 804 505 Κωνσταντῖνος
836 454 878 497 δ’
915 451 937 496 ὃ
966 455 1283 508 μετονομασθεὶς
1314 457 1523 505 Βασίλειος
1559 453 1720 512 ἀφωνία

280 526 381 580 μετὰ
398 525 466 568 τὸν
485 522 741 578 εὖνουχισμόν
760 524 1022 577 κατασχεθεὶς
1041 523 1164 577 ἐδεῖτο
1185 522 1258 576 μὲν
1277 526 1348 565 τοῦ
1366 527 1467 566 θεοῦ
1484 521 1557 577 τὴν
1572 519 1716 564 ἑαυτοῦ

281 597 454 646 λυθῆναι
475 589 625 650 φωνήν,
658 591 783 634 ἓδεῖτο
803 591 847 633 δὲ
867 591 935 632 καὶ
956 594 1029 634 τοῦ
1055 590 1097 632 ἓν
1123 590 1313 650 θεολογία
1334 587 1583 648 περιωνύμου
1606 590 1648 631 Γ
1643 595 1749 647 ρη-5

128 651 171 702 ιΡ
193 667 261 704 498
282 661 439 718 γορίου,
485 659 610 702 ε’κεῖσέ
625 676 701 702 που
722 658 1043 713 ἄνεστηλωμένου
1063 656 1338 714 τυγχάνοντος.
1404 656 1627 714 ὑπήκουσεν
1646 651 1718 700 οὖν
1768 677 1771 680 ’

279 733 351 784 τῆς
370 728 496 771 αὐτοῦ
517 725 688 782 δεήσεως
705 725 726 768 ὅ
748 725 872 782 ἅγιος,
906 729 973 769 καὶ
995 724 1140 783 ὥράθη
1157 729 1218 784 τῷ
1238 727 1526 783 Κωνσταντίνῳ
1544 723 1718 783 ’φάσκων

279 794 301 839 ὃ
325 801 436 847 θεῖος
453 793 576 846 τύπος
600 793 734 837 “ataui
758 793 827 836 τὸν
849 793 1003 851 ὄρθρον
1028 796 1183 837 τουτονὶ
1211 794 1281 837 τὸν
1306 794 1430 850 κηρὸν
1455 793 1593 848 λαβὼν
1615 791 1718 836 ἀνά-

278 863 453 921 γνωθι.”
523 861 544 906 ὃ
568 863 613 905 δὲ
632 860 847 912 πιστεύσας
863 868 946 912 τοῖς
963 862 1199 917 λεγομένοις,
1233 862 1427 905 εἰσελθών
1447 862 1594 917 ἀνέγνω
1611 864 1717 915 λαμ-

278 937 362 991 πρᾷ
392 932 459 974 καὶ
485 928 756 987 καθαρωτάτη
788 934 903 987 φωνῇ
931 929 976 972 τὸ
1017 927 1044 945 “
1057 928 1177 972 πάλιν
1201 929 1355 985 Ἰησοῦς
1384 928 1406 972 ὅ
1436 927 1576 984 zade?
1644 932 1717 984 τῆς
1728 935 1772 972 10

280 1004 417 1058 φωνῆς
455 1000 499 1042 δὲ
529 998 721 1052 λυθείσης
751 996 875 1040 αὐτοῦ
907 995 979 1051 τήν
1011 1014 1053 1040 τε
1088 996 1447 1055 πατροπαράδοτον
1478 994 1717 1052 &eadgaro

279 1066 432 1119 ἄνοιαν,
464 1068 531 1109 καὶ
550 1067 639 1122 περὶ
660 1065 734 1115 τὰς
752 1065 870 1115 θείας
890 1063 1043 1115 εἰκόνας
1063 1064 1136 1121 τὴν
1159 1064 1459 1122 εὐγνωμοσύνην
1477 1066 1684 1122 μετέθετο.

406 1134 527 1177 Ἀλλὰ
544 1138 670 1176 ταῦτα
686 1133 759 1186 μὲν
777 1132 963 1189 ὕστερον·
995 1132 1074 1188 ἤδη
1096 1134 1139 1176 δὲ
1157 1133 1229 1188 τὴν
1248 1131 1524 1191 αὐτοκράτορα
1537 1137 1608 1176 τοῦ
1625 1135 1718 1177 Μι-

273 1202 381 1257 χαὴλ
403 1202 687 1256 ἓπανελομένου
717 1200 843 1258 ἀρχὴν
872 1202 938 1242 καὶ
970 1200 1020 1242 τοὶ
1049 1201 1141 1244 κατ’
1175 1201 1300 1256 αῧτὴν
1328 1199 1383 1252 ὥς
1408 1199 1594 1256 ἐβούλετο
1616 1202 1718 1244 διοι-

277 1275 461 1323 κοῦντος,
490 1268 698 1323 ἐπιστολὴν
716 1266 737 1310 ὃ
761 1269 942 1323 ἀοίδιμος
959 1266 1195 1325 Νικηφόρος
1212 1266 1233 1311 ὅ
1251 1266 1498 1326 πατριάρχης
1515 1269 1715 1324 ἐκπέμπει,
1729 1274 1771 1310 15

277 1341 522 1394 παρακαλῶν
551 1336 766 1389 ἀπολαβεῖν
795 1336 864 1378 τὸν
892 1336 1107 1390 ἀσπασμὸν
1129 1336 1202 1387 τὰς
1220 1337 1339 1387 θείας
1359 1335 1512 1387 εἰκόνας
1531 1338 1598 1380 καὶ
1617 1336 1718 1379 ἀνά-

228 1414 258 1450 Β
282 1409 420 1460 κλησιν
435 1405 622 1461 γενέσθαι
641 1408 714 1459 τῆς
731 1403 943 1457 εὐσεβείας.
1011 1403 1105 1445 ἀλλ’
1125 1402 1146 1445 ὅ
1166 1404 1342 1459 Μιχαὴλ
1360 1404 1596 1462 ἀπεκρίνατο
1614 1403 1716 1460 μήτε

275 1490 314 1515 τι
335 1470 622 1531 κακουργήσων
643 1473 775 1514 ἐλθεῖν
795 1475 875 1514 τῶν
895 1472 984 1528 περὶ
1004 1472 1170 1522 πίστεως
1189 1472 1483 1526 ἕκτεθειμένων,
1515 1470 1617 1528 μήτε
1634 1473 1717 1528 μὴν

276 1546 356 1584 τῶν
381 1540 459 1596 ἤδη
493 1540 807 1597 παραδοθέντων
836 1540 903 1582 καὶ
930 1539 1306 1595 ἀνομολογηθέντων
1337 1538 1597 1596 καταδρομήν
1625 1557 1716 1583 τινα

277 1606 517 1664 ἐργάζεσθαι
544 1610 610 1650 καὶ
637 1608 887 1665 καθαίρεσιν.
959 1605 1156 1657 “Ξ’καστος
1184 1602 1289 1650 οῧν”
1332 1609 1432 1665 φησὶ
1464 1606 1542 1651 ι(τὸ
1571 1609 1770 1652 δοκοῦν20

279 1677 388 1734 αὐτῷ
410 1678 565 1719 ποιείτω
586 1677 652 1718 καὶ
669 1674 822 1733 ἔφετόν,
849 1675 1017 1729 ἀπαθὴς
1036 1674 1167 1717 πόνων
1187 1677 1254 1717 καὶ
1270 1674 1460 1730 ἄγευστος
1476 1674 1603 1731 λύπης
1622 1678 1714 1719 δια·-

277 1736 443 1786 'celeb-²²
513 1744 616 1798 πλὴν
636 1744 682 1785 οὗ
707 1744 823 1798 μέχρι
841 1743 979 1793 τέλους
1001 1741 1148 1798 ταύτην
1165 1741 1329 1799 ἐτήρησε
1350 1742 1422 1798 τὴν
1443 1745 1673 1801 προαίρεσιν
1691 1742 1713 1787 ὅ

276 1812 380 1866 μηδὲ
399 1811 472 1866 τὴν
495 1812 623 1868 ἀρχὴν
650 1811 809 1866 ἀληθὴς
835 1810 1081 1867 Χριστιανὸς
1109 1809 1298 1866 γεγονώς·
1343 1811 1435 1853 ἀλλ’
1462 1811 1559 1854 ὅσον
1575 1812 1626 1855 τὰ
1645 1815 1718 1867 τῆς

274 1881 481 1933 βασιλείας
500 1880 608 1938 αὐτῷ
630 1878 876 1936 ἐκρατύνετο,
898 1883 1088 1921 τοσοῦτον
1105 1879 1365 1933 κακοδαίμονι
1382 1877 1499 1936 φύσει
1520 1881 1586 1922 καὶ
1606 1879 1716 1934 ὠμο-

366 1985 410 2020 13
433 1982 726 2031 αὔτοκρατορίαν
748 1985 778 2020 C
878 1985 920 2020 15
943 1983 1227 2029 οἰκονομοῦντος
1247 1985 1278 2020 C
1365 1986 1411 2022 20
1435 1982 1661 2031 ἐργάσασθαι
1683 1987 1714 2022 C

274 2075 383 2110 Prota
403 2075 527 2111 insula.
574 2075 634 2120 qui
664 2086 739 2110 cum
772 2074 822 2110 ibi
845 2078 1095 2119 castrarentur,
1132 2075 1352 2110 Theodosius
1375 2075 1412 2111 in
1434 2076 1509 2112 fata
1531 2077 1716 2122 concessit,

274 2121 522 2156 Constantinus
545 2127 678 2164 autem,
703 2120 762 2166 qui
784 2121 852 2156 alio
875 2121 1010 2155 nomine
1033 2120 1182 2155 Basilius
1204 2121 1351 2165 dicitur,
1375 2122 1473 2157 vocis
1495 2133 1558 2156 usu
1581 2124 1626 2158 ab
1651 2134 1714 2157 ex-

274 2166 429 2201 sectione
451 2166 599 2201 virilium
621 2166 797 2212 privatus,
826 2166 900 2200 eius
923 2165 1174 2202 restitutionem
1198 2178 1273 2201 cum
1295 2166 1395 2201 deum
1418 2167 1612 2212 flagitavit,
1643 2173 1715 2204 mm

275 2212 482 2256 Gregorium
515 2212 710 2256 theologiae
738 2212 874 2246 nomine
902 2211 1089 2256 illustrem,
1123 2211 1220 2246 cuius
1253 2211 1303 2247 ibi
1332 2212 1426 2246 forte
1447 2214 1614 2258 quaedam
1637 2218 1716 2249 erat

276 2262 401 2293 statua.
447 2258 605 2292 exaudiit
626 2269 700 2292 eum
722 2264 861 2292 sanctus
883 2257 954 2300 ine,
978 2256 1123 2302 visaque
1146 2263 1201 2292 est
1223 2257 1257 2291 ei
1278 2257 1392 2302 imago
1415 2269 1514 2292 sacra
1536 2270 1636 2293 mane
1657 2258 1714 2294 iu-

276 2303 361 2336 bens
396 2315 510 2338 ceram
540 2314 639 2349 quam
673 2303 873 2348 porrigebat
903 2302 1031 2347 legere.
1080 2314 1121 2337 ac
1142 2302 1293 2337 Basilius
1321 2303 1424 2338 fidem
1454 2303 1547 2338 dioto
1570 2305 1713 2349 habens,

276 2347 452 2391 ingressus
474 2350 610 2392 fanum,
646 2348 737 2383 clara
759 2347 1009 2394 purissimaque
1030 2359 1118 2383 voce
1139 2348 1301 2383 recitavit
1323 2349 1409 2382 haec
1436 2344 1593 2384 “rursum
1614 2350 1713 2385 Iesus

277 2390 408 2427 meus-'²
451 2405 538 2428 voce
563 2394 681 2439 itaque
702 2399 842 2440 recepta
861 2393 1022 2428 traditam
1045 2405 1067 2428 a
1088 2398 1189 2439 patre
1211 2393 1279 2429 sibi
1300 2393 1510 2440 impietatem
1537 2394 1713 2430 abomina—

277 2442 345 2481 tus,
370 2444 502 2481 gratum
523 2451 562 2473 se
585 2451 668 2484 erga
690 2451 804 2474 sacras
829 2439 995 2483 imagines
1018 2439 1191 2484 praebuit.

286 2518 288 2520 ,
368 2483 494 2518 Verum
514 2485 600 2518 haec
622 2485 796 2530 aliquanto
818 2490 898 2530 post
919 2488 1123 2519 evenerunt.
1181 2487 1332 2519 ceterum
1355 2485 1399 2520 ad
1420 2483 1624 2520 Michaelum
1646 2483 1712 2520 im-

277 2526 376 2571 perio
399 2527 450 2562 ita
473 2530 629 2573 potitum,
653 2542 778 2575 resque
799 2541 862 2564 suo
885 2530 1054 2564 arbitratu
1076 2530 1350 2574 constituentem,
1373 2530 1590 2575 Nicephorus
1612 2531 1712 2564 nobi-

277 2572 321 2606 lis
344 2572 539 2616 patriarcha
561 2575 736 2619 epistolam
759 2575 884 2619 mittit,
919 2580 1042 2620 petens
1071 2587 1113 2610 ea
1143 2587 1316 2610 sacrarum
1337 2575 1517 2620 imaginum
1538 2575 1711 2610 instaura-

277 2618 405 2652 tionem
428 2624 464 2652 et
489 2617 630 2663 pietatis
653 2621 919 2655 revocationem.
970 2621 1159 2665 respondet
1179 2620 1368 2655 Michaelus
1398 2632 1437 2654 se
1467 2631 1578 2665 neque
1609 2620 1712 2655 ullum

276 2662 493 2698 decretorum
522 2664 566 2698 de
592 2665 661 2699 fide
692 2666 885 2700 convellere
912 2666 1098 2710 statuisse,
1131 2677 1242 2711 neque
1263 2666 1366 2700 etiam
1389 2664 1571 2710 quicquam
1594 2677 1712 2700 eorum

278 2719 367 2751 quae
397 2709 525 2744 tradita
555 2709 623 2743 iam
654 2715 690 2744 et
724 2712 884 2746 confessa
911 2709 1119 2746 haberentur
1148 2711 1379 2745 damnaturum
1407 2709 1463 2744 vel
1487 2715 1712 2745 mutaturum

277 2753 392 2797 quivis
414 2765 535 2796 secure
555 2754 590 2788 id
620 2761 824 2800 sequeretur
846 2762 950 2800 atque
972 2762 1092 2801 ageret
1112 2757 1205 2800 quod
1227 2755 1294 2790 sibi
1315 2756 1519 2800 probaretur
1541 2761 1645 2801 atque
1667 2756 1712 2790 li-

279 2806 385 2832 ceret.
431 2811 501 2834 non
523 2804 636 2834 tamen
659 2799 694 2834 in
719 2800 783 2834 hoc
809 2802 985 2846 proposito
1012 2801 1269 2846 perseveravit,
1300 2800 1428 2846 quippe
1461 2801 1521 2846 qui
1545 2813 1588 2835 ne
1610 2801 1711 2836 initio

278 2843 415 2889 quidem
439 2856 544 2880 verus
563 2845 671 2881 fuerit
692 2845 923 2881 Christianus.
969 2848 1032 2890 sed
1053 2846 1214 2892 quamdiu
1234 2845 1413 2892 imperium
1438 2847 1562 2892 tenuit,
1587 2847 1713 2882 bellum
