1890 3236
279 133 378 182 456
744 126 983 174 osoncn
1018 126 1260 188 chRENx

279 247 404 296 λίαις,
437 241 582 298 μετέβη
609 239 711 297 πρὸς
734 238 1069 285 Φιλιππούπολιν.
1135 239 1289 283 ἐκεῖθέν
1317 257 1360 284 τε
1386 235 1548 298 ἀπάρας
1572 237 1728 289 ἔπεισιν

279 317 334 364 εἷς
351 307 783 357 Κωνσταντινούπολιν.

412 379 497 421 Καὶ
519 380 571 432 τῇ
593 376 696 433 αὐτῇ
715 371 938 430 ἓπινεμῆσει
960 373 1092 432 δόγμα
1111 374 1294 427 ἐξέθετο,
1326 373 1402 426 τὰς
1421 377 1501 420 τῶν
1517 373 1728 420 ἀπολωλό-

277 464 356 491 των
372 447 566 490 ταπεινῶν
585 443 810 494 συντελείας
826 447 1028 486 τελεῖσθαι
1050 442 1163 499 παρὰ
1187 447 1268 487 τῶν
1292 443 1485 486 δυνατῶν.
1551 459 1729 489 κατωνο-

276 514 420 570 μάσθη
450 512 494 556 de*
518 510 544 567 ἦ
574 509 739 568 τοιαύτη
767 509 954 563 σύνταξις
973 511 1251 567 ἅλληλέγγυον.
1318 515 1392 554 τοῦ
1412 509 1661 568 πατριάρχου
1683 513 1762 558 δὲ5

278 583 444 640 Σεργίου
476 581 544 622 καὶ
573 583 733 623 πολλῶν
762 579 978 637 ἀρχιερέων
1006 580 1074 622 καὶ
1101 579 1287 634 ἀσκητῶν
1315 578 1474 636 ἀνδρῶν
1496 578 1569 623 οὒκ
1589 579 1732 637 ὀλίγων
1774 636 1777 639 ¹

222 660 253 694 C
284 649 507 706 δεηθέντων
530 649 744 704 ἐκκοπῆναι
766 647 811 691 τὸ
828 646 1060 706 παράλογον
1082 645 1214 703 ἄχθος
1234 647 1367 700 τουτί,
1405 645 1428 691 ὃ
1446 647 1638 702 βασιλεὺς
1657 647 1734 704 οὔχ

275 717 512 776 ὑπήκουσεν.
1727 747 1730 754 .

407 781 557 843 Ὀγδόῃ
584 783 629 827 δὲ
653 783 888 836 ἲνδικτιῶνι,
921 782 963 825 ἐν
983 781 1060 827 ἔτει
1089 780 1228 841 ,ςφιηᾏ
1263 779 1285 826 ὅ
1306 785 1379 837 τῆς
1396 780 1611 840 Αἶγύπτου
1632 799 1735 827 κατ-

279 853 416 912 άρχων
435 854 596 906 Ἀζίζιος
613 851 681 894 διὰ
697 851 846 908 μικρὰς
865 852 994 901 αἲτιάς
1009 853 1076 894 καὶ
1090 851 1264 906 μηδενὸς
1279 849 1399 907 λόγου
1415 850 1732 908 προσκρούματα
1744 858 1790 896 1⁰

281 923 376 974 ἄξια
393 922 466 973 τὰς
482 921 584 978 πρὸς
595 917 826 975 (Ρωμαιόυς
846 918 974 970 λύσας
991 917 1191 972 σπονδάς,
1226 917 1297 962 τόν
1318 936 1362 963 τε
1384 919 1426 962 ἓν
1443 918 1736 977 Ἱεροσολύμοις

281 995 322 1035 ἓν
342 996 399 1050 τῷ
420 989 537 1048 τάφῳ
558 992 630 1030 τοῦ
652 992 835 1046 σωτῆρος
852 990 1036 1043 Χριστοῦ
1056 987 1362 1044 ἀνεγηγερμένον
1379 991 1607 1039 πολυτελῶς
1621 992 1736 1032 θεῖον.

280 1059 378 1102 ναὸν
405 1056 730 1114 κατεστρέψατο,
775 1058 843 1099 καὶ
873 1055 924 1099 τὰ
953 1057 1075 1112 εὐαγῆ
1108 1053 1332 1110 ἐλυμήνατο
1355 1054 1630 1114 ιιοναστήρια,
1667 1058 1739 1100 καὶ

281 1127 375 1178 τοὺς
393 1129 434 1170 ἓν
453 1124 609 1175 τούτοις
628 1124 901 1179 ἀσκουμένους
918 1122 1150 1179 ἁπανταχοῦ
1166 1128 1239 1179 γῆς
1257 1122 1531 1180 ἐφυγάδευσε.-

418 1198 491 1253 Tap
520 1193 561 1236 δ’
593 1191 742 1238 ἐπιόντι
771 1193 847 1236 ἔτει
868 1193 1000 1249 γέγονε
1027 1192 1180 1247 χειμὼν
1202 1183 1523 1245 ἔπαχθέστατος,
1558 1190 1793 1243 &gemo-15

281 1265 648 1321 κρυσταλλωθῆναι
674 1260 806 1303 πάντα
837 1261 1019 1315 ποταμὸν
1045 1262 1112 1303 καὶ
1144 1261 1286 1315 λίμνην
1314 1261 1382 1302 καὶ
1410 1260 1535 1315 αὗτὴν
1558 1261 1632 1315 τὴν
1652 1258 1742 1304 θοί-

283 1337 452 1375 λασσαν.
518 1331 586 1372 καὶ
602 1330 837 1387 Ἰανουαρίῳ
858 1331 953 1383 μηνὶ
975 1332 1048 1384 τῆς
1068 1329 1193 1383 αὗτῆς
1218 1326 1484 1382 ἔπινεμήσεως
1505 1329 1637 1385 γέγονε
1657 1345 1742 1373 σει-

234 1407 265 1442 D
290 1400 392 1454 σμὸς
412 1397 758 1456 φρικωδέστατος,
806 1399 872 1439 καὶ
892 1395 1125 1454 ὄιεκράτησε
1151 1396 1392 1451 κλονουμένη
1412 1394 1439 1451 ἦ
1460 1401 1515 1453 γῆ
1534 1398 1653 1455 μέχρι
1669 1401 1744 1453 τῆς

285 1467 329 1510 θ’
350 1471 423 1510 τοῦ
438 1466 634 1522 Μαρτίου
655 1464 803 1521 μηνός·
846 1465 888 1507 ἓν
907 1464 1033 1522 ταύτῃ
1056 1465 1099 1507 δὲ
1120 1465 1209 1521 περὶ
1234 1462 1404 1519 δεκάτην
1425 1463 1534 1522 ὥραν
1554 1470 1626 1522 τῆς
1641 1463 1744 1521 ἡμέ-

288 1553 364 1593 ρας
384 1535 513 1590 γέγονε
534 1533 722 1590 βρασμὸς
746 1535 813 1576 καὶ
838 1532 978 1583 κλόνος
999 1532 1165 1590 φρικτὸς
1182 1531 1287 1574 κατά
1306 1549 1348 1575 τε
1368 1532 1441 1587 τὴν
1459 1535 1654 1586 βασιλίδα
1673 1533 1798 1576 naim

287 1606 329 1646 ἐν
347 1610 430 1653 τοΐς
449 1602 625 1655 θέμασι,
668 1603 735 1643 καὶ
763 1599 1016 1643 πεπτώκασιν
1045 1601 1087 1643 αἱ
1111 1607 1282 1657 σφαῖραι
1301 1605 1375 1642 τοῦ
1401 1606 1500 1644 ναοῦ
1519 1606 1598 1644 τῶν
1619 1600 1743 1658 ἁγίων

287 1668 588 1727 τεσσαράκοντα
609 1670 675 1711 καὶ
693 1673 774 1712 τῶν
796 1667 918 1724 ἁγίων
935 1666 1115 1710 πάντων·
1161 1667 1210 1718 ἃς
1231 1666 1252 1709 ὃ
1274 1668 1466 1720 βασιλεὺς
1494 1669 1620 1720 εὐθὺς
1651 1670 1743 1713 ἆνε-

289 1737 478 1794 κτὴσατο.
530 1742 658 1780 ταῦτα
680 1737 724 1780 δὲ
742 1735 964 1795 προεμήνυε
984 1737 1056 1792 τὴν
1079 1736 1181 1791 μετὰ
1201 1740 1331 1779 ταῦτα
1350 1737 1561 1793 γενομένην
1580 1740 1621 1781 ἐν
1635 1738 1742 1782 Ἰτα-

383 1856 427 1894 16
449 1853 575 1891 πάντα
594 1851 662 1891 τὸν
678 1864 720 1890 π.
741 1854 773 1889 C

294 1971 407 2004 neque
429 1957 636 1993 blandiendo
660 1967 773 2002 neque
795 1955 1102 2002 pollicitationibus
1131 1956 1294 2003 subigere
1319 1960 1459 2005 posset,
1495 1959 1540 1995 ad
1560 1958 1745 2006 Philippo-

294 2007 389 2053 polin
410 2005 550 2049 transit,
573 2003 723 2048 indeque
743 2003 780 2036 in
803 2004 923 2037 urbem
944 2004 1148 2037 revertitur.

386 2051 519 2085 Eadem
541 2048 734 2084 indictione
767 2048 877 2093 legem
908 2048 987 2083 tulit
1019 2055 1057 2083 ut
1077 2048 1278 2094 pensionem
1301 2059 1401 2093 quam
1422 2060 1594 2095 pauperes
1616 2050 1749 2096 perditi

295 2098 491 2140 debebant,
517 2094 643 2130 divites
667 2094 920 2140 persolverent.
967 2093 1004 2128 id
1026 2096 1216 2129 vocabatur
1238 2093 1489 2139 Allelengyum.
1535 2100 1572 2130 et
1594 2096 1747 2150 patriar-

296 2145 381 2177 chae
404 2141 529 2186 Sergio
559 2139 746 2185 multisque
775 2139 853 2174 aliis
877 2139 1109 2185 ⁴pontificibus
1137 2151 1179 2175 ac
1210 2139 1385 2175 monachis
1411 2140 1681 2187 deprecantibus
1708 2146 1749 2177 ut

296 2187 569 2224 absurdumhoc
591 2197 677 2220 onus
699 2185 849 2220 subditis
869 2186 1036 2230 demeret,
1060 2198 1129 2220 non
1151 2185 1417 2231 obtemperavit.

387 2232 582 2267 Indictione
602 2236 750 2276 octava,
786 2243 876 2265 anno
901 2232 1017 2266 mundi
1043 2232 1154 2276 6518,
1185 2231 1339 2278 Aegypti
1361 2231 1524 2278 princeps
1543 2231 1684 2267 Azizius
1708 2233 1753 2268 ob

297 2280 409 2314 levem
433 2289 571 2313 causam
594 2282 631 2312 et
652 2277 802 2313 offensas
830 2289 875 2311 ne
895 2276 1008 2312 relatu
1031 2277 1168 2321 quidem
1190 2277 1313 2321 dignas
1335 2277 1480 2313 foedere
1502 2279 1596 2323 quod
1619 2277 1652 2312 ei
1674 2289 1753 2313 cum

299 2324 464 2360 Romanis
495 2328 572 2358 erat
597 2327 721 2368 rupto,
757 2327 794 2357 et
819 2322 983 2368 templum
1011 2323 1264 2366 Hierosolymis
1295 2323 1339 2357 ad
1371 2323 1588 2368 sepulchrum
1619 2323 1755 2359 Christi

300 2369 595 2415 sumptuosissime
625 2369 799 2403 conditum
830 2367 977 2412 evertit,
1011 2374 1047 2403 et
1077 2368 1243 2413 religiosa
1274 2368 1430 2414 perdidit
1452 2369 1680 2413 monasteria,
1716 2375 1754 2404 et

300 2416 361 2460 qui
383 2415 420 2448 in
443 2415 488 2449 iis
509 2415 591 2460 piae
614 2413 710 2449 vitae
732 2413 1038 2449 exercitationibus
1062 2421 1162 2449 erant
1184 2413 1305 2460 dediti,
1329 2426 1389 2449 eos
1412 2426 1477 2460 per
1499 2426 1616 2450 omnes
1637 2419 1753 2450 terras

302 2466 458 2495 extorres
480 2473 499 2494 e
525 2461 566 2495 it.

391 2507 490 2540 Anno
501 2472 712 2551 ginsequenti
735 2505 844 2541 hiems
867 2504 937 2539 fuit
958 2505 1175 2551 gravissima,
1210 2516 1300 2550 quae
1319 2515 1436 2540 omnes
1459 2504 1587 2540 fluvios
1608 2504 1753 2559 paludes

304 2550 483 2597 ipsumque
505 2563 598 2586 mare
620 2552 657 2586 in
679 2550 825 2597 glaciem
848 2551 976 2596 coegit.
1022 2563 1140 2586 mense
1172 2550 1335 2585 Ianuario
1366 2550 1519 2585 eiusdem
1551 2551 1753 2586 indictionis

306 2596 461 2641 apprime
483 2597 674 2632 horrendus
699 2597 767 2633 fuit
788 2601 904 2631 terrae
927 2602 1050 2641 motus,
1072 2597 1132 2642 qui
1155 2596 1296 2632 duravit
1317 2607 1427 2641 usque
1447 2597 1492 2631 ad
1511 2607 1638 2631 nonum
1654 2596 1754 2630 Mar-

306 2641 351 2676 tii
372 2641 473 2675 diem.
521 2643 595 2677 eius
619 2643 708 2678 enim
732 2642 802 2677 diei
825 2643 911 2677 hora
932 2643 1065 2677 decima
1090 2644 1211 2686 fragor
1232 2641 1300 2676 fuit
1322 2647 1359 2676 et
1380 2642 1560 2676 concussio
1586 2641 1755 2677 terribilis

307 2693 344 2719 et
366 2686 403 2719 in
425 2688 510 2721 urbe
535 2694 570 2722 et
590 2688 628 2722 in
649 2688 864 2734 provinciis3
899 2699 940 2723 ac
971 2694 1176 2723 corruerunt
1208 2688 1378 2733 sphaerae
1407 2687 1528 2733 templi
1558 2693 1754 2722 sanctorum

306 2734 352 2765 40
375 2738 411 2766 et
431 2733 550 2778 templi
574 2735 722 2768 omnium
741 2739 948 2768 sanctorum.
973 2745 1060 2778 quas
1082 2733 1269 2779 imperator
1291 2733 1407 2768 statim
1424 2733 1647 2768 instauravit.
1667 2732 1754 2766 haec

307 2777 447 2812 fuerunt
470 2779 583 2813 Italici
605 2780 715 2815 motus
740 2779 884 2827 praevia
907 2780 1049 2815 indicia.
1095 2779 1234 2825 quidam
1257 2777 1347 2814 enim
1367 2779 1424 2814 vir
1446 2783 1582 2825 potens,
1605 2789 1693 2813 unus
1709 2777 1754 2812 de
