1890 3236
272 171 372 221 432
748 165 985 213 GEORGu
1018 166 1264 213 CEDRENI

126 297 156 331 P
179 297 248 333 693
270 290 342 330 τοῦ
363 283 462 327 λαὸν
488 277 745 335 θεασάμενος
769 277 792 324 ὅ
817 281 969 331 Φωκᾶς
995 279 1100 323 κατὰ
1127 279 1273 339 μικρὸν
1299 279 1508 328 ἐνδιδόντα
1531 286 1600 329 καὶ
1626 286 1731 346 πρὸς

269 353 402 413 φυγὴν
418 351 659 413 βλέποντα,
691 347 852 403 βέλτιον
877 346 978 392 εἶναι
1008 350 1147 407 κρίνας
1176 349 1247 394 τὸν
1277 350 1416 407 εὐκλεῆ
1445 351 1628 405 θάνατον
1654 360 1730 412 τῆς

267 423 452 479 ἀγεννοῦς
491 419 558 462 καὶ
597 418 866 460 ἐπονειδίστου
905 418 1032 473 ζωῆς,
1089 417 1164 468 τὰς
1195 422 1276 463 τῶν
1302 420 1489 464 ἐναντίων
1518 421 1730 480 συγκόψας

267 489 481 549 φάλαγγας
500 486 603 544 πρὸς
624 485 747 529 αὐτὸν
765 485 869 541 μετὰ
889 483 1167 544 σφοδρότητος
1182 489 1288 531 ἵεται
1305 487 1375 531 τὸν
1394 486 1594 546 Σκληρόν.
1660 491 1730 536 εὖ-

267 557 433 616 ρώστως
451 557 496 599 δὲ
523 555 706 598 κάκείνου
728 554 803 610 τὴν
824 554 951 599 αῧτοῦ
969 553 1267 610 ὖποδεξαμένου
1290 554 1436 613 ὁρμήν,
1469 558 1538 600 καὶ
1557 559 1762 614 μηδενὸςὸ

265 630 347 671 τῶν
378 628 637 683 στρατιωτῶν
673 624 1016 679 ἔπιβοηθοῦντος,
1063 624 1168 667 ἀλλὰ
1197 629 1257 684 τῷ
1284 629 1372 668 τῶν-
1395 625 1583 683 ἀρχηγῶν
1607 626 1735 683 ἀγῶνι
1786 654 1789 657 -

265 699 460 753 κριθῆναι
489 690 791 750 τάπράγματα
812 692 1115 748 βουλευομένων
1147 692 1236 749 (καὶ
1262 693 1342 751 γὰρ
1367 693 1418 749 δὴ
1446 696 1515 738 καὶ
1548 696 1732 753 ἐφαίνετο

265 760 475 820 πάγκαλόν
498 779 538 805 τι
561 762 703 816 θέαμα
733 762 801 804 καὶ
827 760 1075 818 κατάπληξιν
1104 766 1190 813 τοῖς
1222 759 1371 820 ὁρῶσιν
1398 761 1547 820 ἐπάγον
1573 763 1733 822 ἀνδρῶν

268 831 342 875 δύο
362 831 593 887 μονομαχία
617 831 685 873 ἐπ’
708 829 900 891 εῧτολμίᾳ
918 832 986 873 καὶ
1007 829 1124 888 ῥώμῃ
1147 834 1288 887 ψυχῆς
1309 831 1413 888 μέγα
1439 830 1731 890 φρονούντων),

268 898 515 950 ὑποστάντες
544 897 744 953 ἀλλήλους
775 897 983 955 συστάδην
1015 898 1228 962 ἐμάχοντο.
1294 902 1363 943 καὶ
1393 898 1415 943 ὅ
1442 901 1518 956 μὲν
1547 902 1733 959 Σκληρὸς
1743 911 1789 948 10

269 974 343 1013 τοῦ
356 971 483 1012 ἵππου
504 972 579 1011 τοῦ
597 970 725 1010 Φωκᾶ
746 968 791 1011 τὸ
817 968 948 1020 δεξιὸν
969 963 1041 1019 οὖς
1062 969 1137 1012 σὺν
1155 972 1214 1028 τῷ
1229 973 1388 1029 χαλινῷ
1410 970 1561 1020 παίσας
1576 968 1731 1014 ἀποκό-

218 1047 248 1082 Β
274 1055 360 1081 πτει
388 1042 446 1095 τῷ
476 1038 606 1094 ξίφει·
646 1034 668 1079 ὅ
696 1037 739 1079 δὲ
762 1039 912 1088 Φωκᾶς
940 1042 992 1094 τῇ
1021 1035 1171 1095 κορύνῃ
1193 1035 1378 1089 πατάξας
1397 1038 1521 1081 αὐτὸν
1539 1038 1644 1082 κατὰ
1660 1043 1734 1095 τῆς

274 1110 454 1164 κεφαλῆς
483 1109 626 1149 τοῦτον
650 1105 724 1160 μὲν
751 1106 815 1148 ἐπὶ
835 1110 908 1149 τοῦ
926 1104 1130 1163 τραχήλου
1152 1110 1224 1149 τοῦ
1240 1107 1368 1149 ἵππου
1389 1106 1515 1165 ῥίπτει
1537 1111 1598 1166 τῷ
1612 1106 1734 1165 βάρει

272 1179 347 1231 τῆς
366 1178 520 1230 πληγῆς
540 1174 857 1229 κατενεχθέντα,
892 1174 1015 1225 αὐτὸς
1037 1175 1082 1218 δὲ
1107 1175 1178 1218 τὸν
1193 1176 1319 1218 ἵππον
1338 1176 1546 1233 κεντρίσας
1570 1177 1638 1218 καὶ
1658 1176 1735 1227 τὰς

272 1247 354 1287 τῶν
383 1244 569 1287 ἐναντίων
601 1244 801 1299 διατεμὼν
833 1242 1044 1302 φάλαγγας
1072 1242 1215 1297 ἔξεισι,
1260 1245 1328 1286 καὶ
1355 1241 1458 1301 πρός
1484 1259 1576 1287 τινα
1604 1241 1734 1302 λόφον
1744 1252 1789 1288 15

274 1311 460 1355 ἀνελθὼν
479 1311 575 1363 τοὺς
595 1312 639 1355 ἐκ
658 1316 730 1368 τῆς
746 1318 898 1370 τροπῆς
916 1312 1157 1356 ἀνεκαλεῖτο.
1224 1312 1263 1355 οἶ
1284 1312 1328 1356 δὲ
1352 1314 1443 1370 περὶ
1467 1311 1538 1356 τὸν
1552 1312 1737 1371 Σκληρὸν

275 1385 410 1432 κακῶς
431 1380 573 1436 ἔχοντα
594 1386 737 1424 τοῦτον
757 1382 801 1424 ἔκ
819 1386 892 1436 τῆς
911 1385 1066 1438 πληγῆς
1083 1378 1333 1437 θεασάμενοι
1351 1383 1419 1424 καὶ
1437 1380 1737 1439 ἤδη-λειποψυ-

268 1454 422 1505 χοῦντα
439 1454 498 1508 τῷ
515 1447 720 1506 τραύματι
740 1450 808 1492 ἐπί
830 1467 921 1493 τινα
943 1451 1074 1507 πηγὴν
1095 1449 1239 1506 ἄγουσι
1265 1451 1335 1492 τὸν
1356 1448 1514 1508 λύθρον
1531 1446 1737 1506 ἀπονιψό-

270 1532 416 1573 μενον·
461 1516 697 1562 ὑπώπτευον
719 1519 798 1576 γὰρ
819 1521 886 1562 καὶ
909 1519 979 1562 τὸν
1002 1522 1152 1562 Φωκᾶν
1182 1519 1317 1578 τελείῳ
1345 1517 1424 1574 ἤδη
1446 1520 1736 1577 παραδοθῆναι

271 1586 505 1645 ἀφανισμῷ.
584 1592 658 1630 τοῦ
690 1590 817 1630 ἵππου
850 1588 894 1630 δὲ
924 1585 1292 1644 ἇποσκιρτήσαντος
1319 1589 1386 1629 καὶ
1414 1587 1484 1630 τὸν
1513 1588 1790 1642 κατέχονταξο

273 1654 528 1713 ἀποδράντος
556 1658 625 1698 καὶ
658 1656 725 1698 διὰ
755 1660 837 1699 τῶν
866 1654 1177 1714 στρατευμάτων
1201 1654 1394 1710 ἔπιβάτου
1421 1658 1550 1714 χωρὶς
1567 1657 1736 1706 θέοντος

222 1738 253 1773 c
276 1722 436 1783 ἀτάκτῳ
457 1722 587 1782 ῥύμῃ,
622 1726 689 1767 καὶ
712 1729 770 1783 τῷ
803 1725 943 1779 αἵματι
965 1726 1222 1782 πεφυρμένου
1251 1722 1502 1781 (Αἰγύπτιον
1522 1724 1593 1767 τὸν
1611 1726 1737 1768 ἵππον

275 1790 479 1848 ἐκάλουν),
512 1795 580 1835 καὶ
596 1792 904 1848 καταμαθόντες
925 1788 974 1836 οὗ
991 1793 1098 1845 τινὸς
1114 1792 1134 1836 ὃ
1152 1794 1297 1845 ἵππος,
1331 1794 1398 1835 καὶ
1414 1794 1649 1848 νομίσαντες
1665 1794 1737 1836 τὸν

277 1859 430 1904 ἑαυτῶν
469 1860 647 1919 ἄρχοντα
680 1862 948 1915 πεπτωκέναι,
990 1860 1181 1917 ἀκόσμως
1212 1863 1424 1920 τρέπονται
1454 1862 1558 1919 πρὸς
1588 1860 1736 1919 φυγήν,

276 1935 469 1988 κρημνοῖς
496 1932 564 1973 καὶ
588 1929 707 1975 ’Ἀλυΐ
733 1936 791 1991 τῷ
818 1934 990 1992 ποταμῷ
1015 1930 1245 1989 ῥιπτοῦντες
1277 1929 1447 1981 ἑαυτοὺς
1479 1933 1548 1974 καὶ
1583 1931 1736 1982 ἀκλεῶς
1746 1936 1792 1973 25

279 2059 363 2094 tum.
410 2061 516 2105 atque
538 2059 598 2095 hic
617 2059 754 2096 Phocas
777 2071 923 2096 cernens
947 2071 1028 2094 suos
1051 2059 1215 2106 paulatim
1238 2059 1462 2095 succumbere
1483 2062 1590 2106 atque
1612 2058 1658 2095 ad
1680 2059 1741 2094 fu·

280 2115 358 2148 gam
379 2111 551 2151 spectare,
576 2107 755 2141 honestam
778 2112 922 2142 mortem
945 2105 1042 2151 turpi
1064 2111 1169 2150 atque
1190 2105 1312 2140 infami
1331 2106 1425 2140 vitae
1447 2111 1628 2152 praestare
1642 2110 1740 2140 ratus

281 2149 436 2185 disiectis
468 2152 617 2187 hostium
653 2153 835 2187 ordinibus
868 2153 906 2186 in
934 2152 1048 2197 ipsum
1081 2151 1280 2186 vehementi
1315 2151 1448 2198 impetu
1472 2151 1586 2186 fertur
1607 2151 1740 2186 Durum

279 2195 421 2230 fortiter
445 2199 701 2244 subsistentem,
730 2199 866 2234 nemine
890 2198 1034 2233 militum
1059 2197 1264 2243 opitulante,
1291 2199 1385 2242 quod
1410 2209 1528 2232 omnes
1550 2195 1742 2232 certamine

280 2241 405 2276 ducum
437 2243 577 2279 decerni
607 2245 734 2281 bellum
764 2248 946 2291 cuperent.
1003 2248 1038 2279 et
1075 2244 1213 2289 quidem
1254 2243 1517 2289 pulcherrimum
1554 2242 1742 2278 videbatur

280 2287 536 2333 spectaculum,
567 2302 792 2337 magnamque
818 2290 1079 2326 admirationem
1101 2290 1357 2336 spectatoribus
1381 2289 1630 2333 excitaturum,
1665 2287 1741 2323 sin-

280 2333 403 2377 gulare
436 2340 607 2371 certamen
638 2337 769 2372 intueri
800 2337 946 2372 duorum
978 2337 1132 2370 virorum
1162 2336 1309 2371 audacia
1337 2341 1444 2380 atque
1476 2335 1582 2370 animi
1611 2335 1742 2370 robore

279 2380 666 2424 praestantissimorum.
712 2383 767 2419 his
790 2395 873 2428 ergo
897 2382 1050 2417 cominus
1074 2381 1220 2417 duellum
1252 2381 1471 2427 ineuntibus,
1504 2381 1619 2416 Durus
1645 2381 1742 2416 Pho-

279 2436 344 2459 cae
368 2425 449 2470 equi
472 2438 589 2461 aurem
614 2428 767 2465 dextram
790 2440 859 2464 una
894 2441 970 2464 cum
998 2430 1119 2463 fraeno
1151 2440 1235 2463 ense
1267 2432 1441 2473 amputat,
1477 2427 1613 2461 Phocas
1635 2430 1742 2473 caput

278 2470 369 2504 Duri
389 2471 489 2507 clava
512 2473 563 2507 ita
585 2473 682 2518 ferit,
705 2481 743 2510 ut
763 2476 795 2510 is
817 2475 853 2510 vi
876 2474 950 2510 ictu
975 2479 1170 2520 prostratus
1194 2473 1281 2508 collo
1300 2473 1383 2519 equi
1405 2474 1639 2508 incumberet:
1662 2472 1675 2506 i
1701 2483 1741 2507 se

280 2516 459 2551 ordinibus
480 2518 630 2553 hostium
651 2522 827 2566 perruptis
850 2521 957 2556 citato
982 2533 1071 2566 equo
1097 2520 1226 2564 evadit,
1261 2525 1296 2554 et
1317 2519 1354 2554 in
1375 2519 1541 2554 tumulum
1569 2529 1660 2564 quen
1686 2529 1742 2553 am

281 2568 425 2597 evectus
448 2575 529 2599 suos
554 2577 574 2599 e
596 2566 682 2610 fuga
704 2566 849 2611 colligit.
893 2567 1024 2602 Durum
1047 2566 1102 2601 sui
1125 2566 1282 2611 graviter
1305 2577 1348 2600 ex
1375 2565 1448 2600 ictu
1470 2565 1631 2599 laborare
1652 2564 1743 2598 iam-

280 2618 350 2652 que
384 2609 495 2643 animo
531 2610 734 2656 delinquere
764 2613 945 2659 videntes,
982 2614 1027 2648 ad
1043 2613 1193 2647 'fontem
1216 2613 1386 2658 quendam
1409 2611 1585 2646 adducunt
1606 2609 1743 2645 cruoris

283 2653 421 2688 eluendi
445 2666 568 2691 causa:
605 2669 684 2692 nam
714 2663 826 2694 actum
859 2658 928 2693 iam
959 2670 1102 2705 prorsus
1137 2670 1214 2692 esse
1243 2659 1288 2692 de
1314 2657 1434 2692 Phoca
1463 2657 1645 2702 putabant.
1691 2654 1744 2690 ibi

283 2710 359 2734 cum
383 2711 492 2745 equus
515 2702 624 2748 Duri,
657 2703 853 2751 Aegyptius
877 2706 1034 2749 nomine,
1069 2706 1111 2740 ab
1136 2716 1178 2739 eo
1202 2704 1263 2749 qui
1282 2703 1395 2749 ipsum
1415 2704 1562 2738 tenebat
1583 2713 1623 2737 se
1645 2701 1742 2736 avel-

282 2743 402 2790 lisset,
437 2757 478 2780 ac
509 2747 585 2782 sine
608 2761 746 2785 sessore
771 2763 835 2796 per
858 2751 998 2789 ordines
1021 2750 1156 2785 incerto
1180 2750 1310 2795 impetu
1333 2761 1457 2784 cruore
1481 2748 1642 2794 oppletus
1668 2746 1743 2781 ‹lis-

284 2796 452 2835 curreret‚
475 2793 593 2836 agnito
616 2807 658 2830 eo
682 2795 808 2831 milites
828 2796 935 2842 Duri,
961 2808 1058 2831 suum
1081 2797 1323 2843 imperatorem
1345 2794 1550 2830 occubuisse
1572 2793 1658 2837 rati,
1683 2793 1743 2827 fu-

285 2848 365 2882 gam
395 2836 625 2876 inordinatam
656 2842 814 2890 faciunt,
844 2853 911 2889 per
931 2842 1142 2889 praecipitia
1162 2853 1242 2878 sese
1265 2846 1302 2878 et
1322 2841 1360 2877 in
1382 2840 1474 2887 Alyn
1496 2850 1629 2876 amnem
1651 2837 1743 2874 deii-
