1916 3210
285 158 382 205 536
752 156 986 202 GEORGII
1012 156 1254 200 CEDRENI

284 269 514 329 προσβολὰς
532 269 619 325 περὶ
640 272 710 311 τοῦ
729 268 854 311 αὐτοῦ
871 264 1101 322 ποιούμενοι
1118 264 1354 325 πράγματος
1377 265 1587 312 ἀναπεῖσαι
1611 265 1726 323 ἴσχυ-

286 355 362 383 σαν
384 336 598 390 ἐπιβουλὴν
621 335 716 378 κατ’
744 335 869 390 αὐτῆς
896 339 1122 390 μελετῆσαι.
1189 335 1322 386 ἔδοξεν
1348 329 1419 379 οὖν
1446 334 1729 393 ἀποπειραθῆ-

287 424 351 448 ναι
381 411 459 448 τῶν
484 407 655 446 πολιτῶν
680 401 894 459 πρότερον,
930 405 1018 445 οἵαν
1035 403 1170 457 ἔχουσι
1190 403 1279 460 περὶ
1301 402 1428 445 αὐτοῦ’
1445 400 1606 458 γνώμην
1613 429 1635 456 9·
1660 403 1730 446 καὶ

286 477 322 516 εἴ
340 473 412 526 μὲν
429 470 608 527 χρηστὴν
630 469 813 513 διάθεσιν
833 475 990 527 φανῶσι
1007 469 1274 527 φυλάττοντες
1292 471 1348 521 εἷς
1367 468 1488 514 αὐτὸν
1507 471 1574 512 καὶ
1586 469 1731 528 φιλίαν

285 539 439 594 ὀρθήν,
465 536 554 581 τότε
573 537 623 592 δὴ
644 540 709 580 καὶ
729 535 951 594 ἐγχειρῆσαι
969 543 1021 595 τῇ
1037 538 1204 595 μελέτῃ,
1235 539 1269 580 εἰ
1287 539 1331 580 δὲ
1348 537 1596 590 τούναντίον,
1627 535 1765 594 ᾗσιν-5

286 610 379 662 χιάν
404 606 524 662 ἄγειν.
591 610 642 661 τῇ
668 610 837 662 κυριακῇ
861 601 931 648 οὖν
950 610 1001 663 τῇ
1020 605 1122 660 μετὰ
1144 606 1190 648 τὸ
1213 605 1326 661 ἅγιον
1344 603 1483 660 πάσχα
1502 604 1734 662 προέλκων
1793 656 1797 659 ,

289 676 485 730 δημοσίαν
510 671 684 730 κηρύξας
712 675 753 716 ἐν
778 677 836 732 τῷ
859 678 939 716 τῶν
959 673 1079 730 ἁγίων
1101 672 1334 717 ἀποστόλων
1355 677 1461 732 ναῷ,
1489 674 1558 716 καὶ
1577 671 1638 716 δι’
1659 671 1736 716 οὖ-

288 747 361 797 τῆς
392 742 715 797 ἀποπειραθῆναι
748 743 884 798 κρίνας
912 746 986 797 τῆς
1014 739 1175 797 γνώμης
1203 745 1282 784 τῶν
1316 743 1513 792 πολιτῶν,
1552 739 1738 795 ἀπῆλθεν

290 809 611 867 ἐστεφανωμένος
639 809 741 863 μετὰ
769 813 841 864 τῆς
868 807 1113 866 συγκλήτου,
1147 807 1280 863 πάσης
1306 813 1378 862 τῆς
1403 806 1556 858 πόλεως
1586 807 1737 865 ἇθροιὸ

241 887 271 922 C
294 879 462 932 σθείσης
482 878 536 927 εἲς
557 876 629 931 τὴν
650 877 752 920 θέαν
763 908 777 929 ,
813 877 932 932 σκεύη
958 875 1113 933 χρύσεα
1143 878 1211 920 καὶ
1240 874 1415 933 ἀργύρεα
1437 880 1517 919 τῶν
1539 874 1614 930 τὴν
1635 878 1794 919 λεύει-40

292 945 420 1004 φόρον
443 943 730 987 κατοικούντων
748 944 1128 999 ἀποκρεμαννύντων
1147 946 1214 987 καὶ
1233 945 1406 994 πέπλους
1422 945 1490 986 καὶ
1509 942 1614 987 ἄλλα
1627 941 1740 1001 ὓφά-

293 1031 430 1068 σματα
444 1017 683 1070 χρυσοϋφῆ,
708 1014 782 1055 κᾶν
798 1020 886 1063 ταῖς
903 1014 1116 1070 εὐφημίαις
1131 1011 1498 1070 προτεθυμημένων
1516 1012 1583 1054 καὶ
1600 1009 1739 1063 αὐτάς,

294 1085 328 1124 εἲ
348 1079 433 1124 οἷόν
451 1098 517 1132 τε,
552 1081 765 1124 ἓκκενῶσαι
783 1081 858 1131 τὰς
878 1079 1029 1136 ψυχάς.
1097 1077 1158 1131 οἷς
1183 1081 1412 1130 δελεασθεὶς
1437 1076 1459 1122 ὅ
1489 1080 1660 1130 δείλαιος
1681 1082 1741 1137 τῷ

295 1150 337 1200 ἓξ
368 1150 521 1199 εὐνοίας
541 1147 758 1202 ὑπολαβεῖν
778 1154 906 1192 ταῦτα
927 1150 1132 1205 γίνεσθαι,
1163 1146 1424 1206 ὗποστρέψας
1443 1147 1486 1190 ἐν
1504 1150 1562 1205 τῷ
1576 1143 1741 1204 μεγάλῳ

296 1219 476 1275 παλατίῳ
504 1207 560 1274 τῷ
586 1218 659 1271 μὲν
687 1216 915 1274 πατριάρχῃ
937 1215 1078 1272 μηνύει
1098 1218 1286 1258 ἀπελθεῖν
1303 1217 1358 1266 εἰς
1375 1214 1448 1270 τὴν
1469 1215 1510 1257 ἓν
1529 1218 1588 1272 τῷ
1607 1217 1742 1272 Στενῷ
1754 1220 1797 1258 15

298 1286 424 1340 μονὴν
443 1285 565 1328 αὐτοῦ
585 1287 650 1327 καὶ
668 1286 965 1342 προσδέχεσθαι
983 1284 1104 1328 αὐτὸν
1118 1289 1168 1341 τῇ
1187 1282 1376 1342 ἐπαύριον
1385 1314 1399 1336 ,
1432 1281 1529 1332 δοὺς
1547 1275 1657 1340 αὐτῷ
1675 1283 1744 1324 καὶ

296 1353 465 1408 χρυσίου
494 1353 631 1409 λίτρας
657 1353 855 1409 τέσσαρας
881 1353 948 1395 διὰ
975 1353 1048 1407 τὴν
1073 1352 1299 1407 μέλλουσαν
1327 1353 1383 1402 εἷς
1407 1349 1530 1393 αὐτὸν
1555 1350 1745 1406 γενέσθαι

301 1419 407 1475 τάχα
426 1419 651 1475 ὑποδοχήν·
685 1421 825 1471 νυκτὸς
845 1422 890 1463 δὲ
906 1420 978 1475 τὴν
995 1422 1188 1474 βασιλίδα
1208 1423 1395 1479 κατασπᾷ
1414 1422 1487 1461 τοῦ
1505 1415 1660 1474 θρόνου
1677 1418 1746 1460 καὶ

252 1497 284 1531 D
309 1490 514 1545 περιορίζει
542 1490 597 1538 εἷς
622 1489 868 1544 Πρίγκιπον,
902 1488 1108 1545 ἀποκεῖραι
1131 1494 1215 1539 τοΐς
1242 1487 1384 1543 ἄγουσι
1409 1484 1598 1536 κελεύσας
1623 1485 1752 1540 αὐτὴν

304 1558 370 1598 καὶ
392 1557 620 1610 διακομίσαι
640 1555 768 1614 τούτῳ
787 1556 860 1606 τὰς
880 1558 1020 1613 τρίχας
1041 1556 1178 1610 αὐτῆς.
1241 1557 1308 1597 καὶ
1335 1554 1373 1597 οἳ
1395 1555 1469 1608 μὲν
1496 1553 1804 1610 πεμφθέντεςΞΟ

306 1625 495 1677 ἐποίησαν
534 1621 588 1673 ὥς
622 1622 916 1679 ἐκελεύσθησαν
925 1656 939 1676 ,
974 1624 1100 1666 ἕωθεν
1133 1622 1177 1665 δ’
1213 1617 1329 1673 οὗτος
1355 1621 1563 1679 ἀναφορὰν
1584 1619 1750 1678 γράψας

306 1693 374 1733 καὶ
403 1695 461 1748 τῷ
489 1695 561 1744 τῆς
590 1689 742 1742 πόλεως
770 1690 931 1749 ἐπάρχῳ
960 1692 1056 1741 δοὺς
1080 1691 1300 1746 ἀναγνῶναι
1330 1691 1371 1733 ἐν
1395 1694 1453 1747 τῷ
1479 1693 1552 1732 τοῦ
1574 1688 1749 1745 μεγάλου

305 1760 611 1802 ’Κωνσταντίνου
644 1757 760 1819 φόρῳ
792 1766 876 1811 τοῖς
902 1761 1080 1810 πολίταις
1111 1759 1330 1802 ἐκέλευσεν·
1365 1756 1509 1814 ἐδήλου
1535 1757 1579 1800 δὲ
1601 1755 1627 1812 ἦ
1651 1757 1752 1801 ἅνα-

400 1878 422 1913 7
445 1874 490 1921 δὴ
516 1875 598 1911 libri

311 1977 484 2013 continuis
514 1990 630 2013 eorum
659 1979 704 2014 de
736 1979 855 2015 eadem
888 1980 954 2015 hac
984 1992 1025 2015 re
1055 1979 1350 2015 exhortationibus
1381 1990 1423 2014 eo
1451 1978 1588 2014 tandem
1613 1977 1755 2014 adactus

312 2029 367 2058 est
401 2028 438 2058 ut
470 2024 613 2059 insidias
645 2026 746 2059 matri
776 2026 871 2060 Zoae
894 2031 1047 2072 pararet.
1094 2024 1217 2061 statuit
1238 2026 1347 2071 primo
1370 2025 1497 2060 civium
1519 2025 1650 2060 animos
1674 2029 1756 2070 ten-

311 2075 408 2114 tare,
433 2074 472 2103 ut
495 2070 527 2104 si
550 2081 611 2104 eos
635 2070 702 2104 sibi
725 2072 846 2106 favere
869 2072 1078 2117 intelligeret
1101 2083 1141 2106 ac
1163 2076 1360 2106 constanter
1380 2071 1417 2105 in
1441 2083 1481 2105 se
1503 2082 1581 2104 esse
1603 2081 1755 2115 propen-

311 2126 389 2158 sos,
426 2126 497 2149 rem
531 2117 796 2161 aggrederetur,
835 2117 865 2152 si
896 2130 994 2152 secus
1024 2118 1200 2161 eveniret,
1237 2117 1413 2152 omitteret
1436 2116 1626 2150 consilium.
1673 2127 1757 2160 ergo

312 2161 358 2194 ad
381 2159 471 2194 diem
494 2161 555 2205 qui
577 2173 597 2195 a
622 2163 787 2207 paschate
809 2163 983 2208 proximus
1011 2169 1065 2197 est
1084 2163 1291 2207 dominicus,
1329 2161 1455 2207 populo
1481 2161 1652 2207 publicum
1673 2172 1760 2214 pro-

313 2217 446 2240 cessum
478 2205 516 2241 in
549 2207 779 2252 apostolorum
811 2210 930 2243 aedem
958 2210 1121 2254 imperat,
1155 2209 1221 2242 hoc
1245 2209 1344 2242 modo
1367 2207 1494 2242 civium
1516 2207 1554 2241 in
1573 2218 1611 2241 se
1628 2216 1760 2241 ammos

312 2251 567 2296 exploraturus,
613 2253 712 2288 venit
744 2266 826 2298 ergo
851 2260 1034 2290 coronatus
1060 2266 1134 2289 cum
1159 2259 1280 2288 senatu
1303 2253 1458 2288 omnibus
1484 2252 1626 2287 urbanis
1653 2251 1697 2286 ad
1721 2251 1762 2286 id

313 2297 545 2341 spectaculum
578 2300 855 2344 accurrentibus,
888 2307 923 2335 et
946 2301 989 2334 iis
1014 2300 1072 2345 qui
1097 2301 1142 2334 ad
1164 2300 1254 2334 viam
1278 2299 1407 2343 regiam
1440 2298 1662 2339 habitabant,
1696 2307 1761 2331 au-

314 2353 410 2375 ream
445 2347 481 2376 et
513 2350 711 2387 argenteam
735 2346 977 2391 supellectilem
1004 2358 1047 2380 ex
1070 2346 1212 2380 aedibus
1237 2344 1495 2379 demittentibus
1519 2355 1560 2377 ac
1581 2342 1701 2388 peplos
1725 2346 1763 2377 et

316 2398 402 2420 auro
425 2387 577 2423 intextas
601 2395 737 2435 vestes,
759 2391 865 2436 inque
887 2391 1012 2426 faustis
1036 2390 1337 2426 acclamationibus
1357 2389 1515 2424 certatim
1530 2389 1641 2434 ipsum
1657 2387 1762 2423 etiam

317 2433 507 2467 animorum
540 2446 677 2483 suorum
705 2448 845 2472 sensum
868 2439 1046 2472 effundere
1069 2437 1298 2482 cupientibus.
1344 2435 1389 2470 iis
1412 2435 1514 2470 miser
1535 2435 1604 2469 iste
1624 2434 1763 2468 inesca-

318 2483 395 2531 tus,
428 2484 533 2523 atque
564 2481 678 2516 omnia
707 2494 727 2516 a
757 2495 885 2517 summa
919 2483 1092 2528 proficisci
1114 2482 1355 2517 benevolentia
1376 2486 1523 2526 putans,
1558 2485 1596 2514 ut
1618 2478 1764 2525 primum

318 2534 356 2556 ιιι
388 2535 544 2568 magnum
576 2532 628 2560 est
658 2539 819 2563 reversus
851 2529 1035 2573 palatium,
1067 2528 1296 2574 patriarcham
1319 2527 1356 2561 in
1378 2525 1619 2560 monasterium
1641 2524 1763 2569 ipsius,

319 2569 411 2611 quod
444 2576 521 2604 erat
551 2570 587 2604 in
620 2573 749 2618 Steno,
785 2574 881 2609 abire
914 2575 1034 2617 iubet,
1068 2586 1174 2619 seque
1209 2573 1260 2607 ibi
1281 2573 1317 2606 in
1340 2571 1525 2607 crastinum
1548 2576 1764 2616 exspectare,

321 2614 481 2665 donatum
518 2617 594 2651 auri
623 2616 722 2653 libris
754 2619 797 2663 4,
833 2621 925 2665 quod
948 2620 1104 2654 nimirum
1127 2619 1160 2653 ei
1186 2618 1288 2652 brevi
1309 2623 1402 2652 esset
1422 2627 1656 2651 successorem
1680 2626 1764 2650 con-

321 2665 516 2695 sumturus.
565 2669 668 2698 noctu
688 2666 876 2708 Augustam
899 2665 986 2700 solio
1010 2665 1171 2700 deturbat
1199 2669 1234 2699 et
1255 2663 1292 2698 in
1315 2662 1512 2708 Principum
1537 2661 1688 2705 relegat,
1719 2660 1766 2694 iis

323 2704 383 2756 (ψῖ
415 2706 633 2742 abducebant
665 2711 825 2745 mandato
859 2714 897 2745 ut
929 2723 1003 2746 eam
1034 2711 1197 2745 raderent
1227 2714 1331 2755 atque
1358 2708 1428 2754 ipsi
1450 2707 1564 2742 crines
1586 2708 1766 2741 afferrent.

323 2748 494 2802 dle-facta
518 2752 718 2789 relationem
743 2757 966 2801 perscripsit,
998 2768 1140 2801 eamque
1163 2755 1258 2790 urbis
1281 2755 1458 2800 praefecto
1481 2751 1617 2798 publice
1640 2750 1767 2796 populo

323 2796 531 2830 recitandam
566 2797 603 2831 iu
638 2801 859 2836 Constantini
885 2802 1004 2847 Magni
1033 2803 1110 2836 foro
1139 2802 1326 2836 mandavit.
1371 2800 1502 2846 scripta
1532 2798 1599 2834 fuit
1619 2797 1657 2833 in
1677 2797 1769 2831 hauc
