1916 3210
362 235 460 284 564
832 229 1064 275 GEORGII
1099 228 1338 274 CEDRENI
1387 236 1390 239 ’

360 348 541 408 τρέπεται
574 343 667 394 τοὺς
695 341 828 396 ἔνδον,
862 337 918 386 ὧν
946 342 984 386 οἳ
1011 341 1084 397 μὲν
1112 340 1365 394 ἁλίσκονται,
1399 341 1439 384 οἳ
1458 341 1501 384 δὲ
1517 337 1802 399 φεῦγοντεςεῗς

360 418 433 472 τὴν
449 418 520 469 τῆς
539 410 690 462 πόλεως
708 410 864 469 τάφρον
884 411 1123 454 κατέπιπτον
1143 411 1210 452 καὶ
1230 413 1398 467 οῗκτρῶς
1415 408 1635 453 ἀπώλοντο.
1680 408 1801 468 ἔφευ-

357 500 430 541 γον
452 482 497 525 δὲ
520 482 586 523 καὶ
610 479 688 522 ἀπὸ
715 483 788 522 τοῦ
806 479 960 534 τείχους
983 476 1282 535 κρημνιζόμενοι
1309 478 1347 521 οἱ
1372 481 1553 530 πολῖται,
1585 481 1801 535 παραπλη--

357 552 456 600 σι’ως
480 541 547 591 καὶ
571 548 610 590 οἳ
631 548 810 605 πυλωροὶ
829 551 910 590 τῶν
929 547 970 590 ἔν
987 546 1237 603 Βλαχέρναις
1255 549 1395 600 τειχῶν
1414 545 1487 596 τὰς
1505 542 1634 595 πύλας
1653 544 1800 597 ἀναπε-

356 617 562 667 τάσαντες.
630 617 696 658 καὶ
718 617 752 658 εἲ
766 614 824 671 μὴ
843 613 944 671 τύχη
964 632 1024 665 τις
1042 613 1190 672 ἔσφηλε
1208 618 1266 672 τῷ
1286 614 1482 672 Τορνικίῳ
1501 613 1552 656 τὰ
1568 609 1799 671 πράγματα,
1812 622 1833 655 5

358 689 544 741 εἰσῆλθεν
573 682 623 726 ἂν
653 684 822 740 ἀμογητὶ
852 685 920 726 καὶ
946 681 1082 740 κύριος
1104 686 1183 725 τῶν
1204 679 1391 725 ἇπάντων
1414 681 1577 738 ἐγένετο.
1643 679 1738 738 ἄρτι,
1757 681 1822 723 62⁴

218 766 230 809 j.
309 762 341 797 Ι)
365 752 511 804 διώξας
529 750 623 809 ἄχρι
640 756 711 806 τῆς
728 751 838 809 παρὰ
855 755 914 810 τῷ
931 751 1048 805 τείχει
1063 748 1222 808 τάφρου
1246 750 1382 804 ἐπέσχε
1408 749 1478 792 τὸν
1509 746 1706 804 διωγμόν,
1734 748 1801 790 καὶ

355 820 476 865 πάλιν
496 818 854 877 ἀναθαρρήσαντες
874 819 914 862 οἱ
930 821 1019 877 περὶ
1039 818 1109 862 τὸν
1126 818 1298 873 βασιλέα
1316 817 1390 868 τάς
1404 834 1447 860 τε
1462 815 1592 867 πύλας
1610 815 1801 870 κατέσχον

354 892 422 934 καὶ
445 893 516 945 τῆς
538 891 719 945 φυλακῆς
741 885 1045 942 ἐπεμελήθησαν
1066 890 1146 930 τῶν
1166 890 1318 940 τειχῶν.
1382 883 1469 928 τότε
1491 885 1535 927 δὲ
1554 884 1621 926 καὶ
1641 882 1662 927 ὃ
1678 887 1801 938 βασι-

355 958 447 1009 λεὺς
469 960 615 1014 μικροῦ
640 954 690 998 ἂν
710 953 907 999 ἀπολώλει
929 955 996 998 διὰ
1017 952 1134 1006 τόξου
1154 955 1345 1009 βληθείς,
1380 955 1415 997 εἰ
1435 953 1494 1008 μὴ
1518 951 1618 1002 θεὸς
1636 968 1798 1010 προφα-
1813 961 1855 995 10

355 1031 434 1077 νῶς
463 1022 705 1076 διεσώσατο,
734 1028 807 1068 τοῦ
836 1025 974 1068 οἳστοῦ
998 1022 1226 1078 ἐνεχθέντος
1251 1022 1306 1072 εἴς
1327 1037 1434 1072 τινος
1453 1017 1703 1076 θεράποντος
1725 1016 1798 1062 κά-

354 1099 498 1149 λυμμα
528 1093 820 1149 στροβιλοειδές
846 1096 1049 1149 κεφαλῆς,
1083 1090 1180 1148 ὅπερ
1205 1092 1272 1132 καὶ
1292 1089 1362 1133 τὸν
1383 1088 1522 1145 ἔχοντα
1543 1089 1610 1130 καὶ
1628 1087 1698 1131 τὸν
1718 1091 1800 1142 βα-

355 1163 469 1206 σιλέα
492 1159 723 1204 διεσώσατο.
790 1165 932 1203 τοῦτον
956 1160 999 1202 δὲ
1018 1158 1088 1202 τὸν
1108 1157 1255 1215 τρόπον
1277 1157 1391 1214 ἔγγὺς
1412 1161 1485 1200 τοῦ
1509 1154 1660 1199 ἁλῶναι
1678 1154 1704 1211 ἦ
1725 1153 1799 1211 πό-

353 1235 417 1282 λις
435 1232 614 1273 ἐλθοῦσα
631 1226 824 1284 διεσώθη.
891 1227 913 1271 ὃ
941 1229 987 1271 δὲ
1012 1225 1241 1281 ἀποστάτης
1267 1227 1334 1267 ἐπί
1359 1242 1467 1276 τινας
1493 1222 1646 1281 ἡμέρας
1671 1239 1794 1280 προσ-

352 1300 490 1354 μείνας
521 1299 563 1340 ἐν
594 1301 652 1355 τῷ
684 1295 966 1354 στρατοπέδῳ,
1009 1294 1144 1349 ἐπειδὴ
1177 1294 1215 1337 οἳ
1245 1295 1335 1351 περὶ
1367 1293 1488 1336 αὐτὸν
1518 1291 1621 1335 κατὰ
1651 1291 1797 1349 μικρὸν
1810 1297 1852 1331 15

351 1366 614 1423 ὑπορρυέντες
633 1363 883 1420 ηὐτομόλουν
905 1368 963 1422 τῷ
982 1367 1160 1418 βασιλεῖ,
1195 1363 1388 1417 πτοηθεὶς
1404 1359 1461 1417 μή
1483 1377 1566 1410 πως
1594 1359 1632 1401 οἳ
1657 1357 1800 1408 πάντες

355 1432 639 1483 καταλιπόντες
669 1433 791 1475 αὐτὸν
818 1430 1052 1487 οἰχήσονται
1079 1430 1106 1486 ἢ
1135 1432 1202 1473 καὶ
1227 1428 1490 1484 κατασχόντες
1507 1429 1721 1486 παραδῶσι
1742 1431 1801 1485 τῷ

355 1506 536 1557 βασιλεῖ’,
582 1500 760 1551 ἀναστὰς
789 1501 942 1542 ἐκεῖθεν
971 1498 1220 1555 ῧπέστρεψεν
1254 1499 1296 1540 ἓν
1330 1494 1667 1554 Ἀρκαδιουπῦλει.
1732 1496 1798 1537 καὶ

209 1583 244 1616 Ρ
267 1582 337 1618 766
360 1570 481 1620 αὐτὸς
506 1570 578 1624 μὲν
602 1568 677 1613 σὺν
697 1566 861 1625 Ἰωάννῃ
881 1572 939 1626 τῷ
954 1565 1142 1624 Βατάτζῃ
1160 1566 1419 1624 παρεμβολὴν
1435 1562 1660 1620 πηξάμενος
1676 1563 1797 1605 ἐκεῖσε

351 1638 589 1696 προσέμενε,
637 1634 850 1693 Θεόδωρον
883 1637 927 1678 δὲ
960 1635 1029 1678 τὸν
1053 1635 1126 1690 τὴν
1156 1634 1381 1688 ἐπωνυμίαν
1411 1629 1703 1690 Στραβομύτην
1730 1631 1852 1674 ‚caleo

352 1707 422 1751 τὸν
448 1703 656 1762 λεγόμενον
677 1704 819 1747 Πολὺν
846 1705 912 1746 καὶ
939 1702 1159 1760 Μαριανόν
1177 1702 1246 1745 τὸν
1264 1704 1452 1759 Βρανᾶν,
1485 1697 1701 1756 ταγμάτων
1721 1697 1798 1755 ἅρ-

350 1792 496 1831 χοντας
522 1775 713 1824 δυτικῶν,
746 1771 850 1814 καθ’
877 1772 1048 1826 αἵματος
1073 1771 1280 1814 κοινωνίαν
1307 1770 1415 1829 anim?
1443 1769 1687 1825 ἓγγίζοντας,
1721 1782 1798 1808 πο-

351 1846 563 1901 λιορκῆσαι
583 1841 770 1896 ἐκπέμπει
788 1839 861 1896 τὴν
874 1838 1120 1884 Ῥαιδεστὸν·
1154 1838 1292 1893 ἔτυχον
1307 1837 1385 1895 γὰρ
1404 1837 1447 1880 αἶ
1461 1836 1535 1891 μὲν
1554 1835 1673 1880 ἄλλαι
1693 1837 1797 1878 Μα-

445 1960 489 1995 11
514 1956 639 1992 ἰοστοῦ
662 1957 713 2002 C,
735 1954 865 2001 βέλους
885 1968 1003 2002 margo
1119 1957 1162 1993 15
1183 1955 1231 2002 τῇ
1253 1952 1515 2001 στρατοπεδείᾳ
1534 1953 1566 1988 Ο
1677 1953 1724 1989 22
1745 1951 1798 1992 εἰς

440 2003 656 2049 πολιορκίαν
677 2000 850 2047 ἐκπέμπει
870 2003 936 2047 τῆς
957 2000 1099 2044 πόλεως
1122 2000 1335 2038 Ῥαιδέστου
1360 2001 1390 2035 C

351 2117 421 2151 que
440 2108 610 2139 momento
632 2115 856 2150 perrumpens
879 2104 1003 2139 vallum
1026 2115 1086 2139 eos
1107 2103 1217 2150 pellit.
1263 2103 1384 2137 horum
1405 2101 1467 2137 alii
1489 2099 1582 2147 capti
1601 2102 1703 2144 sunt,
1735 2098 1795 2134 aiii

350 2152 526 2196 fugientes
557 2151 595 2184 in
630 2150 758 2185 fossam
790 2149 868 2184 urbi
898 2150 1138 2185 circumdatam
1169 2148 1366 2184 inciderunt
1396 2153 1433 2183 et
1458 2148 1581 2182 misere
1602 2145 1795 2191 perierunt.

352 2199 416 2233 sed
440 2201 474 2231 et
495 2196 590 2231 cives
613 2196 657 2230 de
680 2196 784 2230 muris
807 2196 991 2241 praecipiti
1014 2197 1098 2241 fuga
1119 2207 1158 2230 se
1179 2194 1436 2240 proripuerunt.
1482 2193 1673 2239 profugere
1693 2190 1796 2226 etiam

351 2248 529 2288 portarurn
545 2241 848 2276 Blachernensium
870 2242 1048 2286 custodes,
1075 2253 1144 2276 non
1161 2240 1307 2275 obiectis
1323 2245 1498 2286 portarum
1511 2237 1638 2273 valvis.
1683 2236 1795 2282 quod-

351 2288 421 2323 nisi
444 2287 630 2322 Tornicius
653 2287 726 2322 fato
749 2287 875 2321 fuisset
895 2287 1099 2333 impeditus,
1128 2291 1267 2333 poterat
1289 2287 1421 2331 absque
1443 2284 1511 2320 ullo
1533 2283 1654 2318 labore
1673 2281 1712 2316 in
1733 2292 1798 2316 ur-

350 2334 429 2368 bem
460 2338 644 2378 penetrare
673 2345 714 2368 ac
743 2332 923 2377 imperium
946 2344 1126 2379 occupare.
1173 2343 1263 2366 nunc
1285 2330 1343 2365 ille
1368 2342 1444 2366 cum
1465 2341 1575 2375 usque
1597 2329 1642 2363 ad
1668 2329 1796 2363 fossam

350 2390 447 2413 muro
470 2379 665 2423 contiguam
687 2378 915 2424 pervenisset,
938 2380 980 2413 ab
1002 2378 1213 2423 insequendo
1236 2377 1383 2412 destitit.
1428 2377 1495 2410 hoc
1515 2375 1662 2410 animum
1683 2373 1794 2419 impe-

350 2423 492 2459 ratoriis
513 2424 675 2467 reddidit,
701 2429 739 2458 ut
761 2430 796 2459 et
817 2430 936 2469 portas
959 2429 1167 2470 occuparent
1189 2428 1225 2458 et
1245 2434 1416 2457 murorum
1435 2421 1668 2457 defensionem
1683 2418 1795 2454 susci-

350 2474 488 2514 perent.
534 2469 625 2504 haud
653 2470 758 2504 dubie
789 2475 870 2504 tunc
892 2471 977 2504 deus
996 2470 1234 2515 imperatorem
1257 2468 1435 2512 servavit,
1468 2479 1513 2501 ne
1532 2466 1662 2511 sagitta
1682 2465 1793 2499 inter-

351 2516 535 2560 ficeretur,
569 2526 659 2560 quae
693 2516 730 2549 in
761 2515 873 2562 ipsum
906 2515 1029 2550 emissa
1059 2515 1096 2549 in
1126 2514 1306 2549 rotundum
1331 2513 1505 2548 cuiusdam
1528 2510 1647 2547 famuli
1667 2509 1794 2556 capitis

351 2563 490 2604 tegmen
521 2565 576 2595 est
607 2561 741 2606 delata,
779 2561 871 2606 quod
894 2566 930 2596 et
952 2561 1032 2595 huic
1054 2565 1089 2595 et
1111 2560 1313 2605 imperatori
1334 2559 1484 2594 salutare
1505 2557 1586 2592 fuit.
1631 2557 1677 2591 ad
1703 2557 1794 2590 hunc

353 2617 437 2650 ergo
468 2607 602 2640 modum
632 2608 713 2642 urbs
746 2606 902 2652 proxima
930 2606 1105 2661 periculo,
1139 2607 1181 2639 ab
1213 2605 1312 2640 hoste
1345 2609 1459 2639 tamen
1492 2608 1595 2649 capta
1623 2613 1694 2637 non
1725 2606 1791 2635 est.

350 2649 538 2686 Tornicius
567 2662 641 2686 cum
669 2664 732 2698 per
755 2652 886 2698 aliquot
907 2653 982 2687 dies
1005 2652 1043 2686 in
1065 2651 1188 2686 castris
1211 2651 1382 2686 haesisset
1405 2655 1440 2684 et
1462 2651 1505 2684 ab
1528 2649 1606 2694 ipso
1628 2646 1793 2694 paulatim

348 2694 394 2730 ad
428 2695 668 2741 imperatorem
699 2698 926 2742 deficeretur,
961 2698 1092 2732 veritus
1116 2709 1159 2731 ne
1183 2697 1240 2731 vel
1263 2696 1419 2731 universi
1441 2697 1485 2730 ab
1506 2695 1584 2740 ipso
1605 2692 1794 2728 transirent

349 2739 418 2794 vel·
436 2742 537 2775 etiam
570 2743 850 2787 comprehensum
878 2743 1080 2789 imperatori
1111 2742 1306 2787 traderent,
1341 2741 1465 2776 castris
1495 2739 1597 2774 motis
1624 2737 1790 2773 Arcadio-

349 2786 444 2829 pohn
475 2792 568 2820 retro
600 2788 705 2833 abiit,
738 2788 856 2833 ibique
880 2800 953 2823 cum
978 2790 1106 2823 Ioanne
1127 2787 1274 2823 Batatza
1296 2792 1410 2823 castra
1435 2786 1572 2831 posuit,
1603 2783 1791 2819 Theodoro

347 2830 589 2875 Strabomyta,
614 2833 724 2877 Polye
748 2834 976 2880 Marianoque
997 2836 1132 2878 Brana,
1159 2832 1430 2868 Occidentalium
1453 2831 1625 2876 legionum
1648 2828 1791 2863 ducibus

346 2881 384 2910 et
404 2877 470 2911 sibi
493 2878 658 2922 sanguine
678 2879 903 2927 propinquis,
935 2880 980 2916 ad
1008 2879 1217 2916 Raedestum
1247 2878 1510 2926 oppugnandam
1531 2875 1668 2918 missis3
1701 2883 1790 2919 quae
