<?xml version="1.0" encoding="UTF-8"?>
<!DOCTYPE html PUBLIC "-//W3C//DTD XHTML 1.0 Transitional//EN"
    "http://www.w3.org/TR/xhtml1/DTD/xhtml1-transitional.dtd">
<html xmlns="http://www.w3.org/1999/xhtml" xml:lang="en" lang="en">
 <head>
  <title>
</title>
<meta http-equiv="Content-Type" content="text/html;charset=utf-8" />
  <meta name='ocr-system' content='tesseract 3.04.00' />
  <meta name='ocr-capabilities' content='ocr_page ocr_carea ocr_par ocr_line ocrx_word'/>
</head>
<body>
  <div class='ocr_page' id='page_1' title='image "./corpusscriptorum14niebuoft/corpusscriptorum14niebuoft_0517.png"; bbox 0 0 1916 3210; ppageno 0'>
   <div class='ocr_carea' id='block_1_1' title="bbox 493 179 1642 234">
    <p class='ocr_par' dir='ltr' id='par_1_1' title="bbox 493 179 1642 234">
     <span class='ocr_line' id='line_1_1' title="bbox 493 179 1642 234; baseline -0.004 -2"><span class='ocrx_word' id='word_1_1' title='bbox 493 185 891 234; x_wconf 78' lang='lat' dir='ltr'>HISTORIARUM</span> <span class='ocrx_word' id='word_1_2' title='bbox 925 182 1311 230; x_wconf 82' lang='lat' dir='ltr'><strong>coMPENDIUM.</strong></span> <span class='ocrx_word' id='word_1_3' title='bbox 1541 179 1642 228; x_wconf 83' lang='lat'><strong>507</strong></span> 
     </span>
    </p>
   </div>
   <div class='ocr_carea' id='block_1_2' title="bbox 0 294 1795 2012">
    <p class='ocr_par' dir='ltr' id='par_1_2' title="bbox 0 294 1795 2012">
     <span class='ocr_line' id='line_1_2' title="bbox 179 294 1643 361; baseline -0.006 -14"><span class='ocrx_word' id='word_1_4' title='bbox 179 302 319 361; x_wconf 69' lang='grc' dir='ltr'><strong><em>ἤνεγκε</em></strong></span> <span class='ocrx_word' id='word_1_5' title='bbox 338 297 481 361; x_wconf 86' lang='grc' dir='ltr'><strong><em>πράως</em></strong></span> <span class='ocrx_word' id='word_1_6' title='bbox 504 301 578 357; x_wconf 83' lang='grc' dir='ltr'><strong>τὴν</strong></span> <span class='ocrx_word' id='word_1_7' title='bbox 605 297 746 357; x_wconf 75' lang='grc' dir='ltr'><strong><em>ἀκοήν,</em></strong></span> <span class='ocrx_word' id='word_1_8' title='bbox 780 298 885 343; x_wconf 80' lang='grc' dir='ltr'><strong><em>ἀλλὰ</em></strong></span> <span class='ocrx_word' id='word_1_9' title='bbox 904 299 971 342; x_wconf 78' lang='grc' dir='ltr'><strong>καὶ</strong></span> <span class='ocrx_word' id='word_1_10' title='bbox 994 296 1294 354; x_wconf 86' lang='grc' dir='ltr'><strong><em>ἀπεδυσπέτησε</em></strong></span> <span class='ocrx_word' id='word_1_11' title='bbox 1317 295 1420 355; x_wconf 79' lang='grc' dir='ltr'><strong><em>πρὸς</em></strong></span> <span class='ocrx_word' id='word_1_12' title='bbox 1438 294 1491 340; x_wconf 73' lang='grc' dir='ltr'><strong><em>τὰ</em></strong></span> <span class='ocrx_word' id='word_1_13' title='bbox 1513 312 1643 354; x_wconf 84' lang='grc' dir='ltr'><strong><em>φημι-</em></strong></span> 
     </span>
     <span class='ocr_line' id='line_1_3' title="bbox 182 363 1644 429; baseline -0.005 -13"><span class='ocrx_word' id='word_1_14' title='bbox 182 370 350 429; x_wconf 79' lang='grc' dir='ltr'><strong><em>ζόμενα,</em></strong></span> <span class='ocrx_word' id='word_1_15' title='bbox 384 371 451 414; x_wconf 82' lang='grc' dir='ltr'><strong>καὶ</strong></span> <span class='ocrx_word' id='word_1_16' title='bbox 472 370 542 414; x_wconf 78' lang='grc' dir='ltr'><strong><em>διὰ</em></strong></span> <span class='ocrx_word' id='word_1_17' title='bbox 562 368 780 425; x_wconf 76' lang='grc' dir='ltr'><em>θαύματος</em></span> <span class='ocrx_word' id='word_1_18' title='bbox 797 363 868 425; x_wconf 81' lang='grc' dir='ltr'><strong>ἦγε</strong></span> <span class='ocrx_word' id='word_1_19' title='bbox 888 371 975 419; x_wconf 80' lang='grc' dir='ltr'><strong>πῶς</strong></span> <span class='ocrx_word' id='word_1_20' title='bbox 994 369 1188 411; x_wconf 73' lang='grc' dir='ltr'><em>πλείστων</em></span> <span class='ocrx_word' id='word_1_21' title='bbox 1210 367 1405 424; x_wconf 83' lang='grc' dir='ltr'><strong><em>κάγαθῶν</em></strong></span> <span class='ocrx_word' id='word_1_22' title='bbox 1425 364 1549 410; x_wconf 69' lang='grc' dir='ltr'><strong><em>ὄντων</em></strong></span> <span class='ocrx_word' id='word_1_23' title='bbox 1570 364 1644 408; x_wconf 88' lang='grc' dir='ltr'><strong><em>ἀν-</em></strong></span> 
     </span>
     <span class='ocr_line' id='line_1_4' title="bbox 0 435 1645 506; baseline -0.006 -20"><span class='ocrx_word' id='word_1_24' title='bbox 0 447 21 506; x_wconf 46' lang='lat' dir='ltr'><strong>&#39;i&#39;</strong></span> <span class='ocrx_word' id='word_1_25' title='bbox 182 442 293 500; x_wconf 75' lang='grc' dir='ltr'><strong><em>δρῶν</em></strong></span> <span class='ocrx_word' id='word_1_26' title='bbox 313 440 357 492; x_wconf 72' lang='grc' dir='ltr'><strong>ἐξ</strong></span> <span class='ocrx_word' id='word_1_27' title='bbox 379 439 501 483; x_wconf 76' lang='grc' dir='ltr'><strong><em>οἷ’κων</em></strong></span> <span class='ocrx_word' id='word_1_28' title='bbox 521 443 719 497; x_wconf 81' lang='grc' dir='ltr'><strong><em>λαμπρῶν</em></strong></span> <span class='ocrx_word' id='word_1_29' title='bbox 738 439 805 481; x_wconf 82' lang='grc' dir='ltr'><strong>καὶ</strong></span> <span class='ocrx_word' id='word_1_30' title='bbox 827 435 1024 492; x_wconf 72' lang='grc' dir='ltr'><strong><em>ἐπισήμου</em></strong></span> <span class='ocrx_word' id='word_1_31' title='bbox 1055 437 1194 494; x_wconf 84' lang='grc' dir='ltr'><strong><em>γένους</em></strong></span> <span class='ocrx_word' id='word_1_32' title='bbox 1222 437 1394 491; x_wconf 87' lang='grc' dir='ltr'><strong><em>χυδαῖος</em></strong></span> <span class='ocrx_word' id='word_1_33' title='bbox 1425 436 1490 478; x_wconf 78' lang='grc' dir='ltr'><strong><em>καὶ</em></strong></span> <span class='ocrx_word' id='word_1_34' title='bbox 1521 451 1645 491; x_wconf 85' lang='grc' dir='ltr'><strong><em>τριω-</em></strong></span> 
     </span>
     <span class='ocr_line' id='line_1_5' title="bbox 0 500 1646 567; baseline -0.005 -14"><span class='ocrx_word' id='word_1_35' title='bbox 0 507 29 567; x_wconf 92' lang='lat'><em>³</em></span> <span class='ocrx_word' id='word_1_36' title='bbox 180 513 397 565; x_wconf 87' lang='grc' dir='ltr'><strong><em>βολιμαῖος</em></strong></span> <span class='ocrx_word' id='word_1_37' title='bbox 425 507 645 567; x_wconf 73' lang='grc' dir='ltr'><strong><em>ἅνθρωπος</em></strong></span> <span class='ocrx_word' id='word_1_38' title='bbox 670 511 752 551; x_wconf 81' lang='grc' dir='ltr'><strong>τῶν</strong></span> <span class='ocrx_word' id='word_1_39' title='bbox 782 505 917 549; x_wconf 75' lang='grc' dir='ltr'><strong><em>ἄλλων</em></strong></span> <span class='ocrx_word' id='word_1_40' title='bbox 945 507 1209 563; x_wconf 78' lang='grc' dir='ltr'><strong><em>προτετίμητο</em></strong></span> <span class='ocrx_word' id='word_1_41' title='bbox 1229 504 1391 549; x_wconf 86' lang='grc' dir='ltr'><strong><em>πάντων</em></strong></span> <span class='ocrx_word' id='word_1_42' title='bbox 1410 505 1476 547; x_wconf 80' lang='grc' dir='ltr'><strong>καὶ</strong></span> <span class='ocrx_word' id='word_1_43' title='bbox 1499 500 1646 546; x_wconf 81' lang='grc' dir='ltr'><strong><em>δεσπό-</em></strong></span> 
     </span>
     <span class='ocr_line' id='line_1_6' title="bbox 0 569 1698 635; baseline -0.005 -13"><span class='ocrx_word' id='word_1_44' title='bbox 0 574 5 596; x_wconf 67' lang='grc'><strong>““</strong></span> <span class='ocrx_word' id='word_1_45' title='bbox 33 617 36 618; x_wconf 22' lang='lat'><em>⁷</em></span> <span class='ocrx_word' id='word_1_46' title='bbox 149 588 258 635; x_wconf 56' lang='lat'><strong>⁵015</strong></span> <span class='ocrx_word' id='word_1_47' title='bbox 284 581 352 621; x_wconf 78' lang='grc' dir='ltr'><strong>καὶ</strong></span> <span class='ocrx_word' id='word_1_48' title='bbox 378 576 571 632; x_wconf 73' lang='grc' dir='ltr'><strong><em>βασιλεὺς</em></strong></span> <span class='ocrx_word' id='word_1_49' title='bbox 590 573 847 632; x_wconf 82' lang='grc' dir='ltr'><strong><em>ἀνηγόρευτο.</em></strong></span> <span class='ocrx_word' id='word_1_50' title='bbox 913 578 1033 618; x_wconf 77' lang='grc' dir='ltr'><strong><em>τοῦτο</em></strong></span> <span class='ocrx_word' id='word_1_51' title='bbox 1065 575 1109 617; x_wconf 75' lang='grc' dir='ltr'><strong>δὲ</strong></span> <span class='ocrx_word' id='word_1_52' title='bbox 1135 571 1368 629; x_wconf 85' lang='grc' dir='ltr'><strong><em>πυθόμενος</em></strong></span> <span class='ocrx_word' id='word_1_53' title='bbox 1397 570 1419 616; x_wconf 85' lang='grc' dir='ltr'><strong>ὅ</strong></span> <span class='ocrx_word' id='word_1_54' title='bbox 1449 569 1644 627; x_wconf 80' lang='grc' dir='ltr'><strong><em>Ἰωάννης</em></strong></span> <span class='ocrx_word' id='word_1_55' title='bbox 1663 581 1698 618; x_wconf 86' lang='lat'><strong>1)</strong></span> 
     </span>
     <span class='ocr_line' id='line_1_7' title="bbox 0 610 1646 703; baseline -0.005 -12"><span class='ocrx_word' id='word_1_56' title='bbox 0 610 35 703; x_wconf 52' lang='grc' dir='ltr'><strong>ἕξ</strong></span> <span class='ocrx_word' id='word_1_57' title='bbox 182 644 371 703; x_wconf 70' lang='grc' dir='ltr'><strong><em>ἐπλήσθη</em></strong></span> <span class='ocrx_word' id='word_1_58' title='bbox 395 646 483 702; x_wconf 85' lang='grc' dir='ltr'><strong><em>μέν,</em></strong></span> <span class='ocrx_word' id='word_1_59' title='bbox 523 643 580 696; x_wconf 83' lang='grc' dir='ltr'><strong><em>ὥς</em></strong></span> <span class='ocrx_word' id='word_1_60' title='bbox 607 643 732 696; x_wconf 77' lang='grc' dir='ltr'><strong><em>εἳκός,</em></strong></span> <span class='ocrx_word' id='word_1_61' title='bbox 766 640 954 701; x_wconf 68' lang='grc' dir='ltr'><strong><em>θορύβου</em></strong></span> <span class='ocrx_word' id='word_1_62' title='bbox 977 644 1045 685; x_wconf 83' lang='grc' dir='ltr'><strong>καὶ</strong></span> <span class='ocrx_word' id='word_1_63' title='bbox 1070 647 1275 700; x_wconf 81' lang='grc' dir='ltr'><strong><em>ταραχῆς,</em></strong></span> <span class='ocrx_word' id='word_1_64' title='bbox 1310 641 1475 698; x_wconf 69' lang='grc' dir='ltr'><strong><em>ἐμελέτα</em></strong></span> <span class='ocrx_word' id='word_1_65' title='bbox 1502 641 1548 684; x_wconf 74' lang='grc' dir='ltr'><strong>δὲ</strong></span> <span class='ocrx_word' id='word_1_66' title='bbox 1577 641 1646 684; x_wconf 77' lang='grc' dir='ltr'><strong>καὶ</strong></span> 
     </span>
     <span class='ocr_line' id='line_1_8' title="bbox 0 696 1649 792; baseline -0.005 -31"><span class='ocrx_word' id='word_1_67' title='bbox 0 696 30 792; x_wconf 56' lang='grc' dir='ltr'><strong>ξε</strong></span> <span class='ocrx_word' id='word_1_68' title='bbox 183 716 394 760; x_wconf 63' lang='grc' dir='ltr'><strong><em>ἐσκέπτετο</em></strong></span> <span class='ocrx_word' id='word_1_69' title='bbox 413 719 500 766; x_wconf 83' lang='grc' dir='ltr'><strong>πῶς</strong></span> <span class='ocrx_word' id='word_1_70' title='bbox 520 712 570 757; x_wconf 73' lang='grc' dir='ltr'><strong><em>ἂν</em></strong></span> <span class='ocrx_word' id='word_1_71' title='bbox 590 715 658 757; x_wconf 80' lang='grc' dir='ltr'><strong>καὶ</strong></span> <span class='ocrx_word' id='word_1_72' title='bbox 679 711 794 757; x_wconf 84' lang='grc' dir='ltr'><strong><em>τόνδε</em></strong></span> <span class='ocrx_word' id='word_1_73' title='bbox 817 711 888 755; x_wconf 82' lang='grc' dir='ltr'><strong>τὸν</strong></span> <span class='ocrx_word' id='word_1_74' title='bbox 909 710 1040 768; x_wconf 72' lang='grc' dir='ltr'><strong><em>ἄνδρα</em></strong></span> <span class='ocrx_word' id='word_1_75' title='bbox 1061 710 1140 755; x_wconf 72' lang='grc' dir='ltr'><strong>ὑπὸ</strong></span> <span class='ocrx_word' id='word_1_76' title='bbox 1161 711 1236 767; x_wconf 86' lang='grc' dir='ltr'><strong>τὴν</strong></span> <span class='ocrx_word' id='word_1_77' title='bbox 1257 709 1404 754; x_wconf 76' lang='grc' dir='ltr'><strong><em>ἑαυτοῦ</em></strong></span> <span class='ocrx_word' id='word_1_78' title='bbox 1426 715 1542 754; x_wconf 85' lang='grc' dir='ltr'><strong><em>θεῖτο</em></strong></span> <span class='ocrx_word' id='word_1_79' title='bbox 1569 726 1649 753; x_wconf 92' lang='grc' dir='ltr'><strong>σα-</strong></span> 
     </span>
     <span class='ocr_line' id='line_1_9' title="bbox 0 776 1650 843; baseline -0.004 -14"><span class='ocrx_word' id='word_1_80' title='bbox 0 784 28 804; x_wconf 49' lang='lat'><strong>&#39;⁴‘</strong></span> <span class='ocrx_word' id='word_1_81' title='bbox 182 783 321 843; x_wconf 80' lang='grc' dir='ltr'><strong><em>γῆνην.</em></strong></span> <span class='ocrx_word' id='word_1_82' title='bbox 388 784 456 826; x_wconf 76' lang='grc' dir='ltr'><strong>καὶ</strong></span> <span class='ocrx_word' id='word_1_83' title='bbox 482 779 534 839; x_wconf 79' lang='grc' dir='ltr'><strong>δὴ</strong></span> <span class='ocrx_word' id='word_1_84' title='bbox 556 783 760 826; x_wconf 71' lang='grc' dir='ltr'><strong><em>στέλλεται</em></strong></span> <span class='ocrx_word' id='word_1_85' title='bbox 780 779 884 839; x_wconf 82' lang='grc' dir='ltr'><strong><em>πρὸς</em></strong></span> <span class='ocrx_word' id='word_1_86' title='bbox 901 779 1024 824; x_wconf 77' lang='grc' dir='ltr'><strong><em>αὗτὸν</em></strong></span> <span class='ocrx_word' id='word_1_87' title='bbox 1046 778 1102 832; x_wconf 78' lang='grc' dir='ltr'><strong>εἷς</strong></span> <span class='ocrx_word' id='word_1_88' title='bbox 1122 785 1203 824; x_wconf 85' lang='grc' dir='ltr'><strong>τῶν</strong></span> <span class='ocrx_word' id='word_1_89' title='bbox 1223 778 1422 835; x_wconf 73' lang='grc' dir='ltr'><strong>εὐνούχων</strong></span> <span class='ocrx_word' id='word_1_90' title='bbox 1444 777 1466 823; x_wconf 83' lang='grc' dir='ltr'><strong>ὅ</strong></span> <span class='ocrx_word' id='word_1_91' title='bbox 1485 776 1650 835; x_wconf 84' lang='grc' dir='ltr'><strong><em>λεγόμε-</em></strong></span> 
     </span>
     <span class='ocr_line' id='line_1_10' title="bbox 0 806 1650 955; baseline -0.005 -57"><span class='ocrx_word' id='word_1_92' title='bbox 0 806 30 955; x_wconf 58' lang='grc' dir='ltr'>ἒ</span> <span class='ocrx_word' id='word_1_93' title='bbox 183 869 253 905; x_wconf 80' lang='grc' dir='ltr'><strong>νος</strong></span> <span class='ocrx_word' id='word_1_94' title='bbox 263 850 520 912; x_wconf 83' lang='grc' dir='ltr'><strong><em>Ἔργοδότης,</em></strong></span> <span class='ocrx_word' id='word_1_95' title='bbox 546 849 768 907; x_wconf 69' lang='grc' dir='ltr'><strong><em>ἐπιτήδειος</em></strong></span> <span class='ocrx_word' id='word_1_96' title='bbox 781 848 990 907; x_wconf 80' lang='grc' dir='ltr'><strong><em>ὖπηρετεῖν</em></strong></span> <span class='ocrx_word' id='word_1_97' title='bbox 1009 851 1066 901; x_wconf 76' lang='grc' dir='ltr'><strong>εἷς</strong></span> <span class='ocrx_word' id='word_1_98' title='bbox 1080 849 1132 893; x_wconf 77' lang='grc' dir='ltr'><strong><em>τὰ</em></strong></span> <span class='ocrx_word' id='word_1_99' title='bbox 1152 854 1335 902; x_wconf 75' lang='grc' dir='ltr'><strong><em>τοιαῦτα,</em></strong></span> <span class='ocrx_word' id='word_1_100' title='bbox 1359 850 1430 907; x_wconf 73' lang='grc' dir='ltr'><strong>ἐφ’</strong></span> <span class='ocrx_word' id='word_1_101' title='bbox 1452 841 1487 908; x_wconf 75' lang='grc' dir='ltr'><em>ᾧ</em></span> <span class='ocrx_word' id='word_1_102' title='bbox 1505 846 1650 905; x_wconf 84' lang='grc' dir='ltr'><strong><em>ὅρκους</em></strong></span> 
     </span>
     <span class='ocr_line' id='line_1_11' title="bbox 0 913 1647 982; baseline -0.005 -15"><span class='ocrx_word' id='word_1_103' title='bbox 0 918 25 982; x_wconf 42' lang='grc' dir='ltr'><strong>,ζ</strong></span> <span class='ocrx_word' id='word_1_104' title='bbox 131 922 332 967; x_wconf 77' lang='grc' dir='ltr'><strong><em>1οδοὕναί</em></strong></span> <span class='ocrx_word' id='word_1_105' title='bbox 353 937 399 965; x_wconf 80' lang='grc' dir='ltr'><strong>τε</strong></span> <span class='ocrx_word' id='word_1_106' title='bbox 428 922 495 964; x_wconf 84' lang='grc' dir='ltr'><strong>καὶ</strong></span> <span class='ocrx_word' id='word_1_107' title='bbox 527 923 666 974; x_wconf 87' lang='grc' dir='ltr'><strong><em>λαβεῖν</em></strong></span> <span class='ocrx_word' id='word_1_108' title='bbox 693 921 760 962; x_wconf 83' lang='grc' dir='ltr'><strong>καὶ</strong></span> <span class='ocrx_word' id='word_1_109' title='bbox 794 918 956 975; x_wconf 77' lang='grc' dir='ltr'><strong><em>ἀγαγεῖν</em></strong></span> <span class='ocrx_word' id='word_1_110' title='bbox 975 917 1046 961; x_wconf 85' lang='grc' dir='ltr'><strong>τὸν</strong></span> <span class='ocrx_word' id='word_1_111' title='bbox 1074 917 1203 976; x_wconf 75' lang='grc' dir='ltr'><strong><em>ἄνδρα</em></strong></span> <span class='ocrx_word' id='word_1_112' title='bbox 1221 919 1263 970; x_wconf 76' lang='grc' dir='ltr'><strong><em>ές</em></strong></span> <span class='ocrx_word' id='word_1_113' title='bbox 1280 917 1466 972; x_wconf 86' lang='grc' dir='ltr'><strong><em>βασιλέα.</em></strong></span> <span class='ocrx_word' id='word_1_114' title='bbox 1534 917 1601 959; x_wconf 76' lang='grc' dir='ltr'><strong>καὶ</strong></span> <span class='ocrx_word' id='word_1_115' title='bbox 1623 913 1647 958; x_wconf 81' lang='grc' dir='ltr'><strong>ὅ</strong></span> 
     </span>
     <span class='ocr_line' id='line_1_12' title="bbox 0 976 1649 1047; baseline -0.005 -12"><span class='ocrx_word' id='word_1_116' title='bbox 0 976 22 1035; x_wconf 60' lang='lat'><strong>23</strong></span> <span class='ocrx_word' id='word_1_117' title='bbox 182 991 258 1047; x_wconf 70' lang='grc' dir='ltr'><strong>μὲν</strong></span> <span class='ocrx_word' id='word_1_118' title='bbox 272 989 430 1034; x_wconf 74' lang='grc' dir='ltr'><strong><em>ἄπεισιν</em></strong></span> <span class='ocrx_word' id='word_1_119' title='bbox 451 989 494 1040; x_wconf 76' lang='grc' dir='ltr'><strong><em>ές</em></strong></span> <span class='ocrx_word' id='word_1_120' title='bbox 509 988 580 1031; x_wconf 80' lang='grc' dir='ltr'><strong>τὸν</strong></span> <span class='ocrx_word' id='word_1_121' title='bbox 596 986 883 1043; x_wconf 87' lang='grc' dir='ltr'><strong><em>Λαλασσηνόν,</em></strong></span> <span class='ocrx_word' id='word_1_122' title='bbox 919 985 940 1029; x_wconf 81' lang='grc' dir='ltr'><strong>ὅ</strong></span> <span class='ocrx_word' id='word_1_123' title='bbox 960 985 1154 1043; x_wconf 80' lang='grc' dir='ltr'><strong><em>Ἰωάννης</em></strong></span> <span class='ocrx_word' id='word_1_124' title='bbox 1183 988 1228 1030; x_wconf 77' lang='grc' dir='ltr'><strong>δὲ</strong></span> <span class='ocrx_word' id='word_1_125' title='bbox 1254 986 1328 1043; x_wconf 78' lang='grc' dir='ltr'><strong>τήν</strong></span> <span class='ocrx_word' id='word_1_126' title='bbox 1356 1003 1399 1030; x_wconf 93' lang='grc' dir='ltr'><strong>τε</strong></span> <span class='ocrx_word' id='word_1_127' title='bbox 1426 983 1649 1042; x_wconf 78' lang='grc' dir='ltr'><strong><em>σύγκλητον</em></strong></span> 
     </span>
     <span class='ocr_line' id='line_1_13' title="bbox 0 1053 1649 1114; baseline -0.004 -10"><span class='ocrx_word' id='word_1_128' title='bbox 0 1058 8 1114; x_wconf 90' lang='grc' dir='ltr'><strong>Ξ</strong></span> <span class='ocrx_word' id='word_1_129' title='bbox 181 1058 409 1104; x_wconf 69' lang='grc' dir='ltr'><strong><em>ὑπεποιεῖτο</em></strong></span> <span class='ocrx_word' id='word_1_130' title='bbox 432 1059 502 1101; x_wconf 81' lang='grc' dir='ltr'><strong>καὶ</strong></span> <span class='ocrx_word' id='word_1_131' title='bbox 528 1056 575 1100; x_wconf 80' lang='grc' dir='ltr'><strong><em>τὸ</em></strong></span> <span class='ocrx_word' id='word_1_132' title='bbox 603 1055 749 1109; x_wconf 84' lang='grc' dir='ltr'><strong><em>κοινόν,</em></strong></span> <span class='ocrx_word' id='word_1_133' title='bbox 784 1058 852 1099; x_wconf 82' lang='grc' dir='ltr'><strong>καὶ</strong></span> <span class='ocrx_word' id='word_1_134' title='bbox 879 1056 952 1111; x_wconf 82' lang='grc' dir='ltr'><strong>τὴν</strong></span> <span class='ocrx_word' id='word_1_135' title='bbox 979 1060 1059 1099; x_wconf 82' lang='grc' dir='ltr'><strong>τῶν</strong></span> <span class='ocrx_word' id='word_1_136' title='bbox 1079 1060 1239 1099; x_wconf 83' lang='grc' dir='ltr'><strong><em>πολλῶν</em></strong></span> <span class='ocrx_word' id='word_1_137' title='bbox 1256 1057 1454 1099; x_wconf 74' lang='grc' dir='ltr'><strong><em>ἐπεσπᾶτο</em></strong></span> <span class='ocrx_word' id='word_1_138' title='bbox 1478 1053 1649 1106; x_wconf 66' lang='grc' dir='ltr'><strong><em>εὔνοιαν,</em></strong></span> 
     </span>
     <span class='ocr_line' id='line_1_14' title="bbox 0 1120 1649 1184; baseline -0.005 -11"><span class='ocrx_word' id='word_1_139' title='bbox 0 1127 11 1154; x_wconf 53' lang='lat'><strong>&#39;⁸</strong></span> <span class='ocrx_word' id='word_1_140' title='bbox 183 1132 369 1184; x_wconf 76' lang='grc' dir='ltr'><strong><em>βαθμοῖς</em></strong></span> <span class='ocrx_word' id='word_1_141' title='bbox 382 1127 457 1184; x_wconf 76' lang='grc' dir='ltr'><strong>μὲν</strong></span> <span class='ocrx_word' id='word_1_142' title='bbox 472 1120 526 1170; x_wconf 75' lang='grc' dir='ltr'><strong><em>αὖ</em></strong></span> <span class='ocrx_word' id='word_1_143' title='bbox 542 1126 639 1178; x_wconf 79' lang='grc' dir='ltr'><strong><em>τοὺς</em></strong></span> <span class='ocrx_word' id='word_1_144' title='bbox 655 1130 728 1182; x_wconf 86' lang='grc' dir='ltr'><strong>τῆς</strong></span> <span class='ocrx_word' id='word_1_145' title='bbox 744 1123 969 1182; x_wconf 81' lang='grc' dir='ltr'><strong><em>συγκλήτου</em></strong></span> <span class='ocrx_word' id='word_1_146' title='bbox 988 1123 1239 1182; x_wconf 71' lang='grc' dir='ltr'><strong><em>προῦχοντας</em></strong></span> <span class='ocrx_word' id='word_1_147' title='bbox 1257 1122 1498 1179; x_wconf 79' lang='grc' dir='ltr'><strong><em>ἀξιωμάτων</em></strong></span> <span class='ocrx_word' id='word_1_148' title='bbox 1513 1120 1649 1179; x_wconf 79' lang='grc' dir='ltr'><strong><em>ὗψῶν,</em></strong></span> 
     </span>
     <span class='ocr_line' id='line_1_15' title="bbox 174 1190 1652 1256; baseline -0.005 -15"><span class='ocrx_word' id='word_1_149' title='bbox 174 1200 349 1256; x_wconf 76' lang='grc' dir='ltr'><strong><em>’δωρεῶν</em></strong></span> <span class='ocrx_word' id='word_1_150' title='bbox 377 1197 423 1240; x_wconf 78' lang='grc' dir='ltr'><strong>δὲ</strong></span> <span class='ocrx_word' id='word_1_151' title='bbox 455 1197 667 1250; x_wconf 80' lang='grc' dir='ltr'><strong><em>διανομαῖς</em></strong></span> <span class='ocrx_word' id='word_1_152' title='bbox 697 1196 765 1237; x_wconf 81' lang='grc' dir='ltr'><strong>καὶ</strong></span> <span class='ocrx_word' id='word_1_153' title='bbox 797 1192 939 1252; x_wconf 89' lang='grc' dir='ltr'><strong><em>χάρισι</em></strong></span> <span class='ocrx_word' id='word_1_154' title='bbox 976 1192 1280 1248; x_wconf 74' lang='grc' dir='ltr'><strong><em>μειλισσόμενος</em></strong></span> <span class='ocrx_word' id='word_1_155' title='bbox 1308 1193 1356 1236; x_wconf 82' lang='grc' dir='ltr'><strong><em>τὸ</em></strong></span> <span class='ocrx_word' id='word_1_156' title='bbox 1386 1190 1540 1245; x_wconf 84' lang='grc' dir='ltr'><strong><em>κοινόν,</em></strong></span> <span class='ocrx_word' id='word_1_157' title='bbox 1582 1191 1652 1234; x_wconf 77' lang='grc' dir='ltr'><strong>καὶ</strong></span> 
     </span>
     <span class='ocr_line' id='line_1_16' title="bbox 129 1258 1654 1320; baseline -0.005 -9"><span class='ocrx_word' id='word_1_158' title='bbox 129 1274 175 1312; x_wconf 84' lang='grc'><strong>15</strong></span> <span class='ocrx_word' id='word_1_159' title='bbox 185 1264 383 1318; x_wconf 75' lang='grc' dir='ltr'><strong><em>καθάπαξ</em></strong></span> <span class='ocrx_word' id='word_1_160' title='bbox 402 1262 669 1319; x_wconf 79' lang='grc' dir='ltr'><strong><em>οἰκειούμενος</em></strong></span> <span class='ocrx_word' id='word_1_161' title='bbox 687 1263 733 1306; x_wconf 82' lang='grc' dir='ltr'><strong><em>τὸ</em></strong></span> <span class='ocrx_word' id='word_1_162' title='bbox 753 1260 944 1318; x_wconf 71' lang='grc' dir='ltr'><strong><em>ὑπήκοον.</em></strong></span> <span class='ocrx_word' id='word_1_163' title='bbox 990 1262 1051 1305; x_wconf 83' lang='grc' dir='ltr'><strong>ὅτι</strong></span> <span class='ocrx_word' id='word_1_164' title='bbox 1076 1264 1119 1306; x_wconf 79' lang='grc' dir='ltr'><strong>δὲ</strong></span> <span class='ocrx_word' id='word_1_165' title='bbox 1139 1263 1198 1318; x_wconf 83' lang='grc' dir='ltr'><strong><em>μὴ</em></strong></span> <span class='ocrx_word' id='word_1_166' title='bbox 1221 1262 1370 1320; x_wconf 81' lang='grc' dir='ltr'><strong><em>ἀρεστὰ</em></strong></span> <span class='ocrx_word' id='word_1_167' title='bbox 1391 1261 1443 1305; x_wconf 76' lang='grc' dir='ltr'><strong><em>τὰ</em></strong></span> <span class='ocrx_word' id='word_1_168' title='bbox 1462 1258 1654 1318; x_wconf 86' lang='grc' dir='ltr'><strong><em>γεγονότα</em></strong></span> 
     </span>
     <span class='ocr_line' id='line_1_17' title="bbox 184 1327 1795 1394; baseline -0.005 -15"><span class='ocrx_word' id='word_1_169' title='bbox 184 1331 236 1392; x_wconf 75' lang='grc' dir='ltr'><strong><em>ἦν</em></strong></span> <span class='ocrx_word' id='word_1_170' title='bbox 251 1339 311 1394; x_wconf 80' lang='grc' dir='ltr'><strong><em>τῷ</em></strong></span> <span class='ocrx_word' id='word_1_171' title='bbox 330 1338 431 1394; x_wconf 76' lang='grc' dir='ltr'><strong><em>θεῷ’,</em></strong></span> <span class='ocrx_word' id='word_1_172' title='bbox 462 1334 669 1389; x_wconf 76' lang='grc' dir='ltr'><strong><em>διεδείχθη</em></strong></span> <span class='ocrx_word' id='word_1_173' title='bbox 689 1337 847 1390; x_wconf 83' lang='grc' dir='ltr'><strong><em>τρανῶς</em></strong></span> <span class='ocrx_word' id='word_1_174' title='bbox 867 1333 910 1374; x_wconf 74' lang='grc' dir='ltr'><strong><em>ἐκ</em></strong></span> <span class='ocrx_word' id='word_1_175' title='bbox 927 1333 1150 1388; x_wconf 75' lang='grc' dir='ltr'><strong><em>προοιμίων</em></strong></span> <span class='ocrx_word' id='word_1_176' title='bbox 1171 1332 1324 1375; x_wconf 78' lang='grc' dir='ltr'><strong><em>αὐτῶν·</em></strong></span> <span class='ocrx_word' id='word_1_177' title='bbox 1359 1330 1558 1388; x_wconf 77' lang='grc' dir='ltr'><strong><em>κατὰγὰρ</em></strong></span> <span class='ocrx_word' id='word_1_178' title='bbox 1576 1329 1650 1385; x_wconf 86' lang='grc' dir='ltr'><strong>τὴν</strong></span> <span class='ocrx_word' id='word_1_179' title='bbox 1668 1330 1702 1367; x_wconf 83' lang='grc' dir='ltr'><strong>Ρ</strong></span> <span class='ocrx_word' id='word_1_180' title='bbox 1724 1327 1795 1367; x_wconf 80' lang='grc'><strong>735</strong></span> 
     </span>
     <span class='ocr_line' id='line_1_18' title="bbox 186 1395 1656 1462; baseline -0.005 -14"><span class='ocrx_word' id='word_1_181' title='bbox 186 1402 242 1448; x_wconf 88' lang='grc' dir='ltr'><strong>ια’</strong></span> <span class='ocrx_word' id='word_1_182' title='bbox 261 1403 373 1462; x_wconf 79' lang='grc' dir='ltr'><strong><em>ὥραν</em></strong></span> <span class='ocrx_word' id='word_1_183' title='bbox 392 1407 466 1459; x_wconf 91' lang='grc' dir='ltr'><strong>τῆς</strong></span> <span class='ocrx_word' id='word_1_184' title='bbox 487 1400 603 1459; x_wconf 80' lang='grc' dir='ltr'><strong><em>ἇγιάς</em></strong></span> <span class='ocrx_word' id='word_1_185' title='bbox 620 1403 687 1444; x_wconf 80' lang='grc' dir='ltr'><strong>καὶ</strong></span> <span class='ocrx_word' id='word_1_186' title='bbox 705 1399 885 1457; x_wconf 81' lang='grc' dir='ltr'><strong><em>μεγάλης</em></strong></span> <span class='ocrx_word' id='word_1_187' title='bbox 906 1405 1100 1458; x_wconf 86' lang='grc' dir='ltr'><strong><em>κυριακῆς</em></strong></span> <span class='ocrx_word' id='word_1_188' title='bbox 1113 1398 1276 1455; x_wconf 86' lang='grc' dir='ltr'><strong><em>χάλαζα</em></strong></span> <span class='ocrx_word' id='word_1_189' title='bbox 1296 1399 1524 1456; x_wconf 78' lang='grc' dir='ltr'><strong><em>κατηνέχθη</em></strong></span> <span class='ocrx_word' id='word_1_190' title='bbox 1547 1395 1656 1456; x_wconf 85' lang='grc' dir='ltr'><strong><em>ἀφό-</em></strong></span> 
     </span>
     <span class='ocr_line' id='line_1_19' title="bbox 187 1464 1655 1533; baseline -0.005 -16"><span class='ocrx_word' id='word_1_191' title='bbox 187 1490 310 1533; x_wconf 85' lang='grc' dir='ltr'><strong><em>ρητος</em></strong></span> <span class='ocrx_word' id='word_1_192' title='bbox 326 1473 392 1515; x_wconf 78' lang='grc' dir='ltr'><strong>καὶ</strong></span> <span class='ocrx_word' id='word_1_193' title='bbox 414 1471 588 1530; x_wconf 82' lang='grc' dir='ltr'><strong><em>ῥαγδαία</em></strong></span> <span class='ocrx_word' id='word_1_194' title='bbox 597 1502 611 1522; x_wconf 88' lang='grc'><strong><em>,</em></strong></span> <span class='ocrx_word' id='word_1_195' title='bbox 646 1468 703 1521; x_wconf 79' lang='grc' dir='ltr'><strong><em>ὡς</em></strong></span> <span class='ocrx_word' id='word_1_196' title='bbox 721 1474 980 1527; x_wconf 79' lang='grc' dir='ltr'><strong><em>συντριβῆναι</em></strong></span> <span class='ocrx_word' id='word_1_197' title='bbox 998 1468 1057 1524; x_wconf 85' lang='grc' dir='ltr'><strong><em>μὴ</em></strong></span> <span class='ocrx_word' id='word_1_198' title='bbox 1080 1468 1205 1523; x_wconf 91' lang='grc' dir='ltr'><strong><em>μόνον</em></strong></span> <span class='ocrx_word' id='word_1_199' title='bbox 1228 1469 1281 1512; x_wconf 83' lang='grc' dir='ltr'><strong><em>τὰ</em></strong></span> <span class='ocrx_word' id='word_1_200' title='bbox 1300 1469 1448 1526; x_wconf 80' lang='grc' dir='ltr'><strong><em>δένδρα</em></strong></span> <span class='ocrx_word' id='word_1_201' title='bbox 1469 1464 1655 1526; x_wconf 87' lang='grc' dir='ltr'><strong><em>κάρπιμά</em></strong></span> 
     </span>
     <span class='ocr_line' id='line_1_20' title="bbox 179 1537 1656 1598; baseline -0.005 -12"><span class='ocrx_word' id='word_1_202' title='bbox 179 1560 229 1586; x_wconf 90' lang='grc' dir='ltr'><strong>-τε</strong></span> <span class='ocrx_word' id='word_1_203' title='bbox 250 1543 319 1585; x_wconf 81' lang='grc' dir='ltr'><strong>καὶ</strong></span> <span class='ocrx_word' id='word_1_204' title='bbox 340 1540 528 1598; x_wconf 69' lang='grc' dir='ltr'><strong><em>ἄκαρπα,</em></strong></span> <span class='ocrx_word' id='word_1_205' title='bbox 564 1539 671 1582; x_wconf 83' lang='grc' dir='ltr'><strong><em>ἀλλὰ</em></strong></span> <span class='ocrx_word' id='word_1_206' title='bbox 702 1540 807 1593; x_wconf 82' lang='grc' dir='ltr'><strong><em>δῆτα</em></strong></span> <span class='ocrx_word' id='word_1_207' title='bbox 833 1540 900 1581; x_wconf 80' lang='grc' dir='ltr'><strong>καὶ</strong></span> <span class='ocrx_word' id='word_1_208' title='bbox 930 1539 1060 1588; x_wconf 74' lang='grc' dir='ltr'><strong><em>οἰκίας</em></strong></span> <span class='ocrx_word' id='word_1_209' title='bbox 1085 1544 1322 1582; x_wconf 85' lang='grc' dir='ltr'><strong><em>καταπεσεῖν</em></strong></span> <span class='ocrx_word' id='word_1_210' title='bbox 1343 1539 1409 1580; x_wconf 79' lang='grc' dir='ltr'><strong>καὶ</strong></span> <span class='ocrx_word' id='word_1_211' title='bbox 1437 1537 1561 1588; x_wconf 73' lang='grc' dir='ltr'><strong><em>ναοὺς</em></strong></span> <span class='ocrx_word' id='word_1_212' title='bbox 1586 1537 1656 1579; x_wconf 79' lang='grc' dir='ltr'><strong>καὶ</strong></span> 
     </span>
     <span class='ocr_line' id='line_1_21' title="bbox 130 1604 1656 1667; baseline -0.005 -12"><span class='ocrx_word' id='word_1_213' title='bbox 130 1611 238 1656; x_wconf 80' lang='grc' dir='ltr'><strong><em>2οτὰ</em></strong></span> <span class='ocrx_word' id='word_1_214' title='bbox 259 1608 353 1667; x_wconf 78' lang='grc' dir='ltr'><strong><em>λῆἳα</em></strong></span> <span class='ocrx_word' id='word_1_215' title='bbox 376 1611 443 1653; x_wconf 78' lang='grc' dir='ltr'><strong>καὶ</strong></span> <span class='ocrx_word' id='word_1_216' title='bbox 468 1608 542 1659; x_wconf 79' lang='grc' dir='ltr'><strong>τὰς</strong></span> <span class='ocrx_word' id='word_1_217' title='bbox 563 1607 767 1662; x_wconf 80' lang='grc' dir='ltr'><strong><em>ἀμπέλους</em></strong></span> <span class='ocrx_word' id='word_1_218' title='bbox 783 1607 924 1664; x_wconf 81' lang='grc' dir='ltr'><strong><em>μέχρις</em></strong></span> <span class='ocrx_word' id='word_1_219' title='bbox 944 1605 1123 1664; x_wconf 72' lang='grc' dir='ltr'><strong><em>ἐδάφους</em></strong></span> <span class='ocrx_word' id='word_1_220' title='bbox 1132 1638 1146 1660; x_wconf 86' lang='grc'><strong><em>,</em></strong></span> <span class='ocrx_word' id='word_1_221' title='bbox 1182 1605 1238 1658; x_wconf 83' lang='grc' dir='ltr'><strong><em>ὥς</em></strong></span> <span class='ocrx_word' id='word_1_222' title='bbox 1257 1607 1528 1662; x_wconf 74' lang='grc' dir='ltr'><strong><em>ἐπισυμβῆναι</em></strong></span> <span class='ocrx_word' id='word_1_223' title='bbox 1549 1604 1656 1649; x_wconf 79' lang='grc' dir='ltr'><strong><em>κατὰ</em></strong></span> 
     </span>
     <span class='ocr_line' id='line_1_22' title="bbox 186 1675 1657 1735; baseline -0.005 -11"><span class='ocrx_word' id='word_1_224' title='bbox 186 1685 330 1724; x_wconf 81' lang='grc' dir='ltr'><strong><em>τοῦτον</em></strong></span> <span class='ocrx_word' id='word_1_225' title='bbox 349 1678 421 1723; x_wconf 79' lang='grc' dir='ltr'><strong>τὸν</strong></span> <span class='ocrx_word' id='word_1_226' title='bbox 435 1675 586 1735; x_wconf 86' lang='grc' dir='ltr'><strong><em>χρόνον</em></strong></span> <span class='ocrx_word' id='word_1_227' title='bbox 612 1677 812 1720; x_wconf 78' lang='grc' dir='ltr'><strong><em>παντοίων</em></strong></span> <span class='ocrx_word' id='word_1_228' title='bbox 841 1679 1008 1733; x_wconf 81' lang='grc' dir='ltr'><strong><em>καρπῶν</em></strong></span> <span class='ocrx_word' id='word_1_229' title='bbox 1040 1675 1217 1733; x_wconf 80' lang='grc' dir='ltr'><strong><em>ἀφορίαν</em></strong></span> <span class='ocrx_word' id='word_1_230' title='bbox 1247 1676 1452 1733; x_wconf 84' lang='grc' dir='ltr'><strong><em>γενέσθαι.</em></strong></span> <span class='ocrx_word' id='word_1_231' title='bbox 1520 1675 1657 1732; x_wconf 87' lang='grc' dir='ltr'><strong><em>γε’γονε</em></strong></span> 
     </span>
     <span class='ocr_line' id='line_1_23' title="bbox 187 1742 1656 1804; baseline -0.005 -12"><span class='ocrx_word' id='word_1_232' title='bbox 187 1750 232 1793; x_wconf 74' lang='grc' dir='ltr'><strong>δὲ</strong></span> <span class='ocrx_word' id='word_1_233' title='bbox 255 1750 323 1792; x_wconf 80' lang='grc' dir='ltr'><strong>καὶ</strong></span> <span class='ocrx_word' id='word_1_234' title='bbox 339 1745 461 1804; x_wconf 71' lang='grc' dir='ltr'><strong><em>χύσις</em></strong></span> <span class='ocrx_word' id='word_1_235' title='bbox 484 1745 654 1803; x_wconf 83' lang='grc' dir='ltr'><strong><em>ἀστέρος</em></strong></span> <span class='ocrx_word' id='word_1_236' title='bbox 671 1745 777 1788; x_wconf 78' lang='grc' dir='ltr'><strong><em>κατὰ</em></strong></span> <span class='ocrx_word' id='word_1_237' title='bbox 799 1744 874 1800; x_wconf 83' lang='grc' dir='ltr'><strong>τὴν</strong></span> <span class='ocrx_word' id='word_1_238' title='bbox 896 1743 1092 1803; x_wconf 87' lang='grc' dir='ltr'><strong><em>κυριακὴν</em></strong></span> <span class='ocrx_word' id='word_1_239' title='bbox 1112 1744 1185 1801; x_wconf 82' lang='grc' dir='ltr'><strong>τὴν</strong></span> <span class='ocrx_word' id='word_1_240' title='bbox 1201 1745 1306 1800; x_wconf 80' lang='grc' dir='ltr'><strong><em>μετὰ</em></strong></span> <span class='ocrx_word' id='word_1_241' title='bbox 1326 1743 1373 1787; x_wconf 83' lang='grc' dir='ltr'><strong><em>τὸ</em></strong></span> <span class='ocrx_word' id='word_1_242' title='bbox 1394 1742 1546 1800; x_wconf 85' lang='grc' dir='ltr'><strong><em>πάσχα,</em></strong></span> <span class='ocrx_word' id='word_1_243' title='bbox 1564 1744 1656 1801; x_wconf 75' lang='grc' dir='ltr'><strong><em>περὶ</em></strong></span> 
     </span>
     <span class='ocr_line' id='line_1_24' title="bbox 186 1811 1657 1877; baseline -0.005 -15"><span class='ocrx_word' id='word_1_244' title='bbox 186 1817 299 1877; x_wconf 78' lang='grc' dir='ltr'><strong><em>ὥραν</em></strong></span> <span class='ocrx_word' id='word_1_245' title='bbox 321 1818 458 1874; x_wconf 80' lang='grc' dir='ltr'><strong><em>τρίτην</em></strong></span> <span class='ocrx_word' id='word_1_246' title='bbox 487 1819 561 1871; x_wconf 86' lang='grc' dir='ltr'><strong>τῆς</strong></span> <span class='ocrx_word' id='word_1_247' title='bbox 585 1812 750 1867; x_wconf 88' lang='grc' dir='ltr'><strong><em>νυκτός,</em></strong></span> <span class='ocrx_word' id='word_1_248' title='bbox 791 1818 843 1872; x_wconf 85' lang='grc' dir='ltr'><strong><em>τῇ</em></strong></span> <span class='ocrx_word' id='word_1_249' title='bbox 870 1819 1120 1872; x_wconf 87' lang='grc' dir='ltr'><strong><em>μαρμαρυγῇ</em></strong></span> <span class='ocrx_word' id='word_1_250' title='bbox 1153 1818 1226 1870; x_wconf 80' lang='grc' dir='ltr'><strong>τῆς</strong></span> <span class='ocrx_word' id='word_1_251' title='bbox 1249 1811 1535 1871; x_wconf 84' lang='grc' dir='ltr'><strong><em>λαμπρότητος</em></strong></span> <span class='ocrx_word' id='word_1_252' title='bbox 1559 1812 1657 1863; x_wconf 76' lang='grc' dir='ltr'><strong><em>τοὺς</em></strong></span> 
     </span>
     <span class='ocr_line' id='line_1_25' title="bbox 187 1881 1655 1944; baseline -0.005 -13"><span class='ocrx_word' id='word_1_253' title='bbox 187 1887 361 1944; x_wconf 81' lang='grc' dir='ltr'><strong><em>ἀστέρας</em></strong></span> <span class='ocrx_word' id='word_1_254' title='bbox 378 1883 533 1936; x_wconf 86' lang='grc' dir='ltr'><strong><em>πάντας</em></strong></span> <span class='ocrx_word' id='word_1_255' title='bbox 550 1882 834 1940; x_wconf 79' lang='grc' dir='ltr'><strong><em>καλύψαντος,</em></strong></span> <span class='ocrx_word' id='word_1_256' title='bbox 869 1881 925 1935; x_wconf 80' lang='grc' dir='ltr'><strong><em>ὠς</em></strong></span> <span class='ocrx_word' id='word_1_257' title='bbox 942 1885 1009 1926; x_wconf 89' lang='grc' dir='ltr'><strong>καὶ</strong></span> <span class='ocrx_word' id='word_1_258' title='bbox 1027 1881 1191 1940; x_wconf 87' lang='grc' dir='ltr'><strong><em>δόκησιν</em></strong></span> <span class='ocrx_word' id='word_1_259' title='bbox 1207 1888 1431 1941; x_wconf 85' lang='grc' dir='ltr'><strong><em>παρασχεῖν</em></strong></span> <span class='ocrx_word' id='word_1_260' title='bbox 1452 1889 1538 1933; x_wconf 88' lang='grc' dir='ltr'><strong><em>τοῖς</em></strong></span> <span class='ocrx_word' id='word_1_261' title='bbox 1552 1885 1655 1925; x_wconf 90' lang='grc' dir='ltr'><strong><em>πολ-</em></strong></span> 
     </span>
     <span class='ocr_line' id='line_1_26' title="bbox 132 1948 1705 2012; baseline -0.004 -12"><span class='ocrx_word' id='word_1_262' title='bbox 132 1962 176 2000; x_wconf 72' lang='lat'><strong>25</strong></span> <span class='ocrx_word' id='word_1_263' title='bbox 188 1960 273 2008; x_wconf 88' lang='grc' dir='ltr'><strong><em>λοῖς</em></strong></span> <span class='ocrx_word' id='word_1_264' title='bbox 299 1953 414 2012; x_wconf 80' lang='grc' dir='ltr'><strong><em>ἡλίου</em></strong></span> <span class='ocrx_word' id='word_1_265' title='bbox 447 1953 660 2010; x_wconf 84' lang='grc' dir='ltr'><strong><em>ἀνατολῆς.</em></strong></span> <span class='ocrx_word' id='word_1_266' title='bbox 711 1950 894 2012; x_wconf 66' lang='grc' dir='ltr'><strong>4ἐλήφθη</strong></span> <span class='ocrx_word' id='word_1_267' title='bbox 926 1952 972 1997; x_wconf 79' lang='grc' dir='ltr'><strong>δὲ</strong></span> <span class='ocrx_word' id='word_1_268' title='bbox 1002 1954 1071 1995; x_wconf 83' lang='grc' dir='ltr'><strong>καὶ</strong></span> <span class='ocrx_word' id='word_1_269' title='bbox 1102 1950 1124 1996; x_wconf 86' lang='grc' dir='ltr'><strong>ὅ</strong></span> <span class='ocrx_word' id='word_1_270' title='bbox 1149 1951 1343 2009; x_wconf 78' lang='grc' dir='ltr'><strong><em>βασιλεὺς</em></strong></span> <span class='ocrx_word' id='word_1_271' title='bbox 1374 1952 1592 2011; x_wconf 74' lang='grc' dir='ltr'><strong><em>δαιμονίῳ·</em></strong></span> <span class='ocrx_word' id='word_1_272' title='bbox 1628 1948 1651 1994; x_wconf 80' lang='grc' dir='ltr'>ὃ</span> <span class='ocrx_word' id='word_1_273' title='bbox 1674 1951 1705 1987; x_wconf 86' lang='grc' dir='ltr'><em>Β</em></span> 
     </span>
    </p>
   </div>
   <div class='ocr_carea' id='block_1_3' title="bbox 187 2082 1662 2923">
    <p class='ocr_par' dir='ltr' id='par_1_3' title="bbox 187 2082 1662 2923">
     <span class='ocr_line' id='line_1_27' title="bbox 187 2082 1658 2136; baseline -0.005 -11"><span class='ocrx_word' id='word_1_274' title='bbox 187 2099 275 2136; x_wconf 79' lang='lat' dir='ltr'><strong>gens</strong></span> <span class='ocrx_word' id='word_1_275' title='bbox 297 2099 368 2124; x_wconf 86' lang='lat' dir='ltr'><strong>nou</strong></span> <span class='ocrx_word' id='word_1_276' title='bbox 393 2085 475 2123; x_wconf 84' lang='lat' dir='ltr'><strong>tulit</strong></span> <span class='ocrx_word' id='word_1_277' title='bbox 506 2083 730 2122; x_wconf 77' lang='lat' dir='ltr'>mediocriter</span> <span class='ocrx_word' id='word_1_278' title='bbox 758 2083 852 2120; x_wconf 81' lang='lat' dir='ltr'><strong>hunc</strong></span> <span class='ocrx_word' id='word_1_279' title='bbox 880 2083 1060 2131; x_wconf 88' lang='lat' dir='ltr'><strong>nuntium,</strong></span> <span class='ocrx_word' id='word_1_280' title='bbox 1092 2084 1156 2121; x_wconf 85' lang='lat' dir='ltr'><strong>sed</strong></span> <span class='ocrx_word' id='word_1_281' title='bbox 1189 2082 1408 2120; x_wconf 83' lang='lat' dir='ltr'><strong>abominatus</strong></span> <span class='ocrx_word' id='word_1_282' title='bbox 1438 2086 1513 2129; x_wconf 83' lang='lat' dir='ltr'><strong>est,</strong></span> <span class='ocrx_word' id='word_1_283' title='bbox 1550 2085 1658 2128; x_wconf 84' lang='lat' dir='ltr'><strong>atque</strong></span> 
     </span>
     <span class='ocr_line' id='line_1_28' title="bbox 187 2129 1657 2179; baseline -0.006 -8"><span class='ocrx_word' id='word_1_284' title='bbox 187 2137 276 2172; x_wconf 83' lang='lat' dir='ltr'><strong>adeo</strong></span> <span class='ocrx_word' id='word_1_285' title='bbox 298 2134 444 2169; x_wconf 75' lang='lat' dir='ltr'>miratus</span> <span class='ocrx_word' id='word_1_286' title='bbox 467 2144 536 2179; x_wconf 84' lang='lat' dir='ltr'><strong>qua</strong></span> <span class='ocrx_word' id='word_1_287' title='bbox 558 2132 698 2168; x_wconf 89' lang='lat' dir='ltr'><strong>tandem</strong></span> <span class='ocrx_word' id='word_1_288' title='bbox 721 2131 857 2166; x_wconf 80' lang='lat' dir='ltr'><strong>ratione</strong></span> <span class='ocrx_word' id='word_1_289' title='bbox 878 2131 1034 2177; x_wconf 88' lang='lat' dir='ltr'><strong>plebeius</strong></span> <span class='ocrx_word' id='word_1_290' title='bbox 1054 2131 1124 2167; x_wconf 88' lang='lat' dir='ltr'><strong>iste</strong></span> <span class='ocrx_word' id='word_1_291' title='bbox 1143 2143 1185 2167; x_wconf 88' lang='lat' dir='ltr'><strong>ac</strong></span> <span class='ocrx_word' id='word_1_292' title='bbox 1202 2130 1403 2166; x_wconf 87' lang='lat' dir='ltr'><strong>triobolaris</strong></span> <span class='ocrx_word' id='word_1_293' title='bbox 1421 2129 1523 2164; x_wconf 87' lang='lat' dir='ltr'><strong>homo</strong></span> <span class='ocrx_word' id='word_1_294' title='bbox 1543 2129 1657 2163; x_wconf 90' lang='lat' dir='ltr'><strong>omni-</strong></span> 
     </span>
     <span class='ocr_line' id='line_1_29' title="bbox 187 2174 1658 2235; baseline -0.007 -17"><span class='ocrx_word' id='word_1_295' title='bbox 187 2184 255 2218; x_wconf 86' lang='lat' dir='ltr'><strong>bus</strong></span> <span class='ocrx_word' id='word_1_296' title='bbox 277 2180 356 2215; x_wconf 76' lang='lat' dir='ltr'><strong>aliis</strong></span> <span class='ocrx_word' id='word_1_297' title='bbox 380 2185 475 2215; x_wconf 87' lang='lat' dir='ltr'><strong>esset</strong></span> <span class='ocrx_word' id='word_1_298' title='bbox 493 2178 686 2235; x_wconf 72' lang='lat' dir='ltr'><strong>praelatus,</strong></span> <span class='ocrx_word' id='word_1_299' title='bbox 711 2188 788 2211; x_wconf 85' lang='lat' dir='ltr'><strong>cum</strong></span> <span class='ocrx_word' id='word_1_300' title='bbox 812 2183 992 2212; x_wconf 86' lang='lat' dir='ltr'><strong>exstarent</strong></span> <span class='ocrx_word' id='word_1_301' title='bbox 1012 2177 1150 2224; x_wconf 82' lang='lat' dir='ltr'><strong>plurimi</strong></span> <span class='ocrx_word' id='word_1_302' title='bbox 1174 2175 1464 2223; x_wconf 76' lang='lat' dir='ltr'><strong>praestantissimi</strong></span> <span class='ocrx_word' id='word_1_303' title='bbox 1489 2187 1529 2210; x_wconf 91' lang='lat' dir='ltr'><strong>ac</strong></span> <span class='ocrx_word' id='word_1_304' title='bbox 1552 2174 1658 2210; x_wconf 79' lang='lat' dir='ltr'><strong>fami-</strong></span> 
     </span>
     <span class='ocr_line' id='line_1_30' title="bbox 187 2222 1659 2270; baseline -0.005 -7"><span class='ocrx_word' id='word_1_305' title='bbox 187 2228 246 2263; x_wconf 87' lang='lat' dir='ltr'><strong>liis</strong></span> <span class='ocrx_word' id='word_1_306' title='bbox 268 2226 409 2262; x_wconf 87' lang='lat' dir='ltr'><strong>summis</strong></span> <span class='ocrx_word' id='word_1_307' title='bbox 431 2230 506 2260; x_wconf 70' lang='lat' dir='ltr'><strong>nati</strong></span> <span class='ocrx_word' id='word_1_308' title='bbox 527 2224 610 2268; x_wconf 80' lang='lat' dir='ltr'><strong>viri,</strong></span> <span class='ocrx_word' id='word_1_309' title='bbox 634 2236 678 2259; x_wconf 77' lang='lat' dir='ltr'><strong>ac</strong></span> <span class='ocrx_word' id='word_1_310' title='bbox 701 2223 858 2258; x_wconf 89' lang='lat' dir='ltr'><strong>dominus</strong></span> <span class='ocrx_word' id='word_1_311' title='bbox 883 2229 919 2257; x_wconf 88' lang='lat' dir='ltr'><strong>et</strong></span> <span class='ocrx_word' id='word_1_312' title='bbox 942 2224 1133 2269; x_wconf 85' lang='lat' dir='ltr'><strong>imperator</strong></span> <span class='ocrx_word' id='word_1_313' title='bbox 1154 2224 1370 2270; x_wconf 83' lang='lat' dir='ltr'><strong>designatus.</strong></span> <span class='ocrx_word' id='word_1_314' title='bbox 1419 2222 1513 2267; x_wconf 90' lang='lat' dir='ltr'><strong>quod</strong></span> <span class='ocrx_word' id='word_1_315' title='bbox 1537 2226 1577 2256; x_wconf 91' lang='lat' dir='ltr'><strong>ut</strong></span> <span class='ocrx_word' id='word_1_316' title='bbox 1598 2232 1659 2256; x_wconf 82' lang='lat' dir='ltr'><strong>re-</strong></span> 
     </span>
     <span class='ocr_line' id='line_1_31' title="bbox 188 2269 1662 2315; baseline -0.005 -6"><span class='ocrx_word' id='word_1_317' title='bbox 188 2272 296 2310; x_wconf 81' lang='lat' dir='ltr'><strong>scivit</strong></span> <span class='ocrx_word' id='word_1_318' title='bbox 316 2273 490 2315; x_wconf 77' lang='lat' dir='ltr'><strong>Ioannes,</strong></span> <span class='ocrx_word' id='word_1_319' title='bbox 511 2270 674 2315; x_wconf 86' lang='lat' dir='ltr'><strong>tametsi,</strong></span> <span class='ocrx_word' id='word_1_320' title='bbox 700 2269 753 2304; x_wconf 85' lang='lat' dir='ltr'><strong>uti</strong></span> <span class='ocrx_word' id='word_1_321' title='bbox 775 2280 840 2315; x_wconf 86' lang='lat' dir='ltr'><strong>par</strong></span> <span class='ocrx_word' id='word_1_322' title='bbox 863 2275 957 2313; x_wconf 87' lang='lat' dir='ltr'><strong>erat,</strong></span> <span class='ocrx_word' id='word_1_323' title='bbox 981 2271 1207 2305; x_wconf 88' lang='lat' dir='ltr'><strong>vehementer</strong></span> <span class='ocrx_word' id='word_1_324' title='bbox 1254 2269 1519 2314; x_wconf 86' lang='lat' dir='ltr'><strong>erturbabatur‚</strong></span> <span class='ocrx_word' id='word_1_325' title='bbox 1544 2274 1662 2303; x_wconf 86' lang='lat' dir='ltr'><strong>tamen</strong></span> 
     </span>
     <span class='ocr_line' id='line_1_32' title="bbox 189 2313 1661 2365; baseline -0.005 -10"><span class='ocrx_word' id='word_1_326' title='bbox 189 2319 362 2365; x_wconf 83' lang='lat' dir='ltr'><strong>quomodo</strong></span> <span class='ocrx_word' id='word_1_327' title='bbox 394 2317 498 2352; x_wconf 85' lang='lat' dir='ltr'><strong>istum</strong></span> <span class='ocrx_word' id='word_1_328' title='bbox 530 2317 567 2351; x_wconf 89' lang='lat' dir='ltr'><strong>in</strong></span> <span class='ocrx_word' id='word_1_329' title='bbox 603 2326 700 2351; x_wconf 87' lang='lat' dir='ltr'><strong>suam</strong></span> <span class='ocrx_word' id='word_1_330' title='bbox 732 2315 892 2350; x_wconf 72' lang='lat' dir='ltr'><strong>alliceret</strong></span> <span class='ocrx_word' id='word_1_331' title='bbox 926 2327 1062 2350; x_wconf 78' lang='lat' dir='ltr'><strong>nassum</strong></span> <span class='ocrx_word' id='word_1_332' title='bbox 1092 2316 1275 2362; x_wconf 73' lang='lat' dir='ltr'><strong>cogitavit.</strong></span> <span class='ocrx_word' id='word_1_333' title='bbox 1332 2314 1483 2350; x_wconf 81' lang='lat' dir='ltr'><strong>mittitur</strong></span> <span class='ocrx_word' id='word_1_334' title='bbox 1506 2325 1590 2359; x_wconf 87' lang='lat' dir='ltr'><strong>ergo</strong></span> <span class='ocrx_word' id='word_1_335' title='bbox 1615 2313 1661 2349; x_wconf 82' lang='lat' dir='ltr'><strong>ad</strong></span> 
     </span>
     <span class='ocr_line' id='line_1_33' title="bbox 188 2359 1660 2408; baseline -0.005 -7"><span class='ocrx_word' id='word_1_336' title='bbox 188 2365 419 2402; x_wconf 80' lang='lat' dir='ltr'><strong>Dalassenum</strong></span> <span class='ocrx_word' id='word_1_337' title='bbox 450 2362 652 2408; x_wconf 83' lang='lat' dir='ltr'><strong>Ergodotes</strong></span> <span class='ocrx_word' id='word_1_338' title='bbox 684 2361 879 2406; x_wconf 85' lang='lat' dir='ltr'><strong>eunuchus,</strong></span> <span class='ocrx_word' id='word_1_339' title='bbox 911 2363 956 2396; x_wconf 82' lang='lat' dir='ltr'><strong>ad</strong></span> <span class='ocrx_word' id='word_1_340' title='bbox 988 2363 1181 2397; x_wconf 86' lang='lat' dir='ltr'><strong>huiusmodi</strong></span> <span class='ocrx_word' id='word_1_341' title='bbox 1216 2360 1411 2398; x_wconf 82' lang='lat' dir='ltr'><strong>ministeria</strong></span> <span class='ocrx_word' id='word_1_342' title='bbox 1445 2359 1660 2406; x_wconf 78' lang='lat' dir='ltr'><strong>aptissimus,</strong></span> 
     </span>
     <span class='ocr_line' id='line_1_34' title="bbox 190 2406 1661 2460; baseline -0.005 -12"><span class='ocrx_word' id='word_1_343' title='bbox 190 2412 253 2460; x_wconf 89' lang='lat' dir='ltr'><strong>qui</strong></span> <span class='ocrx_word' id='word_1_344' title='bbox 284 2409 458 2458; x_wconf 79' lang='lat' dir='ltr'><strong>praestito</strong></span> <span class='ocrx_word' id='word_1_345' title='bbox 488 2413 706 2454; x_wconf 76' lang='lat' dir='ltr'><strong>acceptoque</strong></span> <span class='ocrx_word' id='word_1_346' title='bbox 736 2407 960 2442; x_wconf 83' lang='lat' dir='ltr'><strong>iureiurando</strong></span> <span class='ocrx_word' id='word_1_347' title='bbox 996 2420 1072 2443; x_wconf 89' lang='lat' dir='ltr'><strong>eum</strong></span> <span class='ocrx_word' id='word_1_348' title='bbox 1106 2409 1150 2444; x_wconf 85' lang='lat' dir='ltr'><strong>ad</strong></span> <span class='ocrx_word' id='word_1_349' title='bbox 1180 2409 1422 2455; x_wconf 84' lang='lat' dir='ltr'><strong>imperatorem</strong></span> <span class='ocrx_word' id='word_1_350' title='bbox 1457 2406 1661 2442; x_wconf 86' lang='lat' dir='ltr'><strong>adduceret.</strong></span> 
     </span>
     <span class='ocr_line' id='line_1_35' title="bbox 189 2452 1660 2499; baseline -0.005 -5"><span class='ocrx_word' id='word_1_351' title='bbox 189 2459 327 2494; x_wconf 83' lang='lat' dir='ltr'><strong>interea</strong></span> <span class='ocrx_word' id='word_1_352' title='bbox 353 2458 503 2492; x_wconf 82' lang='lat' dir='ltr'><strong>Ioannes</strong></span> <span class='ocrx_word' id='word_1_353' title='bbox 528 2460 566 2490; x_wconf 93' lang='lat' dir='ltr'><strong>et</strong></span> <span class='ocrx_word' id='word_1_354' title='bbox 587 2459 765 2498; x_wconf 82' lang='lat' dir='ltr'><strong>senatum,</strong></span> <span class='ocrx_word' id='word_1_355' title='bbox 798 2453 984 2499; x_wconf 79' lang='lat' dir='ltr'><strong>primarios</strong></span> <span class='ocrx_word' id='word_1_356' title='bbox 1016 2466 1134 2489; x_wconf 88' lang='lat' dir='ltr'><strong>eorum</strong></span> <span class='ocrx_word' id='word_1_357' title='bbox 1166 2455 1212 2491; x_wconf 77' lang='lat' dir='ltr'><strong>ad</strong></span> <span class='ocrx_word' id='word_1_358' title='bbox 1234 2454 1450 2490; x_wconf 83' lang='lat' dir='ltr'><strong>sublimiores</strong></span> <span class='ocrx_word' id='word_1_359' title='bbox 1478 2452 1660 2488; x_wconf 85' lang='lat' dir='ltr'><strong>evehendo</strong></span> 
     </span>
     <span class='ocr_line' id='line_1_36' title="bbox 190 2499 1660 2549; baseline -0.005 -8"><span class='ocrx_word' id='word_1_360' title='bbox 190 2506 226 2541; x_wconf 89' lang='lat' dir='ltr'><strong>di</strong></span> <span class='ocrx_word' id='word_1_361' title='bbox 254 2504 403 2549; x_wconf 76' lang='lat' dir='ltr'><strong>nitatcs,</strong></span> <span class='ocrx_word' id='word_1_362' title='bbox 426 2512 525 2537; x_wconf 83' lang='lat' dir='ltr'><strong>suum</strong></span> <span class='ocrx_word' id='word_1_363' title='bbox 548 2500 656 2545; x_wconf 80' lang='lat' dir='ltr'><strong>facit,</strong></span> <span class='ocrx_word' id='word_1_364' title='bbox 684 2504 721 2535; x_wconf 87' lang='lat' dir='ltr'><strong>et</strong></span> <span class='ocrx_word' id='word_1_365' title='bbox 743 2500 942 2535; x_wconf 85' lang='lat' dir='ltr'><strong>muneribus</strong></span> <span class='ocrx_word' id='word_1_366' title='bbox 966 2513 1007 2536; x_wconf 81' lang='lat' dir='ltr'><strong>ac</strong></span> <span class='ocrx_word' id='word_1_367' title='bbox 1030 2500 1274 2545; x_wconf 75' lang='lat' dir='ltr'><strong>largitionibus</strong></span> <span class='ocrx_word' id='word_1_368' title='bbox 1299 2499 1527 2536; x_wconf 85' lang='lat' dir='ltr'><strong>multitudinis</strong></span> <span class='ocrx_word' id='word_1_369' title='bbox 1550 2501 1660 2534; x_wconf 88' lang='lat' dir='ltr'><strong>bene-</strong></span> 
     </span>
     <span class='ocr_line' id='line_1_37' title="bbox 190 2517 1661 2595; baseline -0.005 -9"><span class='ocrx_word' id='word_1_370' title='bbox 190 2517 379 2587; x_wconf 54' lang='lat' dir='ltr'><strong>voit-,nciam</strong></span> <span class='ocrx_word' id='word_1_371' title='bbox 402 2552 540 2595; x_wconf 77' lang='lat' dir='ltr'><strong>captat,</strong></span> <span class='ocrx_word' id='word_1_372' title='bbox 572 2548 693 2592; x_wconf 87' lang='lat' dir='ltr'><strong>itaque</strong></span> <span class='ocrx_word' id='word_1_373' title='bbox 717 2557 835 2581; x_wconf 84' lang='lat' dir='ltr'><strong>omnes</strong></span> <span class='ocrx_word' id='word_1_374' title='bbox 857 2548 1014 2582; x_wconf 87' lang='lat' dir='ltr'><strong>subditos</strong></span> <span class='ocrx_word' id='word_1_375' title='bbox 1037 2547 1106 2582; x_wconf 89' lang='lat' dir='ltr'><strong>sibi</strong></span> <span class='ocrx_word' id='word_1_376' title='bbox 1129 2547 1306 2583; x_wconf 83' lang='lat' dir='ltr'><strong>conciliat.</strong></span> <span class='ocrx_word' id='word_1_377' title='bbox 1351 2545 1572 2592; x_wconf 82' lang='lat' dir='ltr'><strong>displicuisse</strong></span> <span class='ocrx_word' id='word_1_378' title='bbox 1596 2555 1661 2579; x_wconf 81' lang='lat' dir='ltr'><strong>nu-</strong></span> 
     </span>
     <span class='ocr_line' id='line_1_38' title="bbox 190 2590 1659 2640; baseline -0.005 -7"><span class='ocrx_word' id='word_1_379' title='bbox 190 2604 261 2633; x_wconf 87' lang='lat' dir='ltr'><strong>tem</strong></span> <span class='ocrx_word' id='word_1_380' title='bbox 282 2597 372 2631; x_wconf 81' lang='lat' dir='ltr'><strong>haec</strong></span> <span class='ocrx_word' id='word_1_381' title='bbox 391 2596 487 2630; x_wconf 76' lang='lat' dir='ltr'><strong>faeta</strong></span> <span class='ocrx_word' id='word_1_382' title='bbox 510 2595 577 2630; x_wconf 84' lang='lat' dir='ltr'><strong>deo</strong></span> <span class='ocrx_word' id='word_1_383' title='bbox 600 2593 686 2628; x_wconf 80' lang='lat' dir='ltr'><strong>satis</strong></span> <span class='ocrx_word' id='word_1_384' title='bbox 702 2592 780 2638; x_wconf 84' lang='lat' dir='ltr'><strong>ipsa</strong></span> <span class='ocrx_word' id='word_1_385' title='bbox 796 2593 940 2628; x_wconf 82' lang='lat' dir='ltr'><strong>exordia</strong></span> <span class='ocrx_word' id='word_1_386' title='bbox 956 2599 1078 2640; x_wconf 84' lang='lat' dir='ltr'><strong>aperte</strong></span> <span class='ocrx_word' id='word_1_387' title='bbox 1101 2595 1306 2630; x_wconf 86' lang='lat' dir='ltr'><strong>docuerunt.</strong></span> <span class='ocrx_word' id='word_1_388' title='bbox 1332 2592 1457 2628; x_wconf 89' lang='lat' dir='ltr'><strong>etenim</strong></span> <span class='ocrx_word' id='word_1_389' title='bbox 1476 2590 1659 2626; x_wconf 82' lang='lat' dir='ltr'><strong>undecima</strong></span> 
     </span>
     <span class='ocr_line' id='line_1_39' title="bbox 190 2638 1659 2687; baseline -0.005 -8"><span class='ocrx_word' id='word_1_390' title='bbox 190 2645 280 2679; x_wconf 83' lang='lat' dir='ltr'><strong>hora</strong></span> <span class='ocrx_word' id='word_1_391' title='bbox 300 2646 443 2678; x_wconf 82' lang='lat' dir='ltr'><strong>sanctae</strong></span> <span class='ocrx_word' id='word_1_392' title='bbox 469 2645 507 2676; x_wconf 83' lang='lat' dir='ltr'><strong>et</strong></span> <span class='ocrx_word' id='word_1_393' title='bbox 528 2651 675 2685; x_wconf 85' lang='lat' dir='ltr'><strong>magnae</strong></span> <span class='ocrx_word' id='word_1_394' title='bbox 692 2638 885 2674; x_wconf 82' lang='lat' dir='ltr'><strong>dominicae</strong></span> <span class='ocrx_word' id='word_1_395' title='bbox 908 2641 1041 2686; x_wconf 78' lang='lat' dir='ltr'><strong>grando</strong></span> <span class='ocrx_word' id='word_1_396' title='bbox 1062 2640 1194 2687; x_wconf 89' lang='lat' dir='ltr'><strong>impetu</strong></span> <span class='ocrx_word' id='word_1_397' title='bbox 1214 2639 1427 2676; x_wconf 78' lang='lat' dir='ltr'><strong>intolerabili</strong></span> <span class='ocrx_word' id='word_1_398' title='bbox 1449 2638 1567 2674; x_wconf 82' lang='lat' dir='ltr'><strong>delata</strong></span> <span class='ocrx_word' id='word_1_399' title='bbox 1589 2649 1659 2671; x_wconf 91' lang='lat' dir='ltr'><strong>non</strong></span> 
     </span>
     <span class='ocr_line' id='line_1_40' title="bbox 190 2683 1659 2736; baseline -0.005 -10"><span class='ocrx_word' id='word_1_400' title='bbox 190 2689 381 2736; x_wconf 73' lang='lat' dir='ltr'><strong>frugiferas</strong></span> <span class='ocrx_word' id='word_1_401' title='bbox 405 2688 507 2724; x_wconf 84' lang='lat' dir='ltr'><strong>modo</strong></span> <span class='ocrx_word' id='word_1_402' title='bbox 528 2686 737 2732; x_wconf 87' lang='lat' dir='ltr'><strong>sterilesque</strong></span> <span class='ocrx_word' id='word_1_403' title='bbox 761 2686 904 2721; x_wconf 83' lang='lat' dir='ltr'><strong>arbores</strong></span> <span class='ocrx_word' id='word_1_404' title='bbox 925 2687 1120 2733; x_wconf 83' lang='lat' dir='ltr'><strong>confregit,</strong></span> <span class='ocrx_word' id='word_1_405' title='bbox 1156 2687 1218 2723; x_wconf 84' lang='lat' dir='ltr'><strong>sed</strong></span> <span class='ocrx_word' id='word_1_406' title='bbox 1251 2686 1355 2722; x_wconf 85' lang='lat' dir='ltr'><strong>ctiam</strong></span> <span class='ocrx_word' id='word_1_407' title='bbox 1385 2687 1507 2721; x_wconf 90' lang='lat' dir='ltr'><strong>domos·</strong></span> <span class='ocrx_word' id='word_1_408' title='bbox 1529 2683 1659 2718; x_wconf 87' lang='lat' dir='ltr'><strong>deiecit</strong></span> 
     </span>
     <span class='ocr_line' id='line_1_41' title="bbox 193 2730 1659 2782; baseline -0.005 -10"><span class='ocrx_word' id='word_1_409' title='bbox 193 2742 231 2772; x_wconf 88' lang='lat' dir='ltr'><strong>et</strong></span> <span class='ocrx_word' id='word_1_410' title='bbox 254 2735 382 2782; x_wconf 78' lang='lat' dir='ltr'><strong>templs</strong></span> <span class='ocrx_word' id='word_1_411' title='bbox 404 2746 446 2770; x_wconf 83' lang='lat' dir='ltr'><strong>ac</strong></span> <span class='ocrx_word' id='word_1_412' title='bbox 468 2738 608 2779; x_wconf 85' lang='lat' dir='ltr'><strong>segetes</strong></span> <span class='ocrx_word' id='word_1_413' title='bbox 631 2733 793 2778; x_wconf 85' lang='lat' dir='ltr'><strong>vitesque</strong></span> <span class='ocrx_word' id='word_1_414' title='bbox 816 2732 890 2768; x_wconf 82' lang='lat' dir='ltr'><strong>solo</strong></span> <span class='ocrx_word' id='word_1_415' title='bbox 919 2733 1036 2768; x_wconf 82' lang='lat' dir='ltr'><strong>allisit.</strong></span> <span class='ocrx_word' id='word_1_416' title='bbox 1084 2733 1203 2780; x_wconf 84' lang='lat' dir='ltr'><strong>itaque</strong></span> <span class='ocrx_word' id='word_1_417' title='bbox 1231 2745 1273 2768; x_wconf 91' lang='lat' dir='ltr'><strong>eo</strong></span> <span class='ocrx_word' id='word_1_418' title='bbox 1307 2744 1397 2768; x_wconf 87' lang='lat' dir='ltr'><strong>anno</strong></span> <span class='ocrx_word' id='word_1_419' title='bbox 1430 2741 1560 2766; x_wconf 81' lang='lat' dir='ltr'><strong>summa</strong></span> <span class='ocrx_word' id='word_1_420' title='bbox 1591 2730 1659 2765; x_wconf 83' lang='lat' dir='ltr'><strong>suit</strong></span> 
     </span>
     <span class='ocr_line' id='line_1_42' title="bbox 192 2775 1658 2827; baseline -0.005 -9"><span class='ocrx_word' id='word_1_421' title='bbox 192 2782 375 2818; x_wconf 78' lang='lat' dir='ltr'><strong>sterilitas.</strong></span> <span class='ocrx_word' id='word_1_422' title='bbox 423 2780 528 2816; x_wconf 73' lang='lat' dir='ltr'><strong>stella</strong></span> <span class='ocrx_word' id='word_1_423' title='bbox 550 2780 653 2815; x_wconf 89' lang='lat' dir='ltr'><strong>etiam</strong></span> <span class='ocrx_word' id='word_1_424' title='bbox 676 2778 849 2814; x_wconf 89' lang='lat' dir='ltr'><strong>dominico</strong></span> <span class='ocrx_word' id='word_1_425' title='bbox 876 2779 935 2824; x_wconf 84' lang='lat' dir='ltr'><strong>qui</strong></span> <span class='ocrx_word' id='word_1_426' title='bbox 961 2779 1091 2826; x_wconf 82' lang='lat' dir='ltr'><strong>pascha</strong></span> <span class='ocrx_word' id='word_1_427' title='bbox 1113 2780 1311 2827; x_wconf 86' lang='lat' dir='ltr'><strong>insequitur</strong></span> <span class='ocrx_word' id='word_1_428' title='bbox 1333 2779 1409 2823; x_wconf 89' lang='lat' dir='ltr'><strong>die,</strong></span> <span class='ocrx_word' id='word_1_429' title='bbox 1433 2778 1518 2812; x_wconf 84' lang='lat' dir='ltr'><strong>hora</strong></span> <span class='ocrx_word' id='word_1_430' title='bbox 1546 2775 1658 2811; x_wconf 89' lang='lat' dir='ltr'><strong>noctis</strong></span> 
     </span>
     <span class='ocr_line' id='line_1_43' title="bbox 191 2823 1658 2876; baseline -0.005 -12"><span class='ocrx_word' id='word_1_431' title='bbox 191 2829 319 2876; x_wconf 75' lang='lat' dir='ltr'><strong>tertia,</strong></span> <span class='ocrx_word' id='word_1_432' title='bbox 354 2826 515 2872; x_wconf 79' lang='lat' dir='ltr'><strong>traiecit,</strong></span> <span class='ocrx_word' id='word_1_433' title='bbox 547 2827 685 2873; x_wconf 80' lang='lat' dir='ltr'><strong>fulgore</strong></span> <span class='ocrx_word' id='word_1_434' title='bbox 716 2836 779 2859; x_wconf 88' lang='lat' dir='ltr'><strong>suo</strong></span> <span class='ocrx_word' id='word_1_435' title='bbox 814 2826 997 2861; x_wconf 86' lang='lat' dir='ltr'><strong>luminibus</strong></span> <span class='ocrx_word' id='word_1_436' title='bbox 1031 2827 1180 2862; x_wconf 90' lang='lat' dir='ltr'><strong>omnium</strong></span> <span class='ocrx_word' id='word_1_437' title='bbox 1213 2826 1355 2862; x_wconf 84' lang='lat' dir='ltr'><strong>aliarum</strong></span> <span class='ocrx_word' id='word_1_438' title='bbox 1376 2823 1550 2860; x_wconf 81' lang='lat' dir='ltr'><strong>stellarum</strong></span> <span class='ocrx_word' id='word_1_439' title='bbox 1575 2823 1658 2857; x_wconf 77' lang='lat' dir='ltr'><strong>offi-</strong></span> 
     </span>
     <span class='ocr_line' id='line_1_44' title="bbox 193 2869 1657 2923; baseline -0.005 -11"><span class='ocrx_word' id='word_1_440' title='bbox 193 2875 304 2923; x_wconf 81' lang='lat' dir='ltr'><strong>ciens,</strong></span> <span class='ocrx_word' id='word_1_441' title='bbox 338 2874 390 2911; x_wconf 85' lang='lat' dir='ltr'><strong>ita</strong></span> <span class='ocrx_word' id='word_1_442' title='bbox 412 2878 452 2910; x_wconf 87' lang='lat' dir='ltr'><strong>ut</strong></span> <span class='ocrx_word' id='word_1_443' title='bbox 472 2873 570 2911; x_wconf 85' lang='lat' dir='ltr'><strong>multi</strong></span> <span class='ocrx_word' id='word_1_444' title='bbox 594 2874 822 2922; x_wconf 84' lang='lat' dir='ltr'><strong>opinarentur</strong></span> <span class='ocrx_word' id='word_1_445' title='bbox 845 2873 952 2909; x_wconf 80' lang='lat' dir='ltr'><strong>solem</strong></span> <span class='ocrx_word' id='word_1_446' title='bbox 975 2871 1074 2910; x_wconf 89' lang='lat' dir='ltr'><strong>oriri.</strong></span> <span class='ocrx_word' id='word_1_447' title='bbox 1120 2873 1228 2910; x_wconf 78' lang='lat' dir='ltr'><strong>malus</strong></span> <span class='ocrx_word' id='word_1_448' title='bbox 1251 2872 1354 2909; x_wconf 85' lang='lat' dir='ltr'><strong>etiam</strong></span> <span class='ocrx_word' id='word_1_449' title='bbox 1377 2871 1524 2908; x_wconf 75' lang='lat' dir='ltr'><strong>daemon</strong></span> <span class='ocrx_word' id='word_1_450' title='bbox 1547 2869 1657 2917; x_wconf 81' lang='lat' dir='ltr'><strong>impe-</strong></span> 
     </span>
    </p>
   </div>
  </div>
 </body>
</html>
