1916 3210
325 171 423 220 748
729 170 1023 215 XYLANDRI
1056 170 1128 213 ET
1164 169 1339 214 GOARI

325 282 585 322 successionem
613 281 768 332 adeptus
799 283 856 319 est
878 279 1108 332 Nicephorus
1137 281 1338 319 confessor.
1392 277 1499 331 plura
1521 279 1570 319 de
1599 278 1771 330 Syncello

325 340 483 390 expetita
500 338 571 375 suis
598 337 686 374 locis
715 341 962 387 exponentur-3
998 348 1165 386 quaeque
1189 335 1237 375 de
1259 335 1344 383 illo,
1381 347 1457 373 non
1482 334 1592 386 plana
1614 334 1700 375 lieet
1730 338 1771 374 et

323 396 467 444 integra
480 420 489 438 ,
517 393 707 443 probanda
729 397 851 430 tamen
869 392 1057 441 Xylauder
1077 391 1232 442 rettulit,
1256 392 1342 430 alibi
1360 391 1584 430 commodius
1604 391 1771 434 insere&

325 456 397 488 tur.
456 449 595 486 Gom.

434 517 471 554 p.
495 506 520 544 3
545 516 579 542 v.
597 502 636 544 4.
693 504 994 540 Maximianum
1013 509 1050 539 et
1071 500 1359 553 Maximinum]
1383 502 1509 540 horum
1522 501 1623 554 prior
1633 501 1774 555 collega

323 561 394 599 suit
412 559 645 608 Diocletiani,
683 566 926 610 cognomento
946 558 1169 608 Herculeus,
1207 559 1388 610 posterior
1408 559 1456 597 ab
1476 558 1608 597 eodem
1625 556 1774 598 Diocle-

326 618 426 655 tiano
449 616 668 667 imperatore
700 629 814 666 gener
838 628 882 654 ac
903 616 1040 654 Caesar
1069 619 1123 654 est
1143 615 1313 653 adscitus.
1372 614 1564 653 Cedrenus
1583 613 1791 664 Maximia-¹

326 684 411 710 num
435 676 540 709 vocat
564 672 601 709 in
624 671 738 723 ipsius
758 671 926 711 historia
953 672 1103 722 quidam
1120 671 1419 708 Maximianum
1441 670 1614 711 scribunt.
1642 682 1776 710 nomen

325 729 360 767 ei
393 728 461 766 fuit
492 727 665 766 Gallerio.
720 732 894 779 tyrannos
922 732 1049 777 vocat,
1089 728 1191 778 quod
1223 726 1436 766 Christianis
1465 726 1612 798 fuerunt
1641 727 1772 779 iniqui.

324 785 428 824 ΧΠ..
477 794 480 799 ’

435 853 474 890 p.
496 837 523 880 4
546 850 581 877 v.
607 840 641 878 1.
699 835 936 891 Θεοφάνης]
966 839 1023 878 hic
1045 839 1199 890 Georgii
1221 838 1379 890 Syncelli
1408 838 1519 877 filium
1551 841 1697 877 secutus
1725 836 1775 876 ab

326 896 404 935 eius
423 896 495 934 fine
510 895 723 947 principium
746 896 920 934 historiae
937 909 1024 934 suae
1048 896 1168 944 dedit,
1199 895 1397 947 Theophili
1411 901 1455 935 et
1471 891 1660 934 Michaelis
1679 893 1775 933 filius

326 955 518 1004 tempore,
547 964 622 1002 quo
643 953 854 990 monasterii
875 951 966 1002 Agri
983 953 1211 1017 praepositus
1230 952 1400 994 decessit.
1456 951 1596 992 Gom.
1624 972 1626 975 -
1757 972 1760 976 ·

440 1007 494 1044 ib
526 1019 560 1044 v·
579 1011 619 1049 2.
674 1009 747 1047 τοῦ
766 1003 846 1048 ἄπο
865 1008 1053 1061 γενικῶν]
1096 1009 1147 1046 sic
1172 1009 1280 1046 etiam
1301 1007 1468 1046 Zonaras
1497 1020 1580 1047 eum
1606 1005 1775 1044 vocatia

328 1064 564 1115 inscriptione
586 1064 737 1115 imperii
746 1066 843 1115 eius,
870 1070 972 1103 tomo
991 1066 1101 1103 tertio
1125 1066 1152 1103 f.
1172 1065 1250 1112 99,
1287 1064 1397 1115 paulo
1424 1068 1510 1103 ante
1537 1076 1581 1103 ea
1612 1063 1774 1101 referens

324 1132 424 1188 quae
454 1133 526 1170 ego
557 1119 627 1158 huc
661 1121 928 1186 perspicuitatis
956 1122 1072 1170 gratia
1106 1120 1286 1159 transtuli.
1345 1125 1403 1159 est
1431 1120 1532 1172 apud
1551 1118 1702 1158 suidam
1736 1118 1775 1157 in

324 1170 545 1228 ’Λρτὲμιος,
568 1172 726 1242 γενικόν
744 1178 874 1215 vocari
897 1190 979 1216 eum
998 1178 1060 1227 qui
1081 1177 1299 1215 tributorum
1322 1176 1381 1214 vel
1404 1176 1586 1216 redituum
1613 1175 1774 1213 rationes

323 1237 453 1283 putat,
483 1247 565 1272 των
586 1228 721 1284 φόρων
740 1230 940 1286 λογιστήν
1002 1237 1041 1271 et
1072 1233 1110 1271 in
1143 1230 1279 1270 Basilio
1313 1231 1518 1271 Macedone
1547 1234 1670 1270 noster
1697 1231 1774 1269 eius

324 1289 544 1327 mentionem
573 1289 680 1336 facit,
732 1302 775 1327 ac
807 1291 944 1328 ibidem
971 1302 1057 1327 non·
1069 1288 1194 1341 procul
1220 1288 1325 1326 initio
1356 1284 1515 1340 γενικόν
1543 1287 1615 1325 loci
1639 1299 1775 1325 nomen

323 1344 436 1382 fuisse
463 1345 643 1393 ostendit,
682 1345 746 1383 ubi
770 1346 914 1385 debitae
937 1345 1080 1396 publico
1104 1358 1171 1383 seu
1188 1344 1314 1382 tributi
1337 1357 1401 1383 seu
1421 1343 1608 1393 vectigalis
1629 1343 1776 1381 nomine

324 1401 499 1451 pecuniae
525 1401 767 1449 exigerentur.
837 1402 975 1451 alioqui
1006 1402 1164 1440 creditur
1192 1413 1281 1439 voce
1305 1398 1521 1453 λογοθέτης
1539 1399 1775 1439 cancellariis

323 1460 387 1494 aut
405 1456 605 1495 libellorum
624 1457 798 1506 magister
816 1463 879 1496 aut
898 1458 1034 1508 aliquid
1058 1457 1153 1506 tale,
1188 1456 1390 1506 designari:
1422 1455 1531 1494 officii
1550 1469 1682 1495 nomen
1698 1455 1775 1493 uti-

323 1525 396 1563 que
416 1518 486 1552 est.
541 1513 610 1551 fuit
630 1512 854 1564 Nicephorus
875 1515 944 1552 iste
958 1513 1120 1564 aequalis
1139 1512 1262 1550 Caroli
1281 1512 1421 1562 Magni.
1449 1514 1556 1552 xYn.

436 1569 582 1606 Ioannis
603 1569 770 1607 Monachi
789 1571 936 1608 nomine
954 1570 1135 1611 Zonaram
1151 1568 1240 1606 alias
1260 1568 1411 1618 intelligi
1431 1573 1557 1606 notum
1575 1570 1643 1606 est.
1665 1568 1773 1603 er.

324 1624 354 1661 is
376 1624 462 1661 mihi
482 1624 735 1674 nonnullisque
756 1626 834 1663 aliis
861 1630 917 1663 est
941 1625 1116 1663 Zonaras.
1173 1637 1327 1671 nomen,
1355 1625 1554 1675 professio,
1583 1625 1718 1674 scripta
1736 1623 1774 1661 id

325 1681 506 1719 evincunt.
555 1684 594 1718 at
613 1686 820 1731 repugnant
838 1681 886 1719 illi
904 1682 964 1731 qui
984 1682 1150 1720 Cedreno
1169 1680 1351 1718 Zonararn
1370 1680 1506 1721 habent
1522 1680 1774 1730 posteriorem.

314 1735 454 1774 unde?
511 1731 610 1786 quod
640 1736 785 1775 ulterius
812 1737 870 1775 hic
896 1738 1089 1775 deduxerit
1115 1737 1331 1774 narrationis
1358 1736 1468 1776 filum.
1477 1738 1483 1748 ‘
1525 1735 1640 1774 levius
1667 1749 1776 1784 argu-

325 1798 487 1830 mentum
508 1797 584 1831 est.
622 1792 811 1831 Cedrenus
831 1794 965 1832 etenim
982 1806 1095 1845 opere
1113 1793 1278 1831 nondum
1297 1791 1466 1831 absoluto
1491 1791 1682 1831 scribendo
1708 1792 1774 1830 de-

314 1870 317 1872 *
327 1847 436 1888 stitit.
495 1849 633 1886 GOAn.

439 1904 498 1943 De
525 1903 659 1943 Niceta
685 1904 922 1955 Paphlagone
951 1917 1026 1943 non
1054 1904 1172 1943 habeo
1201 1905 1302 1955 quod
1329 1904 1463 1942 dicam.
1508 1915 1593 1943 nam
1616 1904 1777 1942 Chonia-

325 1963 382 1998 tes
418 1960 477 1999 ille
511 1960 633 2011 Phryx
675 1961 763 2009 suit,
818 1962 875 2000 vel
912 1974 953 2000 se
986 1962 1068 2012 ipso
1097 1965 1202 2000 teste.
1236 1961 1340 1999 Xn.
1406 1961 1503 1998 hunc
1534 1967 1776 2010 cognomento

324 2015 505 2054 Davidem
534 2017 634 2055 vitae
667 2017 799 2066 Ignatii
829 2018 1052 2068 patriarchae
1079 2018 1294 2055 sanctissimi
1322 2020 1358 2054 et
1386 2029 1506 2054 rerum
1528 2017 1583 2054 sui
1602 2017 1776 2066 temporis

328 2072 487 2120 (vivebat
502 2077 626 2111 autem
646 2086 744 2111 nono
762 2073 926 2124 saeculo)
944 2074 1189 2112 fidelissimum
1209 2073 1423 2124 scriptorem
1445 2071 1571 2111 laudat
1583 2072 1778 2114 Batonius.

325 2129 482 2167 eundem
502 2128 772 2180 Paphlagonem
792 2131 1007 2180 cognomine
1026 2131 1118 2168 citat
1136 2129 1346 2168 Meursius
1336 2141 1376 2166 in
1393 2128 1542 2167 Lexico.
1571 2128 1708 2166 GoAn.
1784 2125 1788 2129 ’

437 2183 492 2222 ib.
522 2197 556 2226 v.
586 2188 626 2227 3.
684 2183 706 2226 ὁ
727 2183 988 2238 Σικελιώτης]
1019 2186 1067 2224 de
1085 2185 1208 2223 Siculo
1228 2186 1299 2223 isto
1318 2183 1407 2223 nihil
1432 2197 1456 2222 a
1477 2197 1539 2224 me
1561 2188 1698 2223 temere
1721 2183 1779 2222 di-

324 2244 420 2279 ctum
446 2241 550 2279 volo:
591 2242 690 2292 quod
717 2242 935 2282 Possevinus
961 2241 1283 2291 Heidelbergensis
1312 2239 1557 2279 Bibliothecae
1581 2241 1667 2280 cod.
1694 2237 1779 2282 394

325 2297 470 2344 scribit,
509 2296 666 2336 fideliter
689 2299 863 2336 exscribo.
921 2299 1085 2337 Ioannis
1110 2297 1241 2335 Siculi
1264 2297 1482 2334 Chronicon
1502 2295 1554 2333 ab
1572 2295 1663 2333 orbe
1683 2309 1779 2333 con-

325 2351 405 2389 dito
425 2367 549 2404 usque
575 2353 634 2391 ad
654 2355 749 2404 imp.
774 2353 1016 2392 Mchaelem
1044 2353 1251 2404 Theophili
1267 2353 1316 2390 F.
1332 2353 1575 2403 praecipuas
1591 2352 1779 2389 historias

310 2408 596 2458 ¹complectens.
657 2411 916 2449 meminerunt
941 2413 1025 2449 eiu-s
1054 2411 1235 2448 Zonaras
1263 2416 1300 2446 et
1323 2409 1534 2448 cedrenus.
1593 2409 1684 2448 haec
1709 2407 1779 2447 ille.

324 2465 462 2502 GoAn.

434 2519 488 2557 ib.
522 2534 555 2561 v.
583 2521 625 2564 4.
688 2518 864 2575 Ψελλός]
904 2525 985 2574 quis
1026 2522 1086 2562 hic
1121 2517 1296 2561 Psellus?
1362 2533 1438 2559 non
1473 2533 1565 2558 unus
1599 2519 1779 2570 siquidem

324 2578 542 2625 cognomine
564 2577 729 2627 Psellus,
765 2581 832 2618 sed
860 2580 1003 2631 plures,
1046 2579 1231 2628 iidemque
1254 2579 1333 2616 τῶν
1364 2572 1596 2628 φιλοσοφοῦν
1619 2573 1778 2620 ὕπατοι,

326 2643 401 2668 ιιοιι
424 2633 618 2678 consules,
659 2640 700 2672 ut
731 2636 878 2684 quidam
905 2641 1048 2682 rentur,
1090 2635 1156 2672 sed
1187 2634 1369 2684 supremi,
1419 2633 1524 2683 quasi
1552 2630 1778 2684 ὖπέρτατοι.

326 2688 461 2737 primus
482 2689 639 2727 Michael
655 2691 791 2729 Leonis
813 2691 1019 2743 philosophi
1038 2694 1254 2742 praeceptor
1272 2689 1532 2727 eruditissimus
1554 2693 1594 2727 et
1616 2686 1777 2739 ’ὗπὲρτι-

328 2757 421 2792 μσς,
454 2756 527 2794 quo
547 2745 781 2784 celebriorem
809 2752 846 2785 et
874 2749 1137 2798 antiquiorem,
1166 2746 1325 2783 Baronio
1343 2745 1483 2793 iudice,
1512 2757 1587 2782 non
1605 2745 1778 2795 reperim,

327 2799 376 2836 de
399 2811 472 2848 quo
495 2801 611 2840 refert
647 2806 773 2841 auctor
805 2816 845 2854 p.
867 2803 960 2847 550.
1009 2804 1099 2842 alter
1128 2802 1413 2850 Constantinus,
1454 2801 1504 2840 de
1529 2813 1603 2851 quo
1626 2813 1663 2852 p.
1683 2800 1776 2840 803.
