1916 3210
758 139 1043 185 HISTORIA.
1530 138 1630 186 665

166 251 254 300 ὀἷον
273 251 577 311 ω’γκεκραμίνα
594 252 690 298 κατ’
713 253 800 298 ἴσον
817 252 1046 313 ἀμφότερα.
1100 251 1156 306 ὥς
1173 247 1245 298 οὖν
1262 254 1330 298 καὶ
1345 251 1371 310 ἦ
1389 257 1633 311 παρεστῶσα

165 323 359 382 γερουσία
388 322 646 376 συνέπαθεν,
692 323 817 375 εὐθὺς
846 321 1172 380 ἐπηκολούθησεν
1202 321 1229 379 ἡ
1259 320 1520 379 συμπάθεια,
1564 323 1635 366 καὶ

166 392 413 450 περισωθεὶς
437 395 513 436 τοῦ
537 391 723 436 κινδύνου
743 393 858 450 παρὰ
877 397 1012 436 πᾶσαν
1031 393 1174 436 ἐλπίδα
1194 393 1264 436 καὶ
1283 394 1531 450 προσδοκίαν
1551 396 1635 446 βα-

167 463 326 516 σιλικῆς
350 458 556 514 ἀξιώσεως
579 460 707 517 ἔτυχε.
775 461 840 505 διὸ
859 463 927 505 καὶ
947 461 1169 513 ἀπολυθεὶς
1185 461 1299 518 παρὰ
1318 460 1480 505 πάντων
1499 459 1635 517 ἠσπά-

133 531 270 583 6ζετο.
338 528 455 582 ἐξιὼν
470 524 543 574 οὖν
561 531 618 582 εἰς
633 530 708 587 τὴν
725 532 1036 583 Καππαδοκῶν,
1069 532 1111 583 ἐξ
1129 524 1179 586 ἧς
1198 532 1265 573 καὶ
1283 531 1462 587 γέννησιν
1481 529 1636 586 ἔσχηκε,

166 596 291 643 πάλιν
317 601 630 658 μεταπεμφθεὶς
658 602 715 652 εἷς
741 599 816 656 τὴν
839 597 1136 655 βασιλεύοι-σαν
1166 597 1423 656 εἰσελήλυθε,
1457 601 1526 643 καὶ
1548 605 1634 651 τοῖς

165 668 388 726 γενεθλίοις
409 672 484 712 τοῦ
512 673 697 727 σωτῆρος
719 671 906 727 Χριστοῦ
929 667 1152 726 μάγιστρος
1175 673 1341 724 τιμᾶται
1363 671 1430 712 καὶ
1453 686 1630 727 στρατη·
1653 673 1685 709 C

166 735 306 793 λάπης-
323 737 600 796 προβέβληται
631 738 746 796 παρὰ
776 742 849 795 τῆς
880 739 1094 794 βασιλίδος
1113 736 1396 796 προελθούσης
1416 741 1638 793 βασιλικῶς

164 805 270 861 μετὰ
294 809 377 855 τῶν
406 807 520 850 ἰδίων
545 807 702 851 παίδων
730 809 786 859 εἷς
812 806 884 851 τὸν
907 806 1094 864 μέγιστον
1118 809 1187 850 καὶ
1207 808 1449 865 περίπυστον
1465 812 1539 862 τῆς
1556 810 1630 851 τοῦ

111 878 272 923 mm
293 875 445 934 σοφίας
459 872 602 931 σηκόν.-
665 876 894 927 δεδοικυίας
913 877 957 919 δὲ
976 881 1049 932 τῆς
1069 877 1280 931 βασιλίδος
1297 874 1372 932 τήν
1390 893 1433 920 τε
1455 875 1631 933 σύγκλη-

163 958 238 988 w
260 945 332 988 καὶ
357 943 430 988 τὸν
453 941 709 1002 πατριάρχην
737 947 805 988 καὶ
833 946 931 997 τοὺς
958 943 1280 1002 ὗπογράψαντας
1298 947 1366 988 καὶ
1387 943 1631 1000 ὀμόσαντας,

164 1013 237 1056 καὶ
261 1011 332 1056 διὰ
354 1017 476 1058 τοῦτο
504 1012 564 1069 μὴ
590 1012 806 1070 τολμώσης
831 1016 1103 1070 συζευχθῆναί
1125 1031 1201 1057 τινι
1224 1018 1305 1057 τῶν
1329 1015 1536 1072 ἐπιφανῶν
1562 1015 1632 1057 καὶ

161 1082 338 1137 βασιλέα
355 1081 623 1141 ἀναγορεῦσαι
640 1082 764 1126 αὐτόν
769 1115 783 1136 ,
810 1082 910 1140 ἔγνω
928 1085 1012 1126 δεῖν
1027 1081 1127 1140 ὑπὲρ
1147 1089 1317 1140 γυναῖκα
1333 1084 1392 1139 μὴ
1413 1088 1632 1142 φρονῆσαι,

163 1151 390 1213 πανουργίᾳ
416 1152 462 1195 δὲ
485 1154 556 1195 καὶ
580 1150 688 1211 δόλῳ
714 1152 784 1196 τὸν
808 1151 1063 1210 πατριάρχην
1083 1150 1276 1196 ὑπελθεῖν
1295 1154 1363 1195 καὶ
1381 1151 1510 1204 οὕτως
1531 1152 1633 1210 αὐτῇ

111 1228 155 1265 1⁵
165 1219 212 1264 τὸ
234 1220 379 1278 ἐφετὸν
398 1219 747 1278 καταπράξασθαι
769 1223 838 1264 καὶ
860 1222 934 1278 τὴν
956 1226 1038 1265 τῶν
1059 1221 1194 1265 ἐθνῶν
1216 1225 1354 1273 ποσῶς
1378 1221 1634 1277 ἀναχαιτίσαι

163 1285 308 1347 ὁρμήν.
372 1294 576 1334 κοινοῦται
592 1294 690 1348 γοῦν
707 1290 753 1334 τὸ
773 1289 943 1350 πρᾶγμά
961 1308 1040 1334 τινι
1058 1295 1140 1334 τῶν
1156 1291 1200 1334 ἐκ
1217 1295 1291 1347 τῆς
1305 1292 1630 1348 γυναικωνίτιδος
1651 1297 1684 1333 D

164 1356 222 1410 ὥς
250 1359 460 1418 ἐπιτηδείῳ
488 1358 592 1417 πρὸς
619 1360 753 1403 τοῦτο.
823 1358 844 1403 ὅ
875 1361 920 1403 δὲ
948 1358 1196 1415 ὑπισχνεῖται
1229 1360 1272 1402 ἐκ
1304 1359 1455 1411 παντὸς
1481 1357 1636 1419 τρόπου

163 1426 416 1486 συμπράξειν
446 1428 550 1486 αὐτῇ
577 1428 684 1486 πρὸς
702 1428 749 1472 τὸ
773 1427 1122 1484 σπουδαζόμενον,
1158 1429 1280 1487 ξυρὸς
1306 1431 1362 1480 εἷς
1384 1425 1554 1485 ἀκόνην,
1587 1427 1636 1472 τὸ

162 1500 240 1540 τοῦ
264 1495 411 1554 λόγου,
445 1495 502 1540 ὢν
521 1499 579 1548 εἰς
595 1497 648 1540 τὰ
668 1502 853 1541 τοιαῦτα.
920 1497 1100 1556 ἀδελφὸς
1117 1493 1167 1554 ἦν
1185 1502 1244 1557 τῷ
1263 1495 1494 1557 πατριάρχῃ
1517 1495 1638 1556 Βάρ-

106 1567 243 1618 sobac
259 1564 391 1622 ὄνομα
397 1596 412 1620 ,
446 1565 711 1623 λαγνίστατός
726 1583 768 1610 τε
785 1568 852 1610 καὶ
871 1567 973 1624 πρὸς
992 1565 1143 1622 ἡδονὰς
1159 1568 1404 1623 ἐπτοημένος
1422 1569 1490 1610 καὶ
1509 1567 1639 1623 μηδὲν

163 1633 266 1678 ἄλλο
283 1635 357 1679 ’διὰ
374 1636 470 1691 βίου
488 1633 593 1690 ἔχων
610 1636 860 1694 προτέρημα.
907 1634 1091 1694 πρόσεισι
1108 1640 1168 1695 τῷ
1188 1634 1419 1694 πατριάρχῃ
1439 1634 1461 1679 ὃ
1477 1637 1638 1691 τομίας,

163 1703 405 1762 ἀπαγγέλλει
424 1703 536 1764 αὐτῷ
551 1709 757 1760 μυστικῶς
771 1705 823 1750 τὰ
839 1709 914 1749 τοῦ
931 1703 1192 1764 πράγματος,
1219 1707 1286 1748 καὶ
1309 1703 1365 1757 ὥς
1382 1706 1417 1749 εἲ
1436 1703 1637 1761 θελήσειε,

161 1776 322 1829 μᾶλλον
349 1773 393 1817 δὲ
419 1771 631 1818 ἓπινεῦσειε
660 1772 787 1831 μόνον
814 1775 972 1831 μηδένα
1002 1776 1184 1819 κίνδυνον
1213 1772 1459 1834 ὑφορᾶσθαι
1488 1775 1532 1818 ἐκ
1561 1778 1635 1831 τῆς

161 1948 307 1986 mixtum
339 1951 491 1987 colorem
521 1963 749 1987 conservans.
797 1956 836 1987 ut
862 1951 973 1998 igitur
994 1952 1099 1987 etiam
1122 1963 1292 1998 praesens
1315 1955 1458 1987 senatus
1482 1963 1634 1987 commo-

161 2001 220 2032 tu
245 2003 324 2043 eat,
355 1999 474 2034 statim
495 1998 738 2034 misericordia
758 1998 923 2033 iudicium
946 2000 1134 2034 subsecuta
1157 2005 1224 2034 est.
1273 2002 1310 2033 et
1330 2010 1352 2033 a
1375 1998 1530 2045 periculo
1554 2010 1632 2033 ser-

161 2046 267 2078 vatus
299 2050 442 2090 praeter
472 2055 607 2080 omnem
641 2057 739 2091 spem
770 2051 877 2090 atque
910 2044 1205 2091 exspectationem
1234 2044 1367 2090 regiam
1395 2044 1634 2091 dignationem

162 2093 220 2124 ent
251 2095 480 2134 consecutura
515 2096 554 2127 et
582 2091 713 2126 iccirco
745 2091 939 2126 absolutum
971 2103 1090 2126 omnes
1111 2090 1423 2136 amplectebantur.
1469 2101 1634 2136 egressus

160 2134 274 2180 igitur
306 2135 345 2170 in
376 2136 659 2183 Cappadociam,
692 2137 786 2172 unde
816 2137 984 2172 oriundus
1015 2142 1111 2181 erat,
1143 2148 1264 2172 rursus
1288 2138 1332 2172 ad
1354 2138 1487 2182 regiam
1511 2138 1634 2171 urbem

163 2180 356 2217 accersitus
384 2194 463 2218 sese
490 2194 572 2218 rece
598 2183 628 2218 it
649 2184 707 2219 die
731 2183 838 2218 natali
860 2184 1047 2219 salvatoris
1071 2182 1229 2228 Christi,
1264 2187 1301 2218 et
1321 2183 1479 2228 magistri
1502 2183 1636 2218 honore

162 2227 348 2262 decoratu-
369 2229 442 2263 dux
465 2235 642 2263 exercitus
664 2230 708 2264 ab
731 2231 889 2274 Augusta
908 2235 1060 2274 creatur,
1084 2240 1176 2276 quae
1195 2229 1418 2276 imperatoris
1439 2240 1535 2264 more
1557 2240 1636 2264 cum

163 2273 238 2309 suis
268 2273 353 2308 filiis
381 2280 608 2321 processerat
637 2275 683 2310 ad
716 2275 899 2310 maximum
923 2281 960 2311 et
983 2276 1243 2311 celeberrimum
1274 2275 1431 2321 Sophiae
1456 2275 1635 2321 templum.

163 2330 240 2354 cum
261 2325 380 2355 autern
401 2326 586 2355 vereretur
607 2320 766 2366 Augusta
790 2327 827 2356 et
849 2327 1006 2357 senatum
1030 2328 1068 2357 et
1091 2321 1325 2368 patriarcham
1349 2327 1386 2357 et
1411 2333 1472 2356 eos
1496 2322 1557 2367 qui
1579 2321 1637 2356 iu-

161 2365 232 2400 rati
254 2366 392 2401 subscri
418 2372 558 2411 serant,
585 2373 622 2402 et
643 2367 773 2402 iccirco
797 2379 866 2402 non
889 2369 1036 2403 auderet
1058 2379 1134 2402 cum
1157 2367 1350 2403 illustriore
1372 2367 1490 2413 aliquo
1512 2367 1636 2402 matri-

161 2411 278 2446 monio
312 2423 401 2458 copn
416 2411 469 2448 ari
499 2412 683 2459 ipsumque
714 2413 959 2460 imperatorem
991 2414 1191 2459 declarare,
1227 2415 1353 2451 statuit
1383 2425 1490 2459 supra
1512 2413 1638 2455 mulie-

159 2459 259 2492 brem
283 2459 432 2493 animum
457 2458 507 2493 nil
529 2459 598 2494 sibi
619 2460 913 2506 aggrediendum,
942 2462 1004 2496 sed
1029 2460 1147 2506 potius
1170 2460 1250 2496 dolo
1274 2473 1316 2496 ac
1338 2461 1462 2495 fraude
1486 2460 1637 2495 circum-

160 2504 371 2539 veniendum
403 2505 658 2551 patriarcham3
693 2511 729 2541 et
762 2506 812 2541 ita
845 2518 884 2542 se
917 2507 992 2542 voti
1024 2512 1217 2554 compotem
1247 2507 1399 2543 futuram
1423 2512 1460 2542 et
1482 2507 1637 2551 gentium

159 2550 327 2595 impetum
362 2561 625 2597 repressuram,
659 2558 824 2598 quantum
846 2554 884 2588 in
907 2565 947 2589 se
970 2560 1086 2599 esset,
1123 2553 1359 2590 existimabat.
1407 2552 1638 2588 communicat

160 2596 272 2641 igitur
299 2607 373 2632 rem
404 2598 553 2653 quodam
585 2609 660 2632 cum
695 2599 854 2634 eunucho
885 2611 930 2635 ex
960 2611 1140 2645 gynaeceo
1170 2605 1210 2635 ut
1240 2602 1286 2636 ad
1316 2600 1354 2635 id
1385 2599 1532 2645 idoneo,
1573 2598 1637 2644 qui

161 2642 302 2677 omnino
325 2654 366 2678 se
387 2654 423 2678 ex
445 2655 519 2679 rem
543 2655 563 2678 e
587 2645 762 2679 sententia
783 2646 1021 2681 confecturum
1053 2646 1258 2693 pollicetur,
1290 2651 1414 2692 utpote
1438 2645 1499 2692 qui
1522 2656 1631 2681 nova-

161 2688 241 2723 cula
273 2688 317 2723 ad
349 2694 464 2724 cotem
494 2696 607 2735 esset,
643 2697 683 2725 ut
714 2691 782 2725 dici
815 2691 924 2737 solet,
958 2693 1002 2727 ad
1025 2693 1112 2728 haec
1135 2694 1296 2739 negotia:
1332 2694 1446 2728 frater
1468 2696 1544 2727 erat
1566 2703 1632 2738 pa-

161 2734 361 2781 triarchae,
385 2736 518 2772 Bardas
541 2736 702 2781 nomine,
726 2739 873 2773 maxime
895 2738 1049 2774 lascivus
1072 2739 1147 2786 vir,
1172 2745 1209 2774 et
1231 2739 1470 2786 voluptatibus
1493 2738 1544 2773 ita
1567 2737 1629 2773 ad-

161 2781 277 2816 dictus
307 2786 348 2815 nt
378 2783 494 2818 omnia
514 2783 551 2818 in
576 2782 669 2818 omni
691 2783 768 2818 vita
791 2784 844 2820 eis
866 2785 1106 2831 posthaberet.
1154 2786 1290 2822 accedit
1319 2790 1481 2822 exsectus
1503 2783 1562 2818 ille
1585 2783 1631 2819 ad

159 2827 414 2876 patriarcham,
443 2830 548 2877 eique
567 2841 695 2866 arcano
720 2830 850 2868 sactum
873 2831 1007 2879 aperit,
1038 2832 1311 2880 denuntiatque,
1337 2831 1370 2868 si
1393 2831 1500 2878 velit,
1528 2830 1630 2866 immo
