1916 3210
319 146 418 195 904
871 149 1157 194 FABROTI

323 257 426 299 votvm
445 253 607 310 ἀδελφῷ
624 253 805 310 Λεοντίω
823 257 880 310 τῷ
898 254 1063 325 ἔξισωτῇ
1079 259 1153 327 τῆς
1173 255 1366 308 Νικαίας,
1395 262 1436 298 et
1453 271 1512 312 ep.
1533 261 1642 303 278.
1671 256 1772 304 muts
1827 245 1839 255 .

324 318 398 367 τῆς
398 300 483 355 ἐπὶ
502 315 552 369 τῇ
572 297 748 360 ἐξισώσει
769 312 983 365 φροντίδος
1004 310 1126 355 αὐτὸν
1147 309 1355 356 ἀνεθέντα.
1390 314 1486 354 idem
1504 329 1633 370 prope
1632 330 1770 357 munus

322 369 596 422 peraequatoris
614 372 652 407 et
670 369 898 435 inspectoris.
940 370 988 408 de
1005 369 1230 422 inspectione
1248 370 1506 410 Theodoretus
1521 385 1582 424 ep.
1601 373 1677 416 48.
1700 373 1771 415 καὶ

323 441 399 479 την
422 425 596 475 ἔποψίαν
610 421 685 476 τήν
706 419 896 474 πολλάκις
917 425 1195 495 γεγενημένην
1206 429 1388 467 κελεῦσαι
1406 427 1772 482 βεβαιωθῆναι,-εῒ

325 496 384 534 ep.
399 479 473 521 44:
497 483 568 532 τῆς
585 477 660 534 γοῖρ
679 478 854 531 έποψίας
871 477 962 521 κατ’
983 481 1137 523 ἐκεῖνον
1155 479 1226 524 τὸν
1245 498 1387 534 καιρον
1407 482 1633 536 γενομένης·
1654 487 1772 526 mi-

324 542 421 576 tores
439 541 560 575 autem
577 537 639 588 qui
659 550 804 575 censum
822 538 1000 576 definiunt
1016 552 1084 590 pro
1101 540 1242 579 ratione
1261 552 1385 579 eorum
1394 552 1501 605 quae
1517 540 1671 592 quisque
1686 553 1774 594 pou·

325 594 432 631 sidet.
463 592 587 631 Gloss.
610 592 748 631 Philox.
771 594 936 631 censitor
957 590 1235 648 ἄπονραφεύς,
1261 590 1440 647 τιμητής.
1499 596 1586 635 vide
1601 596 1774 648 epistolas
1790 642 1793 645 ¹

323 650 364 690 S.
383 648 510 688 Basilii
531 647 625 697 304,
653 650 750 699 352,
780 650 876 699 353,
902 648 996 692 426.
1053 651 1120 690 Gr.
1137 651 1232 691 Naz.
1253 656 1347 691 orat.
1369 652 1416 690 de
1435 651 1501 691 Iul.
1521 653 1716 693 censitote.

437 711 591 763 ἐξκου
602 715 715 767 βιτα
761 728 829 768 pro
865 717 1131 756 excubitoribus
1171 717 1227 757 vel
1263 713 1432 757 excubiis.
1488 717 1610 758 Gloss.
1644 717 1774 771 Cyriu.

327 767 529 825 ἀγρυπνία
549 772 764 810 excubitum
799 772 908 811 item:
937 772 1160 811 excubitum
1178 773 1382 826 παννυχίς.
1417 772 1647 826 Nicephorus
1664 775 1776 814 Caui-

327 832 403 866 stus
423 829 451 867 l.
473 827 526 867 17
549 841 580 865 c·
603 827 679 869 40·
708 824 852 879 κόμητι
871 825 954 868 όντι
974 831 1057 869 ταῖν
1078 829 1328 882 ἐξκουβίτων.
1369 828 1583 869 Anastasius
1600 830 1775 870 Biblioth.

325 885 364 922 in
383 884 510 923 histor.
530 883 689 922 Ecclesa
718 890 783 920 ast
793 884 971 934 populus
992 885 1275 924 scholariorum
1303 890 1342 927 et
1369 884 1632 924 excubituum.
1691 886 1775 926 hinc

327 939 598 979 excubitorium.
653 938 826 981 Anastas.
842 941 971 980 Bibl.
961 954 999 980 m
1015 942 1272 982 collectaneis:
1301 941 1606 994 duxeruntque'
1588 955 1632 980 m
1649 949 1775 981 eristo-

325 996 436 1034 diam
452 994 694 1034 excubitorii.

440 1060 520 1110 έξκ
533 1078 589 1104 ου
601 1062 651 1115 βί
658 1077 749 1116 τωρ
769 1064 968 1106 excubitor.
1002 1064 1221 1134 Procopius
1239 1064 1286 1103 de
1305 1063 1400 1103 bello
1417 1061 1536 1103 Vand.
1557 1067 1605 1107 2:
1634 1061 1680 1114 ὃς
1693 1079 1775 1106 των

327 1115 612 1171 έξκουβιτὸρων
633 1118 785 1172 ηγεῖτο·
830 1116 935 1160 οὕτω
962 1117 1038 1174 γαρ
1066 1117 1159 1168 τούς
1188 1116 1369 1171 φύλακας
1393 1117 1573 1189 Ῥωμαῖοι
1598 1122 1776 1162 καλοῦσι.

328 1176 512 1224 Georgius
533 1175 824 1214 Alexandrinus·
814 1189 852 1214 in
871 1177 945 1215 vita
962 1178 1005 1215 B.
1027 1177 1231 1226 Chrysosta
1270 1172 1498 1216 ἀποστέλλει
1516 1171 1544 1229 ἦ
1567 1177 1776 1230 βασίλισσα

330 1227 405 1271 δύο
426 1231 747 1285 έκσκουβίτωρας.
802 1231 1045 1284 Metaphrast
1066 1246 1192 1272 mense
1218 1234 1341 1284 Sept..
1376 1227 1564 1284 Ἰωάννης
1585 1248 1645 1281 τις
1663 1245 1776 1286 στρα-

327 1302 469 1338 τιωτης
500 1286 542 1327 ἓν
569 1292 652 1335 τοῖς
679 1287 940 1339 καλουμένοις
965 1288 1280 1358 έξκουβίτωρσιν.
1344 1288 1510 1328 Chronic.
1532 1288 1725 1328 Alexandr.
1756 1286 1779 1330 ὅ

329 1341 492 1396 στρατός
518 1359 599 1384 των
632 1340 910 1394 φυλαττόντων
936 1342 981 1386 τό
1010 1341 1203 1386 παλατιον
1229 1340 1525 1398 έξκουβιτόρων.
1581 1343 1777 1384 Mauricius

328 1400 423 1450 Imp.
445 1401 552 1451 epist.
575 1401 623 1438 ad
641 1401 799 1450 Gregor.
823 1401 907 1439 PP:
945 1402 988 1439 in
1008 1400 1151 1453 quibus·
1172 1414 1303 1439 omnes
1321 1401 1504 1438 dixerunt
1523 1407 1634 1438 tuam
1653 1399 1778 1438 heati-

330 1456 507 1493 tudinem
537 1456 680 1493 milites
706 1457 764 1494 ad
788 1456 879 1494 illos
901 1459 1161 1496 transmisisse
1179 1471 1270 1496 eum
1290 1470 1369 1495 uno
1389 1455 1544 1495 tribuno
1565 1463 1606 1495 et
1619 1455 1779 1496 excubi-

330 1519 423 1550 tore.
484 1525 518 1550 v.
533 1513 582 1550 ad
601 1513 690 1551 Glos
675 1525 752 1551 ssas
772 1513 966 1553 Basilieon.

443 1577 500 1618 έπ
511 1593 527 1618 ε
540 1579 555 1619 ί
566 1594 655 1630 κτη
668 1595 699 1627 ς.
754 1584 858 1618 vetus
889 1581 1101 1631 glossarium
1119 1580 1348 1619 Iilustrissimi
1365 1580 1432 1618 viri
1446 1580 1495 1620 D.
1516 1579 1615 1619 Petri
1633 1579 1777 1630 Segne-

328 1635 373 1673 rii
392 1634 456 1672 Fr.
478 1635 711 1674 cancellarii:
740 1634 920 1696 ἐπείκτης
941 1634 966 1677 o‘
990 1637 1205 1683 σπουδαῖος
1226 1637 1291 1688 qui
1319 1639 1425 1686 urget
1450 1648 1580 1687 operas
1607 1640 1649 1674 ut
1670 1635 1778 1675 festi-

330 1695 433 1728 nent.
488 1702 525 1728 v.
549 1691 741 1729 Iudicem
731 1705 768 1729 m
789 1705 877 1731 voce
898 1689 1202 1757 πρωτομάστωρ.
1259 1692 1523 1743 Theophanes:
1563 1689 1689 1732 ἔκτισε
1705 1706 1778 1732 τον

328 1741 614 1787 Ἰουστινιανου
642 1747 840 1799 τρίκλινον
870 1745 1079 1801 λεγόμενον
1100 1747 1168 1788 καὶ
1194 1763 1241 1788 τα
1267 1763 1337 1789 του
1367 1747 1559 1787 παλατίου
1577 1747 1779 1800 περιτειχίο

331 1813 480 1854 σματα,
509 1802 577 1842 καὶ
596 1801 806 1853 ἐπέστησεν
825 1803 1008 1856 ἔπείκτην
1028 1803 1251 1856 Στέφανον.
1311 1804 1395 1842 vide
1413 1807 1519 1843 notas
1536 1803 1579 1843 P.
1599 1804 1715 1844 Goar.
1732 1803 1782 1843 ad

330 1872 368 1910 p
389 1858 457 1907 41,
486 1858 541 1900 42
563 1863 601 1897 et
624 1859 706 1900 598
725 1860 763 1898 b.

445 1924 528 1965 ἐπ’
513 1941 527 1964 ι
539 1938 692 1966 σκοπο
704 1941 723 1974 ς
750 1924 902 1995 ποιμήν
921 1922 1089 1980 μερικὸς.
1145 1925 1355 1964 Barlaamus
1374 1923 1465 1993 περὶ
1485 1926 1558 1977 τῆς
1576 1926 1649 1966 τοῦ
1665 1920 1780 1965 πᾶπα

334 1976 458 2032 αρχῆς
484 1995 516 2020 c.
537 1984 585 2021 3.
614 1979 799 2033 μερικοῦς
827 1982 870 2023 δὲ
895 1982 1109 2036 ποιμένας,
1151 1978 1221 2029 οὓς
1250 1979 1509 2030 ἐπισκόπους,
1552 1977 1778 2032 ω’νόμασαν.

334 2037 456 2074 Gloss.
475 2037 520 2075 L.
537 2051 574 2087 g.
590 2045 731 2088 pastor
752 2038 975 2086 ἐπίσκοπος.
1032 2054 1113 2079 των
1131 2040 1299 2090 λογικῶν
1316 2035 1528 2102 προβάτων
1551 2033 1779 2090 αγελᾶρχης,

333 2092 504 2144 Theoph.
537 2095 734 2133 Cerameus
767 2096 865 2135 hom.
897 2095 963 2137 47.
1012 2097 1217 2146 episeopus
1242 2095 1366 2144 primi
1399 2094 1549 2132 ordinis
1579 2093 1779 2140 sacerdos,
1855 2093 1862 2101 ’“

326 2149 485 2199 primus
501 2150 698 2197 sacerdo-,⁹
727 2152 765 2188 S.
783 2151 905 2192 Ambr.
927 2153 976 2191 de
999 2154 1097 2203 dign.
1125 2152 1262 2191 sacerd.
1282 2151 1366 2189 hinc
1391 2145 1587 2202 ἕπισκοπή
1610 2163 1678 2201 pro
1701 2150 1781 2202 epi-

332 2209 498 2256 scopatu.
555 2207 683 2246 lustin.
713 2206 810 2246 Nov.
842 2210 920 2250 123
951 2222 982 2247 c.
1012 2209 1049 2248 1.
1105 2206 1217 2247 Basil.
1251 2207 1424 2245 diaeonus
1453 2207 1571 2245 Conc.
1603 2205 1781 2257 Ephesini

332 2267 437 2312 parte
461 2265 499 2302 1.
558 2263 758 2313 Gregorius
777 2265 996 2315 presbyter
986 2278 1023 2302 m
1046 2265 1120 2302 vita
1139 2263 1308 2313 Gregorii
1327 2262 1526 2312 Theologi:
1566 2261 1690 2302 αἰτῶν
1706 2263 1781 2330 τῆς

333 2318 536 2368 βασιλίδος
571 2315 805 2371 ἐπισκοπήν.
876 2321 1142 2388 Theophanes.
1198 2314 1439 2388 βουλόμενος
1470 2313 1659 2370 Ευτύχην
1689 2314 1780 2358 τινὰ

335 2369 1027 2473 ἷίξέῖἔέῗῖἐῖἰῖἓζ,ἶμῗῃφὲἑῖῗιῑῖῗῖἕῗ
1035 2372 1782 2471 ⁸²25?i'ZZffifflzzffff‘iffffflffs.
1839 2433 1841 2438 f

336 2499 436 2524 nem.
495 2490 532 2524 et
553 2489 796 2540 episcopium
816 2502 882 2540 pro
903 2447 1082 2528 eodem-P
1104 2446 1307 2529 Cafoluslg
1326 2489 1399 2529 R.
1390 2502 1427 2527 m
1446 2488 1550 2539 epist.
1570 2444 1781 2539 adpepisco-

335 2554 403 2592 pos
436 2544 541 2592 regni
570 2545 645 2582 sui:
691 2546 936 2596 episcopium
975 2546 1218 2596 Tungrensis
1252 2544 1436 2582 eeclesiae
1468 2543 1636 2594 expetiit.
1692 2543 1780 2580 item

337 2598 560 2649 episcopium
581 2613 647 2651 pro
667 2602 776 2639 domo
795 2602 978 2653 episcopi,
1007 2603 1145 2653 Synod.
1164 2601 1446 2650 Pontigonensis
1469 2601 1637 2640 ean.12·
1675 2596 1780 2636 Ana-

338 2654 471 2690 stasius
496 2655 532 2692 in
550 2657 674 2694 exsilio
694 2658 734 2698 S.
753 2657 921 2696 Martini:
947 2659 1158 2709 giraturos·
1169 2671 1243 2709 per
1263 2664 1393 2694 totum
1413 2655 1669 2708 episcopium.

453 2717 773 2763 ἓπτασκαλον
801 2723 899 2762 locus
923 2726 1031 2776 cpoli
1053 2739 1076 2765 a
1097 2729 1238 2777 septem
1259 2724 1361 2762 scalis
1383 2725 1435 2763 ita
1451 2725 1697 2774 nuncupatus:
1724 2723 1783 2759 est

340 2776 435 2814 enim
467 2774 593 2818 σκάλα
626 2779 734 2819 scala.
790 2780 1046 2834 Moschopulus
1075 2780 1165 2835 περὶ
1195 2793 1251 2833 σχ.
1276 2777 1465 2832 κλίμαξη
1484 2780 1629 2827 κοιναῖς
1648 2771 1782 2818 σκαλα-
