1916 3210
328 198 426 247 644
723 198 946 244 IOANNIS
976 199 1364 243 CUROPALATAE

325 309 594 367 ὑπειδόμενος,
627 315 768 368 στῖφος
786 309 1070 368 στρατιωτικὸν
1091 310 1328 364 ἀποστείλας
1346 307 1605 370 (Βαρᾶγγους
1619 312 1767 367 αὖτοὺς

326 380 479 435 ἦκοινὴ
506 377 687 432 ὀνομάζει
708 375 939 433 διάλεκτος)
970 377 1223 434 ἀνάρπαστον
1254 380 1297 423 ἔκ
1330 375 1402 424 τόὕ
1433 379 1588 439 θρόνου
1615 382 1767 438 ἀτίμως

187 464 211 496 p
238 462 305 496 809
328 449 556 504 ἐπαίρουσι,
590 448 656 488 καὶ
675 444 827 505 ἡμιόνῳ
849 447 1088 497 καθίσαντες
1106 445 1352 502 συνήλαυνον
1374 447 1468 506 ἄχρι
1494 453 1566 504 τῆς
1592 450 1635 493 ἐν
1650 452 1766 495 Βλα-

321 516 485 572 χέρναις
506 514 628 568 ἀκτῆς
648 511 770 557 αὐτόν
790 530 831 556 τε
851 516 917 556 καὶ
937 514 1031 566 τοὺς
1047 516 1238 570 ἀνεψιοὺς
1256 516 1394 570 αὐτοῦ,
1413 517 1565 559 ἐκεῖθέν
1576 533 1619 560 τε
1631 517 1765 580 λέμβῳ

325 582 579 637 ἐμβληθέντα
613 582 668 632 εἰς
703 576 1002 639 Προικόννησον
1035 584 1313 641 περιορίζουσι.
1393 582 1798 641 κοινολογησάμενυςό

326 652 374 693 δέ
390 665 471 693 τισι
489 654 570 692 τῶν
589 653 891 705 μητροπολιτῶν
915 652 982 693 καὶ
1007 653 1094 709 περὶ
1125 656 1197 706 τῆς
1223 651 1347 695 αὐτοῦ
1377 652 1651 710 καθαιρέσεως
1668 669 1768 697 oum-'-
1817 677 1820 680 >

325 715 668 772 διασκεψάμενος,
702 717 796 768 τοὺς
820 719 1079 775 λογιωτέρους
1109 719 1241 761 αὐτῶν
1268 719 1541 775 ἐπιλεξάμενος
1570 722 1691 776 δηλοῖ
1705 719 1766 764 δι’

326 786 458 830 αὐτῶν
480 785 717 828 ἀποθέσθαι
734 785 807 840 τὴν
824 785 1132 843 ἀρχιερωσύνην,
1164 789 1257 842 πρὶν
1281 786 1331 830 ἂν
1352 789 1502 843 ἀτίμως
1521 788 1647 844 αὐτὴν
1663 788 1768 833 ἄπο-

323 852 499 908 βάληται
526 852 684 911 συνόδῳ
712 855 779 895 καὶ
808 853 988 913 συλλόγῳ
1020 859 1100 898 τῶν
1129 855 1220 897 κατ’
1256 856 1380 899 αὐτοῦ
1413 857 1769 911 δημοσιευθένταηι.

325 921 529 971 ἀνάλωτος
557 922 601 963 δὲ
631 919 787 971 τούτοις
819 921 965 979 ὀφθεὶς
995 926 1062 966 καὶ
1087 923 1372 976 ἀταπείνωτος,
1416 923 1468 967 τά
1489 940 1532 980 γε
1559 924 1625 967 ἔπ’
1656 925 1766 984 αὐτῷ
1778 927 1824 965 10

325 990 552 1045 ἀπέγνωστο
576 988 686 1046 αὐτῷ
713 987 739 1044 ἦ
770 990 1017 1047 καθαίρεσις.
1085 992 1362 1048 φροντίζοντος
1393 993 1438 1034 δὲ
1469 995 1542 1035 τοῦ
1571 993 1770 1047 βασιλέως

276 1068 305 1103 Β
330 1059 418 1114 περὶ
439 1056 587 1112 ταύτης
603 1059 810 1111 διηνεκῶς,
853 1057 895 1099 ἓν
912 1062 968 1116 τῷ
985 1057 1095 1117 μέσῳ
1114 1059 1374 1114 μεταλλάττει
1393 1060 1462 1103 τὸν
1476 1060 1565 1114 βίον
1583 1059 1605 1103 ὅ
1623 1077 1770 1119 πατρι-

328 1126 455 1181 άρχης
479 1127 693 1181 εἰρηνικῶς.
736 1123 757 1167 ὃ
780 1126 825 1168 δὲ
838 1126 1028 1180 βασιλεὺς
1044 1128 1234 1187 μετανοίᾳ
1253 1130 1423 1183 βληθεὶς
1440 1128 1486 1170 τὸ
1507 1113 1770 1183 σῶμθαῦτοῦ

327 1192 473 1250 εἰσάγει
495 1194 660 1247 ἐντίμως
676 1194 742 1235 καὶ
764 1197 815 1249 τῇ
829 1198 934 1251 μονῇ
949 1194 1072 1237 αὐτοῦ
1090 1194 1348 1247 ἀποτίθεται,
1391 1196 1596 1252 ἐκπλαγεὶς
1621 1196 1684 1238 ἐπὶ
1709 1200 1769 1254 τῷ
1822 1245 1826 1247 Δ

326 1259 527 1315 συμβάντι
549 1260 733 1315 θαύματι
752 1260 874 1312 αὐτός
891 1279 934 1304 τε
952 1264 1019 1305 καὶ
1040 1263 1077 1304 οἱ
1096 1262 1170 1306 σὺν
1191 1263 1301 1322 αὐτῷ
1310 1264 1337 1289 ’⁸
1356 1261 1382 1318 ἦ
1403 1264 1481 1321 γὰρ
1494 1265 1582 1320 χεὶρ
1607 1262 1635 1320 ἦ
1656 1264 1766 1315 δεξιὰ
1779 1274 1823 1311 15

325 1335 397 1372 τοῦ
415 1327 664 1386 πατριάρχου
685 1332 950 1389 σταυροειὸῶς
968 1335 1304 1386 σχηματισθεῖσα,
1331 1326 1359 1389 ᾖ
1377 1330 1474 1382 ἔθος
1494 1332 1664 1388 εὐλογεῖν
1681 1333 1770 1375 ἔπι-

324 1402 523 1454 φωνοῦντι
541 1401 597 1455 τῷ
617 1401 704 1455 λαῷ
719 1397 791 1452 τὴν
811 1397 980 1453 εἰρήνην,
999 1399 1215 1454 μεμένηκεν
1228 1398 1433 1456 ἄτρεπτος,
1453 1399 1510 1455 μὴ
1524 1404 1770 1443 συναλλοιω-

323 1470 445 1508 θεῖσα
465 1470 515 1522 τῇ
535 1463 720 1521 νεκρώσει
733 1470 805 1508 τοῦ
822 1465 1023 1521 σώματος.
1064 1469 1349 1525 προχειρίζεται
1365 1469 1408 1510 δὲ
1429 1467 1519 1510 ἀντ’
1542 1467 1669 1511 αὐτοῦ
1687 1484 1770 1510 πα·-

325 1532 519 1590 τριάρχης
529 1535 830 1584 Κωνσταντῖνος
840 1532 1034 1591 πρόεδρος
1043 1537 1109 1577 καὶ
1121 1533 1482 1592 πρωτοβεστιάριος
1492 1533 1513 1577 ὃ
1523 1533 1766 1591 Λειχοῦδης,

323 1599 518 1657 πρότερον
537 1599 684 1657 ψήφου
712 1599 920 1658 προβάσης
937 1602 1002 1643 ἐπ’
1024 1603 1135 1660 αὐτῷ’
1151 1603 1262 1659 παρὰ
1282 1607 1362 1645 τῶν
1377 1607 1680 1660 μητροπολιτῶν
1699 1605 1830 1646 naim>

324 1673 397 1711 τοῦ
419 1667 568 1725 κλήρου
588 1669 654 1710 καὶ
675 1673 746 1711 τοῦ
772 1673 870 1711 λαοῦ
899 1667 1068 1721 παντός,
1103 1670 1203 1727 ἀνὴρ
1225 1670 1410 1726 μέγιστον
1430 1669 1668 1726 διαλάμψας
1684 1677 1768 1722 τοῖς

324 1740 546 1789 βασιλικοῖς
575 1737 642 1777 καὶ
673 1740 887 1786 πολιτικοῖς
908 1736 1136 1794 πράγμασιν
1159 1737 1236 1780 ἀπό
1257 1755 1298 1780 τε
1326 1741 1399 1781 τοῦ
1415 1737 1672 1794 Μονομάχου
1699 1741 1768 1783 καὶ

278 1813 308 1847 C
330 1805 448 1862 μέχρι
468 1808 542 1847 τοῦ
565 1803 749 1861 τηνικάδε
771 1809 932 1862 καιροῦ,
966 1807 1032 1848 καὶ
1054 1805 1155 1861 μέγα
1172 1807 1286 1857 κλέος
1308 1806 1372 1849 ἐπὶ
1397 1810 1457 1866 τῷ
1478 1811 1675 1867 μεσασμῷ
1695 1810 1770 1863 τῆς

324 1932 468 1967 militum
492 1931 594 1975 misit,
629 1931 690 1977 qui
715 1933 883 1967 communi
905 1933 1023 1979 lingua
1042 1933 1258 1980 appellantur
1278 1934 1450 1980 Barangi3
1481 1935 1543 1980 qui
1565 1935 1676 1981 ipsum
1698 1946 1769 1985 nop

325 1979 401 2012 sine
428 1977 617 2022 ignominia
648 1989 668 2011 e
698 1978 823 2012 throno
854 1986 1048 2025 correptum
1072 1991 1115 2014 ac
1137 1980 1223 2014 mulo
1250 1981 1445 2026 impositum
1469 1991 1580 2026 usque
1601 1981 1649 2015 ad
1669 1980 1770 2016 littus

324 2024 420 2068 quod
449 2028 505 2058 est
535 2023 572 2056 in
593 2022 793 2058 Blachernis
828 2024 1042 2070 impellentes
1065 2026 1300 2071 deduxerunt,
1337 2031 1372 2060 et
1394 2026 1505 2071 ipsum
1535 2031 1571 2060 et
1593 2026 1769 2071 patrueles

325 2064 412 2113 eiius,
437 2074 542 2114 atque
563 2068 645 2103 inde
666 2070 776 2103 lembo
801 2070 995 2115 impositum
1018 2071 1060 2105 ad
1082 2071 1348 2116 Proconnesum,
1371 2077 1410 2106 ut
1432 2071 1616 2117 exsularet,
1639 2072 1768 2117 perdu-

325 2116 468 2149 cendum
491 2118 624 2148 curant.
670 2114 747 2160 ipse
776 2126 850 2149 cum
879 2116 1049 2161 aliquibus
1082 2117 1308 2163 metropolitis
1341 2117 1530 2152 collocutus
1558 2122 1596 2152 et
1622 2118 1667 2152 de
1689 2117 1767 2163 ipso

325 2160 530 2204 abdicando,
564 2160 826 2205 spectatissimis
848 2160 1001 2206 ipsorum
1023 2162 1143 2197 electis
1167 2173 1284 2197 eorum
1307 2174 1413 2208 opera
1435 2162 1571 2198 nuntiat
1591 2167 1631 2198 nt
1652 2163 1769 2198 archi-

326 2206 559 2250 episcopatum
580 2207 748 2251 deponat,
782 2206 977 2252 priusquam
999 2207 1111 2253 ipsum
1133 2219 1208 2242 cum
1231 2209 1401 2243 dedecore
1423 2208 1578 2252 amittat,
1611 2207 1656 2243 iis
1677 2219 1770 2263 quae

326 2256 447 2285 contra
477 2251 590 2296 ipsum
621 2252 763 2286 decreta
792 2258 891 2287 erant
921 2253 1090 2298 expositis
1121 2259 1157 2288 et
1185 2254 1373 2299 propalatis
1395 2254 1527 2296 synodo
1551 2258 1587 2288 et
1608 2253 1769 2289 concilio.

326 2298 389 2331 sed
412 2307 486 2330 cum
504 2296 591 2341 ipsis
614 2297 710 2332 visus
734 2305 827 2332 esset
848 2298 1014 2333 eiusmodi
1037 2299 1097 2344 qui
1117 2300 1307 2344 expugnari
1324 2304 1361 2334 et
1381 2298 1526 2345 deprimi
1547 2310 1618 2334 non
1637 2302 1770 2346 posset,

326 2347 490 2386 quantum
516 2343 560 2377 ad
582 2342 694 2387 ipsum
717 2344 900 2388 attinebat,
923 2345 1105 2390 desperata
1127 2345 1195 2379 fuit
1217 2344 1388 2391 depositio
1411 2344 1620 2386 sacerdotii3
1643 2346 1688 2379 de
1701 2355 1770 2390 qua

326 2388 537 2431 imperatore
559 2388 698 2423 assidue
721 2388 909 2434 cogitante,
940 2390 1075 2424 interea
1095 2390 1201 2425 vitam
1225 2402 1299 2425 cum
1322 2395 1432 2425 morte
1454 2390 1648 2436 patriarcha
1673 2396 1771 2426 tran-

325 2432 432 2478 quille
454 2439 650 2468 commutat.
697 2435 795 2468 cuius
814 2446 939 2479 corpus
961 2435 1168 2481 imperator,
1203 2438 1295 2482 quod
1316 2436 1427 2481 ipsum
1449 2437 1515 2470 iam
1538 2436 1769 2482 poenituerat,

326 2478 516 2512 honorifice
538 2479 789 2523 importandum
814 2485 848 2515 et
871 2481 909 2514 in
929 2491 991 2515 suo
1014 2482 1221 2516 monasterio
1244 2482 1476 2528 reponendum
1498 2487 1611 2526 curat,
1632 2481 1770 2527 percul-

327 2535 385 2557 sus
409 2535 450 2558 eo
474 2524 635 2559 miraculo
661 2526 752 2569 quod
775 2525 959 2571 acciderat,
984 2538 1052 2560 non
1074 2527 1150 2572 ipse
1173 2528 1273 2562 modo
1296 2527 1357 2562 sed
1382 2538 1497 2560 omnes
1519 2527 1578 2571 qui
1601 2538 1675 2562 cum
1691 2526 1768 2572 ipso

328 2574 439 2606 erant.
486 2581 563 2604 nam
586 2571 709 2604 dextra
732 2571 949 2616 patriarchae
973 2583 1092 2606 manus
1116 2573 1152 2606 in
1175 2573 1286 2607 crucis
1308 2573 1450 2617 figuram
1474 2573 1706 2617 conformata,
1730 2576 1770 2606 ut

326 2625 399 2649 mos
422 2618 476 2648 est
497 2616 725 2650 benedicendi
748 2616 873 2661 populo
897 2616 1097 2651 acclamanti
1118 2629 1256 2663 pacem,
1278 2618 1329 2652 ita
1350 2618 1448 2652 firma
1473 2618 1678 2662 permansit,
1704 2628 1770 2652 ne-

328 2670 396 2704 que
419 2671 494 2694 cum
518 2667 650 2694 mortuo
675 2673 820 2706 corpore
844 2668 898 2696 est
920 2662 1108 2697 immutata.
1154 2664 1326 2698 sufficitur
1354 2663 1388 2696 in
1421 2663 1494 2697 eius
1523 2662 1632 2697 locum
1656 2662 1769 2709 patri-

327 2705 432 2738 archa
452 2705 698 2740 Constantinus
721 2707 894 2742 Lichudes
915 2719 1056 2753 praeses
1077 2713 1113 2743 et
1129 2708 1427 2753 protovestiarius,
1450 2707 1509 2753 qui
1527 2709 1623 2754 prius
1641 2713 1768 2743 metro-

326 2749 555 2794 politanorum
579 2756 616 2785 et
643 2751 730 2785 cleri
760 2752 935 2798 totiusque
958 2753 1076 2799 populi
1098 2754 1274 2799 suffragiis
1297 2753 1450 2788 delectus
1472 2754 1608 2799 fuerat,
1644 2753 1700 2788 vir
1721 2753 1766 2786 ob

326 2794 425 2838 regia
456 2801 561 2840 atque
592 2796 709 2831 civilia
742 2809 883 2832 munera
911 2798 1120 2834 clarissimus
1154 2811 1176 2834 a
1192 2799 1434 2834 monomacho
1467 2810 1576 2844 usque
1607 2798 1651 2834 ad
1681 2797 1765 2831 illud

325 2846 480 2885 tempus;
513 2841 641 2887 quique
672 2854 824 2887 magnam
852 2843 997 2889 gloriam
1029 2845 1073 2880 ob
1106 2844 1160 2879 rei
1181 2844 1339 2892 publicae
1360 2843 1685 2881 administrationem
1707 2853 1767 2878 re·
