1916 3210
321 167 419 215 850
741 161 1035 206 XYLANDRI
1067 160 1140 202 ET
1175 159 1350 204 GOARI

323 277 416 315 toris
437 274 559 327 legati
578 285 666 310 cum
689 269 918 310 muneribus
939 277 976 307 et
995 268 1168 321 epistolis
1187 269 1246 308 ad
1264 269 1516 308 Ludovc'eum
1530 283 1663 323 regem
1680 262 1772 311 Ra‘-

323 333 514 371 tisbonam
536 336 750 374 venerunt,
787 334 907 379 atque
937 327 974 364 ei
993 328 1096 364 inter
1115 333 1243 364 cetera
1261 328 1379 364 xenia
1398 327 1630 378 crystallum
1648 329 1774 367 mirae

322 386 625 439 magnitudinis,
652 398 751 422 auro
765 385 1011 435 gemmisque
1027 383 1213 434 pretiosis
1230 390 1434 428 ornatum,
1454 397 1546 420 cum
1560 391 1677 434 parte
1693 399 1775 423 non

323 445 476 483 modica
498 441 729 492 salutf'fhrae
756 441 885 478 crucis
913 439 1163 485 obtulerunt,
1206 441 1278 491 qui
1300 439 1513 487 honor-fiee
1543 443 1712 492 suseepti
1735 448 1774 479 et

323 512 498 552 congrua
515 499 761 548 responsione
781 503 944 546 accepta
965 496 1166 533 redierunt
1184 495 1244 533 ad
1258 509 1347 534 sua.
1407 496 1545 534 GOAR.

433 559 463 595 t.
484 554 519 592 II
547 569 585 606 p.
604 557 681 595 221
701 567 737 595 v.
756 552 796 594 4.
852 551 878 594 ὅ
898 549 1030 605 ὄῖρχων
1053 552 1266 605 Φραγγίας]
1297 552 1499 591 Ludovicus
1517 552 1647 591 iunctis
1663 552 1772 593 arnis

322 624 404 651 cum
419 611 531 649 fratre
546 610 723 648 Lothario
741 610 926 661 Capuam,
954 610 1206 648 Beneventum
1218 638 1231 658 ,
1258 609 1392 648 deinde
1409 608 1558 648 Barium
1580 608 1772 648 Saracenis

322 668 465 719 eripuit.
521 667 662 705 Seodas
682 679 830 716 quoque
849 677 974 704 eorum
999 666 1168 716 princeps
1191 669 1320 716 captus
1340 676 1384 703 ac
1409 677 1491 703 cum
1512 665 1587 703 suis
1604 677 1628 703 a
1647 664 1775 704 Ludo·-
1797 662 1800 666 ’

319 725 399 763 vico
416 723 615 761 trucidatus
634 723 790 762 refertur
807 734 830 760 a
847 721 975 760 Leone
992 721 1157 759 Ostiensi
1185 723 1205 761 1
1231 723 1286 761 37
1301 725 1343 760 et
1360 723 1428 763 38.
1485 721 1586 772 apud
1603 733 1712 772 quem
1726 721 1776 760 de

320 779 449 830 quovis
476 780 640 830 principe
659 779 922 817 Saracenorum
952 778 1123 816 fortunae
1155 777 1312 816 ludibria
1331 778 1507 816 irridente
1530 776 1644 817 altum
1662 777 1775 817 silen-

320 837 424 876 tium.
481 835 670 873 veritatem
688 835 860 873 historiae
879 834 1024 884 require
1042 847 1080 885 p.
1102 830 1197 875 142.
1254 833 1389 872 GOAR.
1730 872 1732 874 .

432 891 506 928 t.11
534 905 572 942 p.
591 891 672 933 225
693 904 728 930 v.
750 893 814 932 10.
871 892 991 930 πλοῖα
1016 887 1197 942 μέγιστα]
1227 902 1250 928 a
1267 890 1459 930 Saracenis
1488 893 1619 930 vocata
1647 897 1775 944 κουμ-

319 943 467 999 noima,
512 947 649 998 inquit,
701 959 744 986 ac
772 946 920 985 inferius
950 942 977 986 ἃ
1008 942 1059 998 δή
1093 945 1234 999 γαλὲας
1265 943 1548 1000 κατονομάζειν
1583 943 1771 988 εἰώθασι.

322 1004 448 1042 GoAn.

435 1062 463 1098 t.
479 1058 512 1095 II
540 1072 577 1110 p.
598 1058 681 1098 228
700 1071 735 1097 v.
757 1059 822 1100 18.
878 1058 989 1110 quod
1002 1057 1265 1109 baptismam]
1305 1059 1485 1107 divinavi,
1524 1060 1645 1099 verbis
1664 1061 1776 1100 etiam

323 1115 485 1154 obscuris
504 1116 794 1166 interpretandis,
853 1116 986 1164 credo,
1024 1115 1111 1166 quia
1130 1115 1310 1167 baptismo
1331 1115 1472 1154 eiurato
1491 1116 1645 1155 fuissent
1663 1117 1778 1156 Sara-

325 1173 408 1210 ceni
425 1170 511 1208 facti
534 1174 573 1209 et
595 1172 760 1220 recutiti,
800 1184 883 1210 eum
910 1172 980 1210 hoc
1012 1170 1168 1210 voluisse
1195 1173 1337 1220 dicere,
1380 1173 1490 1210 cutim
1509 1173 1669 1224 ipsorum
1689 1186 1779 1225 pro-

323 1229 441 1280 priam
461 1239 535 1264 non
561 1239 644 1265 esse
675 1228 743 1266 sed
764 1227 933 1278 religioni
961 1231 1223 1267 consecratam.
1278 1228 1394 1267 altero
1416 1241 1527 1280 supra
1547 1241 1654 1267 versu
1675 1226 1776 1270 κατ-οἳ

323 1286 452 1335 νῆσον
471 1283 564 1321 verti
596 1296 663 1335 per
687 1284 844 1324 insulas:
882 1285 1046 1322 nondum
1077 1285 1175 1323 enim
1199 1287 1281 1324 erat
1307 1288 1456 1337 recepta
1475 1284 1601 1326 Creta.
1656 1284 1779 1327 Nasar

323 1340 423 1392 apud
441 1338 624 1377 Zonaram
639 1343 789 1378 vocatur
806 1339 959 1380 Narsas.
1014 1341 1119 1378 XYL.

435 1398 465 1433 t·
482 1395 516 1432 II
538 1408 575 1447 p·
595 1396 678 1437 231
697 1409 731 1435 v.
750 1395 787 1436 5⁷.
844 1395 1222 1449 πρωτοβεστιάριος]
1265 1396 1318 1435 rei
1351 1396 1544 1436 vestiariae
1575 1409 1668 1449 prae
1695 1397 1780 1437 reli-

325 1451 407 1501 quis
429 1450 486 1490 hie
504 1456 685 1503 praeerat.
742 1451 925 1491 Meursius
950 1453 999 1492 de
1017 1453 1081 1491 illo
1102 1453 1210 1502 clare,
1235 1453 1357 1502 docte,
1385 1454 1467 1492 fuse
1486 1466 1521 1493 v.
1541 1448 1780 1509 βεστιάριος.

326 1508 457 1548 GoAR.

436 1561 517 1655 t.dII
545 1575 584 1614 p.
601 1562 742 1657 &Pb-v,
762 1564 827 1657 15³5.
881 1559 1043 1618 πρώτου
1059 1566 1139 1605 τῶν
1160 1560 1416 1618 ἱπποκόμων]
1444 1565 1508 1616 qui
1530 1561 1780 1619 πρωτοστρᾶ-

325 1632 426 1672 τωρ,
441 1631 512 1711 ib.e
527 1631 666 1716 31022]
693 1631 909 1730 ''fivaagsigi
926 1672 1097 1727 ἄρχοντα
1115 1689 1190 1715 uno
1210 1676 1386 1715 vocabulo
1407 1673 1655 1730 ἕταιριᾶρχην
1673 1680 1781 1727 vocat

327 1730 520 1824 3221}qu
562 1730 924 1782 confoederatorum
948 1732 1106 1779 dzwem,
1143 1734 1192 1772 de
1218 1745 1293 1784 quo
1326 1734 1400 1772 iam
1427 1734 1575 1773 abunde
1598 1734 1777 1787 superius.

439 1816 465 1881 t‘.
483 1843 520 1880 ΙΙ
547 1856 586 1895 p.
605 1845 687 1885 233
708 1856 744 1882 v.
769 1842 832 1885 14.
891 1840 980 1885 οὐδ’
999 1840 1269 1896 ἅλαοσκοπιῆν
1291 1840 1384 1896 εἶχε]
1405 1844 1443 1883 in
1456 1846 1622 1895 margine
1636 1848 1782 1896 τυφλο-

330 1894 514 1948 σκοπιήν.
572 1904 630 1937 est
645 1904 770 1939 autem
786 1901 1032 1950 Homericum,
1061 1901 1163 1939 Iliad.
1183 1898 1219 1940 κ’
1241 1902 1289 1939 de
1310 1901 1478 1952 Apolline
1503 1909 1540 1940 et
1557 1902 1652 1941 alibi.
1677 1903 1782 1942 XYt..

330 1996 332 1998 ,
441 1954 494 1991 ib.
529 1967 564 1993 v.
594 1958 661 1996 21.
718 1958 800 1997 τῶν
822 1952 1165 2010 ἄρχιστρατήγων]
1194 1957 1382 1996 Michaelis
1404 1961 1444 1996 et
1467 1957 1646 1998 Gabrielis
1664 1959 1784 1998 caele-

329 2010 593 2104 gLsAelrlxercitus
612 2012 756 2063 ducum,
783 2026 808 2052 a
827 2013 978 2053 Graecis
997 2013 1103 2052 simul
1122 2015 1321 2066 praecipua
1337 2015 1571 2054 veneratione
1590 2015 1783 2055 cultorum.

441 2095 473 2162 ι’.
491 2122 525 2160 11
552 2136 590 2174 p.
609 2125 692 2166 236
715 2137 750 2165 v.
771 2126 836 2166 11.
904 2124 1180 2177 Diaconiczes]
1227 2126 1339 2165 credo
1381 2126 1495 2165 fluum
1531 2126 1781 2178 Chrysochiris

330 2179 455 2227 fuisse,
483 2180 559 2225 eius
577 2180 639 2229 qui
658 2193 767 2232 supra
785 2184 989 2221 ostenditur
1006 2184 1231 2222 interfectus.
1259 2183 1394 2232 alioqui
1415 2183 1585 2222 famulum
1604 2185 1784 2234 significat

331 2248 423 2328 νΧοζὲ
458 2235 574 2274 forma
593 2237 824 2287 diminutiva,
859 2252 883 2278 a
901 2240 1056 2278 diacono
1068 2266 1082 2288 ‚
1117 2243 1159 2277 ut
1177 2238 1453 2291 Theophilitzes
1475 2253 1543 2293 pro
1562 2239 1781 2293 Theophilo.

445 2344 500 2383 ib.
531 2358 566 2385 v.
594 2349 659 2388 19.
715 2346 940 2403 Διομήδην]
967 2352 1067 2390 cuius
1089 2351 1264 2404 templum
1281 2347 1505 2406 ἐξῶπορτα,
1540 2356 1642 2392 extra
1657 2353 1784 2392 urbem

332 2401 446 2442 fuisse
461 2404 625 2441 ostendit
643 2404 917 2458 Euchologium.
974 2408 1103 2446 Gom.
1605 2453 1609 2459 ,

444 2457 498 2495 ib.
529 2471 564 2497 v.
593 2462 662 2501 23.
717 2466 798 2503 τῶν
818 2465 1215 2517 πρωτοσπαθαρίωυ]
1248 2461 1470 2519 σπαθοὶριοι
1492 2466 1664 2504 satellites
1685 2468 1785 2514 sunt,

334 2517 372 2552 at
390 2514 521 2565 spatha
542 2518 688 2556 armati:
717 2521 779 2570 qui
797 2525 965 2572 praeest,
993 2517 1374 2576 πρωτοσπαθοὶριος,
1403 2525 1463 2572 qui
1489 2523 1599 2562 etiam
1627 2523 1785 2574 impera-

333 2573 450 2608 torem
470 2583 556 2610 ense
573 2573 794 2624 accingebat.
853 2577 980 2618 Gom.

351 2677 362 2693 ‹-
403 2675 413 2688 Ι
447 2628 475 2663 t·
494 2626 526 2664 Π
554 2641 594 2679 p·
616 2632 698 2673 238
716 2645 753 2670 v.
774 2633 840 2672 11.
897 2634 1052 2679 aedem,
1091 2640 1136 2670 ιιι
1164 2635 1225 2670 ait
1248 2640 1397 2684 poeta,
1437 2632 1652 2685 vigentem]
1681 2629 1785 2674 νεῶν

332 2680 530 2747 ηβοωνιῑα.
589 2697 678 2725 sane
693 2692 749 2726 est
767 2690 996 2728 scribendum
1019 2685 1229 2742 ἦβαίωντα.
1287 2691 1350 2741 qui
1377 2702 1477 2728 error
1506 2704 1566 2730 me
1595 2694 1722 2729 monet
1745 2693 1787 2727 ut

333 2748 400 2785 pro
419 2750 522 2778 νεων
540 2743 692 2781 sentiam
710 2744 872 2783 fortassis
891 2745 1004 2797 νέον,
1038 2750 1080 2784 ut
1101 2750 1158 2785 est
1178 2747 1278 2798 apud
1300 2750 1470 2798 poetam,
1501 2747 1688 2798 scripsisse
1710 2746 1784 2784 Ce-

332 2791 483 2831 drenum
498 2823 508 2842 ,
551 2795 691 2847 aliquos
719 2802 976 2853 suspicaturos.
1033 2815 1104 2853 ego
1134 2806 1258 2842 tamen
1284 2802 1449 2843 allusisse
1478 2804 1593 2843 modo
1620 2815 1702 2842 eum
1733 2802 1783 2840 ad
