1916 3210
320 175 443 242 '572
818 192 1055 236 GEORGII
1082 192 1323 236 cannam

342 309 415 365 τὴν
436 304 649 361 ἐπιβουλὴν
671 301 807 364 φεύγει
826 304 929 360 μετὰ
947 309 1028 348 τῶν
1050 303 1125 349 σὺν
1145 303 1276 363 αὐτῷ,
1309 303 1376 346 καὶ
1396 299 1510 347 πόλιν
1529 301 1785 363 ὂχυρωτᾶτην

342 374 551 429 κατασχὼν
573 375 613 417 ἐν
630 375 895 430 Χωρασμίοις
910 371 1112 429 κειμένην,
1144 371 1233 429 ἥτις
1255 369 1408 429 Πάσαρ
1425 369 1676 427 ὠνόμασται,
1711 373 1785 417 ἆν-

341 447 505 493 τίπαλος
521 443 678 498 ,γίνεται
703 445 761 500 τῷ
788 439 1007 500 σουλτάνῳ.
1074 439 1096 485 ὃ
1116 441 1161 484 δὲ
1177 441 1222 485 τὸ
1242 444 1313 484 νῦν
1331 439 1420 494 ἔχον
1439 439 1540 498 πρὸς
1555 443 1696 484 τοῦτον
1711 441 1786 496 μὲν

200 513 231 552 P
255 517 323 554 770
346 514 597 565 διαπολεμεῖν
616 509 688 553 οὐκ
703 510 937 564 ἐδοκίμασε,
965 506 1100 560 πάσας
1118 510 1163 553 δὲ
1179 509 1254 559 τὰς
1274 506 1417 551 ἑαυτοῦ
1434 506 1624 563 δυνάμεις
1639 507 1788 568 ἀθροί-

341 597 418 630 σας
435 578 566 622 &aaut
582 577 686 621 κατὰ
704 582 783 621 τῶν
796 576 992 636 Ἀράβων,
1017 580 1084 620 καὶ
1100 576 1234 633 μάχης
1249 576 1457 633 γενομένης
1472 573 1591 619 πάλιν
1604 575 1819 634 τρέπεταιό

341 649 409 691 καὶ
438 644 573 697 αὐτός.
637 646 869 690 ἐπανελθὼν
895 647 940 690 δὲ
967 646 1045 689 ἀπὸ
1072 650 1144 701 τῆς
1169 650 1344 704 τροπῆς,
1372 646 1440 687 καὶ
1467 643 1525 700 μὴ
1555 643 1688 702 φέρων
1715 644 1790 706 τὴν
1818 692 1821 695 Δ

342 714 534 770 αἰσχύνην
565 714 633 757 καὶ
662 714 708 757 τὸ
739 714 820 757 ἀπὸ
854 718 926 758 τοῦ
955 716 1246 770 Κουτλουμοῦς
1279 712 1431 764 ὄνειδος
1438 743 1453 765 ,
1493 711 1613 763 αὐτὸς
1642 711 1716 767 μὲν
1736 709 1790 766 .ᾳῦ

343 788 528 827 πλεῖστον
551 785 709 837 πλῆθος
732 782 946 837 ἀναλαβὼν
967 781 1124 826 ἄπεισιν
1149 784 1205 833 εἰς
1230 781 1277 825 τὸ
1301 779 1482 834 Πάσαρ,
1511 781 1580 823 καὶ
1600 776 1790 833 διετέλεσε

345 855 633 908 προσπολεμῶν
657 851 775 908 μέχρι
805 855 955 894 πολλοῦ
975 855 1033 908 τῷ
1056 851 1185 909 οἰκείῳ
1207 850 1359 908 ἀνεψιῷ
1370 880 1383 901 ,
1413 852 1462 906 τῇ
1484 845 1697 906 ὀχυρότητι
1717 850 1790 903 τῆς

344 919 496 970 πόλεως
532 923 757 976 θαρροῦντι
782 920 861 962 ,καὶ
895 917 1088 970 πολλάκις
1129 914 1435 962 ἀναπεταννῦντι
1463 915 1537 966 τᾶς
1565 913 1696 968 πύλας
1719 916 1787 959 καὶ
1799 918 1845 956 10

346 987 587 1045 ἐξερχομένῳ
617 989 684 1030 καὶ
715 986 762 1029 οὔ
796 991 949 1045 μικρῶς
976 986 1070 1037 τοὺς
1094 988 1184 1044 περὶ
1212 986 1282 1029 τὸν
1313 982 1532 1029 σουλτᾶνον
1558 981 1790 1038 βλάπτοντι.

346 1055 448 1099 κατὰ
481 1056 526 1097 δὲ
546 1053 752 1110 Ῥωμαίων
781 1053 950 1110 δύναμιν
978 1055 1164 1108 ἐκπέμπει
1192 1052 1349 1111 ἑτέραν,
1383 1052 1490 1110 ἀμφὶ
1507 1051 1581 1103 τὰς
1601 1049 1638 1095 κ’
1654 1049 1790 1107 χιλιά-

346 1126 443 1176 δας,
473 1123 694 1182 στρατηγὸν
711 1121 926 1179 ἐπιστήσας
941 1123 1047 1180 αὐτῇ
1063 1120 1343 1180 ἀδελφόπαιδα
1358 1120 1478 1165 Ἀσᾶν
1492 1120 1563 1164 τὸν
1580 1118 1791 1177 λεγόμενον

290 1199 319 1233 Β
345 1190 508 1249 κωφόν,
551 1191 779 1247 ἐπισκήψας
814 1191 887 1247 τὴν
926 1193 1115 1247 ταχίστην
1143 1190 1367 1249 ἀφικέσθαι
1400 1190 1467 1232 καὶ
1497 1189 1532 1232 εἲ
1561 1188 1790 1247 προχωροίη

344 1257 682 1318 προσκτήσασθαι
706 1259 816 1320 αὐτῷ
836 1260 910 1317 τὴν
930 1261 1116 1316 Μηδίαν.
1182 1259 1251 1303 καὶ
1274 1262 1403 1302 ταῦτα
1421 1258 1494 1314 μέν
1514 1255 1727 1316 ἐπράττετο
1747 1257 1788 1299 ἐν
1801 1264 1845 1301 15

345 1330 531 1387 Περσίδι.
1703 1353 1705 1355 v

478 1393 738 1453 Παγκράτιος
761 1395 805 1439 δὲ
826 1393 848 1438 ὅ
869 1399 941 1450 τῆς
957 1394 1134 1452 Ἰβηρίας
1155 1390 1327 1451 ἀρχηγός
1339 1424 1353 1446 ,
1383 1389 1603 1443 ἀκόλαστος
1627 1389 1793 1448 ἅνθρω-

345 1482 420 1515 πος
429 1496 442 1516 ,
477 1464 518 1515 ἒς
534 1468 607 1507 τοῦ
624 1466 857 1520 Λιπαρίτου
874 1463 946 1517 τὴν
964 1465 1098 1518 κοίτην
1115 1464 1327 1519 ἐξυβρίσας
1356 1461 1374 1513 (
1383 1456 1431 1516 ἦν
1452 1461 1496 1503 δὲ
1515 1458 1537 1503 ὅ
1558 1460 1793 1517 Λιπαρίτης

344 1533 431 1583 υἱὸς
458 1536 532 1576 τοῦ
557 1533 620 1574 ἐπὶ
647 1537 718 1575 τοῦ
745 1531 943 1586 βασιλέως
971 1532 1184 1574 Βασιλείου
1215 1531 1256 1573 ἓν
1282 1534 1340 1588 τῷ
1367 1529 1470 1586 πρὸς
1492 1527 1562 1571 τὸν
1591 1530 1633 1569 Γ
1628 1525 1791 1585 εώργιον

346 1601 505 1658 πολέμῳ
527 1600 807 1657 ἀναιρεθέντος
818 1598 1006 1657 Ὁρατίου
1028 1603 1100 1642 τοῦ
1119 1599 1376 1655 Λιπαρίτου,
1409 1598 1472 1639 ἐπὶ
1494 1596 1646 1639 συνέσει
1663 1613 1706 1638 τε
1722 1596 1845 1638 naim

346 1669 489 1728 ἀνδρίᾳ
511 1669 756 1723 βεβοημένος
783 1669 850 1710 καὶ
877 1665 1033 1723 μεγάλα
1060 1667 1162 1722 μετὰ
1191 1666 1260 1709 τὸν
1287 1663 1544 1722 Παγκράτιον
1574 1661 1792 1718 δυνάμενος

347 1739 389 1780 ἐν
418 1743 502 1787 τοῖς
519 1736 728 1794 Ἴβηρσιν)
762 1734 960 1792 ἠνάγκασε
989 1739 1130 1779 τοῦτον
1159 1735 1223 1777 ἐπὶ
1252 1737 1310 1791 τῷ
1340 1731 1515 1789 γεγονότι
1544 1729 1791 1786 δεινοπαθή-

349 1822 476 1849 σαντα
494 1804 598 1848 ὅπλα
617 1805 709 1847 κατ’
732 1805 854 1847 αὐτοῦ
877 1808 1048 1859 κινῆσαι.
1114 1804 1183 1845 καὶ
1201 1793 1361 1860 πολέμῳ
1380 1805 1521 1844 τοῦτον
1539 1797 1792 1857 τρεψάμενος

295 1881 326 1916 C
350 1876 405 1926 εἷς
428 1874 480 1917 τὰ
502 1871 718 1916 Καυκάσια
738 1874 806 1917 καὶ
824 1871 897 1927 τὴν
918 1871 1032 1915 ἔνδον
1050 1868 1259 1914 ἀπελαύνει
1273 1870 1489 1926 Ἀβασγίαν
1499 1901 1512 1921 ,
1545 1870 1587 1914 ἐν
1608 1874 1691 1919 τοῖς
1712 1872 1793 1923 βα-

434 2004 458 2039 2
479 1999 698 2048 καταλαβών
721 2002 752 2037 C
887 2002 910 2037 3
932 1998 998 2047 τό]
1022 1998 1092 2036 τὸν
1116 2001 1147 2036 C
1283 1999 1307 2036 5
1327 1999 1403 2035 τῶν
1425 2010 1479 2034 om
1500 1998 1532 2034 C

346 2118 452 2151 foret.
499 2115 561 2150 sed
595 2115 817 2150 Cutlumusus
847 2113 991 2150 insidias
1022 2114 1177 2150 sentiens
1209 2125 1285 2149 cnm
1314 2113 1387 2148 suis
1409 2112 1521 2159 fugit3
1547 2112 1734 2158 urbemque
1755 2111 1794 2146 in

348 2163 561 2197 Chorasmiis
581 2161 701 2206 sitam,
726 2161 782 2195 cui
802 2160 912 2195 Pasar
929 2172 1072 2206 nomen,
1097 2160 1355 2195 munitissimam
1378 2169 1549 2205 occupans
1569 2158 1704 2193 sultano
1728 2159 1793 2192 ad-

348 2213 521 2242 versatur.
569 2208 723 2242 sultanus
756 2208 793 2240 in
824 2206 1023 2252 praesentia
1053 2219 1094 2241 eo
1127 2206 1252 2241 omisso
1287 2217 1361 2240 cum
1396 2205 1552 2239 omnibus
1582 2203 1654 2239 suis
1682 2203 1796 2250 copiis

349 2259 471 2288 contra
492 2254 624 2289 Arabes
648 2252 897 2299 proficiscitur,
924 2258 959 2288 et
981 2254 1025 2287 ab
1048 2252 1093 2287 iis
1114 2251 1190 2297 ipse
1211 2263 1347 2297 quoque
1369 2250 1587 2296 profligatur.
1633 2259 1795 2284 reversus

348 2302 504 2344 domum,
547 2298 797 2344 dedecorisque
830 2303 867 2333 et
898 2299 1159 2345 opprobriorum
1191 2297 1385 2332 Cutlumusi
1411 2296 1611 2342 impatiens,
1648 2294 1796 2330 maxima

349 2357 424 2380 cum
450 2350 548 2391 parte
569 2345 740 2380 exercitus
763 2344 927 2379 Pasarem
951 2345 1104 2390 obsidet,
1130 2355 1171 2379 ac
1196 2344 1255 2379 diu
1281 2355 1366 2378 sane
1395 2341 1585 2388 patruelem
1610 2352 1705 2375 suum
1730 2352 1795 2386 op-

349 2396 498 2437 pugnat,
522 2392 647 2425 fretum
670 2390 738 2424 loci
760 2390 949 2425 munitione
972 2397 1008 2425 et
1028 2402 1133 2436 saepe
1153 2389 1334 2435 emptione
1357 2389 1450 2423 facta
1471 2387 1606 2422 sultano
1629 2387 1721 2421 haud
1741 2386 1796 2420 10-

349 2437 409 2471 via
430 2437 552 2471 damna
576 2438 726 2471 dantem.
772 2437 874 2471 alium
898 2440 1010 2471 autem
1033 2436 1220 2471 exercitum
1245 2434 1388 2479 emittit,
1419 2433 1559 2468 circiter
1582 2432 1708 2477 viginti
1730 2431 1796 2465 mi-

349 2483 450 2526 lium,
487 2487 606 2517 contra
636 2483 829 2526 Romanos,
859 2482 947 2517 duce
976 2482 1097 2517 fratris
1126 2481 1182 2516 sui
1211 2481 1283 2515 filio
1307 2480 1422 2515 Asaue
1445 2478 1646 2524 cognomine
1668 2477 1796 2522 Sardo,

350 2529 556 2573 mandatque
579 2528 612 2562 ei
635 2534 673 2562 ut
696 2529 873 2562 celerrime
890 2534 1015 2573 pergat
1032 2532 1068 2564 et
1084 2529 1187 2563 rebus
1200 2525 1462 2562 succedentibus
1477 2524 1627 2560 Mediam
1642 2522 1794 2568 subigat.

350 2574 438 2608 haec
460 2574 511 2608 ita
532 2579 600 2608 tum
622 2574 658 2608 in
679 2574 824 2608 Perside
841 2579 933 2608 acta.

442 2620 646 2654 Pancratius
669 2632 772 2665 porro
794 2619 931 2655 Iberiae
953 2618 1114 2664 regulus,
1148 2617 1250 2653 homo
1271 2615 1483 2663 impudicus,
1521 2625 1662 2649 uxorem
1684 2613 1794 2658 Lipa-

352 2664 441 2699 ritae
463 2665 621 2700 violavit.
667 2672 743 2701 erat
762 2666 792 2700 is
816 2665 993 2712 Liparites
1014 2664 1155 2699 Horatii
1175 2663 1355 2709 Liparitae
1374 2662 1484 2705 filius,
1519 2660 1595 2695 eius
1621 2658 1680 2705 qui
1703 2658 1793 2693 bello

352 2710 474 2744 Basilii
504 2711 721 2756 imperatoris
753 2712 791 2746 in
822 2711 1012 2756 Georgium
1034 2709 1247 2755 Abasgorum
1271 2709 1390 2743 ducem
1414 2707 1548 2741 occisus
1570 2705 1658 2749 fuit,
1693 2705 1792 2738 homo

351 2756 555 2791 fortitudine
577 2763 614 2791 et
636 2758 819 2802 prudentia
842 2757 984 2801 nobilis,
1006 2767 1218 2801 magnaeque
1237 2758 1317 2800 post
1332 2751 1549 2787 Pancratium
1567 2752 1660 2785 inter
1673 2750 1793 2784 Iberos

351 2802 540 2845 potentiae.
586 2803 643 2836 hic
674 2815 757 2848 ergo
790 2804 938 2838 iniuriae
961 2802 1144 2837 atrocitate
1172 2801 1361 2835 concitatus
1382 2810 1476 2832 arma
1499 2802 1619 2832 contra
1640 2796 1791 2829 Pancra-

350 2846 434 2882 tium
464 2847 585 2892 sumit,
619 2848 816 2895 victumque
837 2848 970 2896 praelio
992 2848 1038 2885 ad
1060 2848 1250 2891 Caucasum
1273 2851 1309 2881 et
1329 2844 1366 2879 in
1386 2843 1584 2880 interiorem
1605 2839 1792 2885 Abasgiam
