1916 3210
296 193 395 241 670
691 193 915 239 IOANNIS
948 191 1340 241 CUROPALATAE

295 311 368 351 τοῦ
387 304 583 363 βασιλέως
605 304 805 364 προόδους
823 307 1067 365 παρέσχετο,
1101 307 1209 366 ἔγνω
1228 309 1366 353 λοιπὸν
1393 307 1416 353 ὃ
1443 308 1636 368 Διογένης
1656 316 1742 363 τοῖς

296 376 438 425 νοτίοις
469 375 730 428 ἓπεισπεσεΐν,
765 375 811 418 οἳ
832 376 884 420 τὰ
911 379 1000 434 περὶ
1027 378 1162 433 κοίλην
1188 379 1342 435 Συρίαν
1367 379 1433 420 καὶ
1462 379 1646 422 Κιλικίαν
1671 381 1740 423 καὶ

297 443 422 500 αὐτὴν
442 440 682 497 Ἀντιόχειαν
705 446 1006 500 καταλη”ί·ζοντες
1027 440 1145 500 ἦσαν.
1211 448 1279 489 καὶ
1305 445 1533 489 καταλιπὼν
1560 443 1606 490 ἐὖ
1636 447 1738 491 εὐθὺ

296 511 524 560 Κολωνείας
550 513 617 552 καὶ
646 514 890 566 Σεβαστείας
919 513 1140 570 φέρεσθαι,
1175 517 1235 573 τῷ
1256 518 1328 558 τοῦ
1348 515 1572 558 Λυκανδοῦ
1592 512 1741 571 {nexui-

298 595 393 635 ρησε
417 578 565 632 θέματι
590 579 691 622 κατὰ
711 581 781 623 τὸν
801 581 940 638 καιρὸν
959 585 1032 624 τοῦ
1050 582 1221 638 θέρους·
1254 583 1296 626 ἓν
1317 582 1394 640 γὰρ
1413 586 1471 640 τῷ
1492 579 1772 643 φθινοπώρῳὸ

246 654 278 689 C
300 652 381 697 τοῖς
398 649 613 702 Συριακοῖς
631 644 878 705 παραβαλεῖν
896 650 1056 704 ἐμελέτα
1075 650 1256 706 μέρεσιν,
1284 648 1340 701 ὥς
1357 649 1406 692 ἂν
1420 650 1479 705 μὴ
1495 654 1552 709 τῷ
1567 647 1744 694 καύσωνι
1803 657 1805 660 ’

299 715 551 769 κακουχηθέν
586 715 631 757 τὸ
671 715 940 773 στρατόπεδον
979 717 1241 775 δυσπραγήσῃ
1278 720 1343 761 καὶ
1381 719 1634 776 διαλωβηθῇι
1702 717 1745 761 ἓν

298 780 478 840 τοσούτῳ
507 783 551 825 δὲ
579 783 617 825 οἱ
646 788 822 841 Τοῦρκοι
849 786 923 840 τὴν
950 784 1267 843 Νεοκαισάρειαν
1297 787 1339 837 ἐξ
1371 785 1602 843 ἆπροόπτου
1629 785 1758 829 ἓπελ-.

299 848 444 900 θόντες
473 852 817 909 καταστρέφουσι,
851 855 917 896 καὶ
941 858 1099 897 πολλῶν
1120 851 1319 910 σωμάτων
1336 855 1403 896 καὶ
1418 852 1640 911 χρημάτων
1659 853 1746 911 ἐγέ-

300 935 413 961 νοντο
453 915 605 975 κύριοι,
651 919 781 979 βάρος
814 919 1047 978 ἐπαγόμενοι
1081 922 1392 980 λαφυραγωγίας
1423 922 1495 964 οὒκ
1523 919 1744 978 ἐλάχιστον.
1757 929 1800 967 10

300 985 325 1029 ὃ
342 987 407 1028 καὶ
425 989 480 1037 εἰς
497 982 580 1030 ὦτα
595 992 667 1030 τοῦ
682 989 880 1043 βασιλέως
897 990 1016 1033 πεσὸν
1038 990 1189 1045 πολλὴν
1208 991 1319 1048 αὐτῷ
1338 991 1411 1045 τὴν
1431 990 1544 1033 ἀνίαν
1565 990 1746 1042 ἐνέσταξε

299 1055 345 1098 τὸ
374 1052 557 1109 συμβάν,
592 1054 654 1097 ὅτι
684 1058 813 1100 καίτοι
842 1058 1198 1115 ἔκστρατευομένου
1227 1058 1343 1102 οὐδὲν
1367 1053 1486 1114 ἧττον
1507 1058 1545 1101 οἶ
1566 1058 1748 1113 πολέμιοι

296 1122 371 1178 τὴν
396 1121 537 1180 χώραν
569 1124 696 1167 αὐτοῦ
727 1123 893 1168 ἐνώπιον
925 1126 1050 1169 αὐτοῦ
1077 1128 1372 1170 κατεσθίουσιν.
1440 1126 1576 1182 ἀμέλει
1597 1143 1660 1169 τοι
1679 1127 1747 1168 καὶ

298 1190 372 1241 τὰς
412 1189 601 1245 δυνάμεις
641 1193 864 1251 ἀνειληφὼς
899 1195 957 1236 δι’
998 1195 1190 1252 ἀτραπῶν
1224 1192 1436 1248 δυσβάτων
1467 1194 1546 1238 ἀπὸ
1577 1193 1749 1252 ῥυτῆρος

300 1258 466 1302 κατόπιν
489 1259 649 1313 ἤλαυνε.
716 1260 942 1318 πλησιάσας
970 1263 1013 1306 δὲ
1042 1267 1092 1321 τῇ
1120 1264 1342 1323 Σεβαστειά
1361 1261 1434 1317 τὴν
1452 1263 1527 1317 μὲν
1547 1278 1747 1321 στρατιω-
1758 1270 1800 1308 15

248 1335 280 1371 D
304 1327 416 1382 τικὴν
438 1327 664 1383 ἀποσκευὴν
687 1332 752 1372 καὶ
779 1330 824 1373 τὸ
847 1330 962 1383 πεζὸν
984 1330 1091 1374 ἅπαν
1117 1333 1242 1374 αὐτοῦ
1269 1347 1347 1373 που
1379 1331 1521 1389 ἀφίησι
1548 1331 1652 1386 μετὰ
1675 1333 1748 1374 rof?

299 1396 404 1438 ἰδίου
441 1402 640 1452 προγονοῦ
671 1399 922 1455 Ἀνδρονίκου
960 1397 1147 1450 συνόντος
1183 1399 1316 1457 αὐτῷ,
1364 1397 1409 1442 ὃν
1433 1399 1556 1450 αὐτὸς
1578 1397 1750 1453 βασιλέα

298 1463 583 1520 χειροτονήσας
613 1464 667 1516 ὥς
693 1467 875 1523 ἐνέχυρον
904 1465 1003 1521 εἶχεν
1030 1466 1055 1523 ἢ
1083 1466 1380 1525 συστράτηγον,
1421 1466 1462 1509 εἷ’
1477 1484 1533 1525 πῃ
1559 1464 1750 1518 πολλάκις

300 1530 493 1588 παρήκων
522 1533 565 1574 ἐκ
595 1538 669 1576 τοῦ
697 1536 897 1591 αἰφνιδίου
919 1534 1179 1592 πολυτρόπως
1199 1540 1256 1593 τῷ
1269 1534 1399 1592 χρεών
1418 1532 1749 1592 λειτουργήσειεν·

304 1600 425 1650 αὐτὸς
446 1601 490 1642 δὲ
508 1601 599 1654 μετ’
625 1601 893 1659 εὗζωνοτέρων
911 1603 1071 1646 ἐδίωκεν
1091 1603 1259 1646 ὄπισθεν
1279 1607 1359 1646 τῶν
1377 1603 1536 1660 ἐχθρῶν
1557 1602 1627 1645 διὰ
1645 1606 1745 1645 πολ·
1756 1612 1802 1649 20

305 1671 386 1710 λῶν
414 1670 481 1709 καὶ
509 1667 776 1724 ὑψηλοτάτων
805 1675 963 1724 βουνῶν
992 1675 1065 1722 τῆς
1091 1688 1132 1713 τε
1160 1675 1365 1728 Τεφρικῆς
1389 1673 1455 1713 καὶ
1476 1675 1548 1726 τῆς
1560 1668 1747 1727 Ἀργάου,

307 1738 373 1777 καὶ
392 1742 474 1787 τοῖς
491 1737 655 1793 ἐχθροῖς
672 1739 901 1793 ἐπιτεθῆναι
922 1738 965 1780 ἔκ
982 1744 1055 1781 τοῦ
1073 1740 1284 1795 ἔγκαρσίου
1301 1739 1493 1795 ἠπείγετο.
1561 1737 1658 1782 ὅθεν
1681 1740 1750 1781 καὶ

306 1802 502 1859 ἀδόκητος
528 1805 663 1856 αὐτοῖς
687 1806 926 1851 ἐπεισπεσὼν
954 1809 1020 1850 καὶ
1051 1812 1100 1865 τῇ
1129 1806 1245 1865 φήμῃ
1275 1811 1348 1862 τῆς
1376 1808 1501 1850 αὐτοῦ
1528 1807 1751 1864 παρουσίας

397 1922 441 1958 19
461 1916 668 1969 παρεῖκονῖ

304 2022 418 2068 favit,
456 2023 579 2060 statuit
610 2025 775 2072 deinceps
806 2026 983 2073 Diogenes
1003 2027 1048 2070 ‚in
1075 2031 1196 2083 partes
1228 2026 1397 2064 australes
1419 2038 1481 2064 eos
1500 2025 1669 2062 invadere
1690 2025 1752 2074 qui

305 2070 542 2115 Coelesyriam
567 2075 602 2106 et
623 2072 780 2107 Ciliciam
803 2073 982 2121 ipsamque
1004 2074 1219 2109 Antiochiam
1252 2074 1529 2120 praedabantur-3
1559 2072 1751 2118 relictaque

303 2116 364 2151 via
387 2127 476 2161 quae
498 2122 595 2152 recta
617 2118 714 2152 ducit
736 2118 912 2154 Coloniam
938 2125 974 2155 et
996 2120 1212 2164 Sebastiam,
1245 2120 1288 2154 ad
1311 2119 1470 2164 Lycendi
1489 2118 1665 2164 regionem
1689 2129 1750 2153 ac-

305 2161 432 2206 cessit,
465 2163 598 2197 aestivo
631 2169 806 2208 tempore:
840 2170 1000 2201 autumno
1034 2167 1124 2200 enim
1155 2165 1332 2211 cogitabat
1353 2165 1390 2199 in
1413 2164 1552 2210 Syriam
1570 2163 1752 2208 invadere,

303 2218 348 2241 ne
382 2207 476 2242 forte
506 2213 604 2243 aestu
635 2215 780 2244 vexatus
810 2211 982 2246 exercitus
1010 2223 1130 2258 parum
1154 2223 1322 2258 prospere
1344 2222 1401 2245 res
1423 2215 1562 2255 gereret
1582 2215 1620 2246 et
1639 2208 1751 2246 detri-

302 2257 418 2286 mento
453 2253 543 2288 haud
576 2255 741 2290 mediocri
770 2257 983 2292 afficeretur.
1029 2258 1165 2292 interea
1190 2257 1301 2292 Turci
1322 2257 1598 2291 Neocaesaream
1620 2267 1664 2291 ex
1685 2255 1751 2290 im-

302 2298 446 2344 proviso
471 2299 584 2334 adorti
607 2306 787 2346 evertunt,
811 2308 847 2337 et
870 2303 1049 2337 multorum
1071 2303 1223 2337 virorum
1247 2313 1418 2348 opumque
1428 2301 1542 2382 1potiti
1561 2304 1661 2347 sunt,
1686 2301 1751 2337 ab·

301 2345 407 2378 ducta
438 2345 584 2379 maxime
614 2346 748 2390 ingenti
781 2348 969 2393 spoliorum
1000 2349 1150 2395 praeda3
1185 2349 1278 2395 quod
1308 2359 1383 2384 cum
1407 2359 1427 2382 a
1473 2358 1575 2382 aures
1597 2347 1751 2393 impera-

305 2390 393 2424 toris
417 2391 622 2435 accidisset,
648 2392 785 2427 multam
809 2394 859 2427 illi
883 2405 982 2428 casus
1005 2395 1062 2429 hic
1087 2395 1192 2429 animi
1215 2393 1477 2429 sollicitudinem
1501 2392 1638 2438 attulit,
1660 2390 1754 2438 quod

306 2436 464 2480 quamvis
488 2447 563 2471 cum
588 2438 743 2473 exercitu
765 2439 974 2485 prodiisset,
1010 2439 1228 2474 nihilominus
1260 2440 1377 2474 hostes
1397 2438 1575 2484 regionem
1596 2448 1692 2473 suam
1714 2448 1755 2472 se

303 2481 522 2526 inspectante
545 2489 726 2518 vexarent.
772 2486 911 2520 tandem
929 2486 1048 2531 copias
1065 2498 1130 2531 per
1146 2486 1285 2520 semitas
1305 2495 1447 2520 accessu
1466 2484 1627 2519 difficiles
1643 2482 1754 2518 veluti

304 2526 450 2561 habenis
476 2539 497 2562 a
520 2533 619 2574 tergo
651 2531 811 2565 retractis
843 2530 1004 2574 reduxit3
1038 2542 1182 2576 cumque
1215 2530 1399 2566 Sebastiae
1430 2530 1755 2577 appropinquasset,

306 2571 470 2607 militaria
502 2573 746 2620 impedimenta
779 2581 815 2611 et
848 2588 965 2612 omnes
998 2577 1134 2623 pedites
1163 2576 1215 2611 ibi
1243 2576 1386 2621 reliquit
1407 2587 1482 2610 cum
1506 2575 1666 2622 privigno
1690 2584 1754 2609 suo

306 2617 525 2663 Andronico,
560 2620 620 2665 qui
649 2632 765 2655 secum
794 2622 937 2667 aderat,
970 2634 1071 2668 quem
1100 2622 1266 2657 delectum
1298 2621 1538 2668 imperatorem
1563 2626 1603 2656 ut
1626 2620 1755 2666 pignus

307 2662 386 2707 ipse
408 2663 555 2699 habebat
579 2666 634 2700 vel
657 2667 841 2713 collegam,
869 2673 907 2703 ut
930 2667 961 2703 si
985 2668 1063 2713 quis
1084 2668 1286 2714 repentinus
1309 2679 1409 2702 casus
1434 2667 1610 2712 exigeret,
1639 2665 1672 2700 is
1693 2674 1752 2699 res

308 2708 576 2747 administraret.
623 2711 701 2758 ipse
731 2725 815 2748 vero
839 2725 914 2748 cum
937 2714 1211 2759 expeditioribus
1234 2725 1255 2748 a
1274 2713 1666 2758 tergopersequebatur
1687 2710 1752 2744 ho-

309 2758 380 2787 stes
414 2766 479 2799 per
511 2756 635 2791 multos
657 2763 693 2792 et
715 2759 923 2794 celsissimos
949 2759 1074 2805 colles,
1110 2763 1146 2795 et
1165 2770 1229 2805 per
1252 2758 1461 2804 'raphu-icem
1483 2764 1520 2792 et
1541 2757 1690 2801 Argaum
1713 2754 1752 2789 in

306 2797 405 2841 ipsos
427 2800 594 2835 invadere
617 2814 660 2836 ex
683 2804 821 2849 obliquo
845 2805 1046 2840 festinabat.
1093 2816 1201 2850 quare
1224 2815 1299 2840 cum
1322 2816 1386 2839 nec
1408 2804 1589 2848 opinantes
1611 2801 1751 2855 adortus

309 2848 421 2889 esset,
461 2846 584 2892 suique
614 2848 785 2885 adventus
815 2851 906 2887 fama
935 2862 1053 2887 omnes
1085 2850 1333 2896 deterruisset,
1362 2849 1477 2886 statim
1500 2857 1604 2889 causa
1623 2847 1690 2882 fmt
1711 2848 1751 2879 ut

1911 371 1916 379 .
1900 241 1916 316 Μ

1898 313 1916 371 i*
