1916 3210
0 0 57 235 ξ
465 155 870 203 HISTORIARUM
897 153 1285 201 COMPENDIUM.
1513 152 1612 201 601

149 271 361 319 ἀλλᾶτῶν
385 270 561 332 ἀρίστων
587 271 632 316 ἓν
658 274 710 330 τῇ
736 273 863 329 σκηνῇ
890 270 964 315 τοῦ
991 265 1268 328 ἓταιρειάρχου
1292 267 1385 326 περὶ
1408 270 1488 312 τῶν
1507 284 1615 327 πρα-
1686 320 1688 323 y

149 341 274 388 κτέων
309 341 611 398 βουλευομένων
622 371 638 394 ,
684 339 884 396 Σαμουὴλ
922 339 1131 397 πατρίκιος
1168 335 1190 381 ὃ
1230 335 1438 396 Βοῦρτζης
1449 368 1464 391 ,
1510 336 1615 396 ἀνὴρ

151 407 341 467 α’ὗθάδης
366 412 435 455 καὶ
457 407 645 468 θρασύς,
684 408 823 467 ἅρχων
851 404 942 452 τότε
973 411 1055 452 τῶν
1079 407 1245 461 πεζικῶν
1268 404 1462 464 ὖπάρχων
1490 405 1616 451 δυνά-

149 495 260 536 μεων
279 481 349 523 καὶ
368 479 443 536 τὴν
462 483 537 524 τοῦ·
554 477 737 536 χάρακος
755 477 993 522 ἐπιστασίαν
1011 480 1148 520 πᾶσαν
1171 475 1526 534 ἐπιτετραμμένος,
1553 474 1614 533 μὴ

116 546 474 607 ῦπροσδεξάμενος
495 547 542 593 τὸ
569 551 643 592 τοῦ
673 545 869 605 ἄρχοντος
898 543 1117 602 σύνθημα,
1149 544 1224 601 τὴν
1251 543 1366 596 τάξιν
1391 544 1518 589 λιπὼν
1539 546 1607 588 καὶ
1630 551 1662 587 Β

150 615 349 670 διαλύσας
371 617 444 662 τὸν
463 615 630 675 χάρακα
650 614 771 668 ἔξεισι
788 614 893 672 μετὰ
913 619 994 659 τῶν
1012 615 1140 664 πεζῶν
1158 615 1328 666 καὶτοῖς
1341 611 1614 667 Πατζινάκοις

149 684 462 744 προσρήγνυται.
529 679 588 730 ὧν
621 684 825 744 ῥαγδαίως
852 681 1145 741 ἐπιβρισάντων
1171 681 1347 742 ἤρξαντο
1375 680 1540 738 κάμνειν
1573 683 1614 727 οἷ

149 755 274 808 πεζοί.
339 754 404 799 διὸ
432 755 502 798 καὶ
529 754 654 810 θαμὰ
678 753 850 809 πέμπων
868 754 972 812 πρὸς
988 752 1058 797 τὸν
1076 750 1352 811 ἓταιρειάρχην
1371 750 1394 795 ὃ
1411 752 1612 808 Σαμουὴλ

149 821 350 880 βοήθειαν
367 821 495 880 ἐζήτει
505 854 519 876 ,
547 820 604 875 ὥς
624 822 983 880 ἔπαναγκασθέντα
999 825 1142 866 τοῦτον
1161 822 1231 865 καὶ
1252 820 1452 873 ἀκουσίως
1471 822 1615 864 δοῦναι

98 893 206 939 toto>
228 891 431 948 σύνθημα·
450 896 524 936 τοῦ
554 891 748 947 πολέμου.
812 889 1049 943 ἐξελθόντος
1079 886 1150 934 οὖν
1177 890 1327 942 παντὸς
1346 894 1419 935 τοῦ
1439 894 1618 948 στρατοῦ

152 959 258 1006 κατὰ
274 961 348 1018 τὴν
365 960 578 1018 λεγομένην
592 959 807 1016 βασιλικὴν
825 958 1019 1015 Λιβάδα,
1052 962 1120 1003 καὶ
1137 963 1364 1015 καθολικῆς
1382 963 1618 1016 συμπλοκῆς

152 1031 434 1089 κρατηθείσης,
456 1029 524 1073 διὰ
541 1029 588 1073 τὸ
603 1029 804 1088 αι’φνίδιον
816 1031 884 1072 καὶ
905 1027 1155 1073 ἀσύντακτον
1173 1031 1241 1072 καὶ
1260 1029 1307 1072 τὸ
1331 1033 1618 1087 προηττῆσθαι

151 1099 250 1152 τοὺς
269 1098 411 1152 πεζοὺς
431 1097 721 1156 ἀναθαρσῆσαι
742 1097 787 1141 δέ
805 1097 903 1149 τοὺς
919 1095 1203 1150 Πατζινάκονς
1218 1098 1367 1154 γίνεται
1388 1097 1517 1155 τροπὴ
1538 1101 1621 1142 τῶν

149 1166 382 1223 Ῥωμαίων,
409 1169 478 1211 καὶ
497 1166 623 1225 φόνος
641 1166 790 1224 ἐγένετο
810 1165 860 1210 οὗ
877 1167 1003 1217 πολὺς
1022 1166 1177 1220 αὐτῶν,
1211 1167 1550 1222 συνεκλείσθησαν
1575 1166 1622 1210 δὲ

101 1242 146 1281 15
157 1238 373 1293 αἰσχίστως
394 1237 452 1288 εἷς
471 1236 542 1280 τὸν
563 1234 751 1294 χάρακα,
786 1233 903 1280 ἔπεσέ
917 1252 961 1280 τε
980 1234 1158 1292 Μιχαὴλ
1175 1236 1386 1293 πατρίκιος
1401 1233 1422 1278 ὁ
1439 1236 1615 1279 Δοκεια-
1640 1239 1675 1275 C

154 1302 224 1356 νός
234 1336 248 1358 ,
273 1303 394 1360 ἔλαβε
411 1305 456 1348 δὲ
471 1305 632 1363 καιρίαν
651 1303 755 1348 κατὰ
773 1308 856 1348 τῶν
872 1301 1110 1361 σπλάγχνων
1127 1305 1196 1348 καὶ
1216 1302 1238 1348 ὅ
1257 1302 1480 1363 μάγιστρος
1498 1306 1621 1348 Κων-

155 1379 363 1425 σταντῒνος
383 1371 406 1416 ὃ
424 1373 670 1431 Ἅριανίτης,
697 1374 764 1416 καὶ
782 1379 961 1432 τριταῖος
980 1372 1175 1417 ἀπέθανε.
1240 1370 1470 1417 πεπτώκασι
1489 1374 1534 1417 δὲ
1551 1376 1621 1417 καὶ

155 1441 274 1486 ἄλλοι
286 1442 392 1493 τινὲς
404 1445 486 1485 τῶν
503 1439 673 1497 ἀσήμων
689 1441 902 1498 ὄλιγοστοί.
968 1442 1014 1485 τὸ
1037 1443 1081 1485 δὲ
1103 1441 1243 1485 λοιπὸν
1261 1441 1371 1485 ἅπαν
1386 1439 1621 1501 στράτευμα

155 1510 417 1568 συγκλεισθέν
431 1511 604 1566 ἀγεννῶς
622 1511 677 1562 εἲς
692 1510 763 1554 τὸν
776 1509 943 1568 χάρακα
959 1510 1226 1569 ἐπολιορκεῖτο
1242 1511 1355 1569 παρὰ
1370 1515 1451 1555 τιῦν
1460 1512 1620 1564 Πατζι-

99 1573 313 1632 sommi,
335 1576 573 1634 χωννύντων
593 1578 670 1635 τὴν
687 1576 846 1636 τάφρον
865 1580 998 1630 λίθοις
1016 1581 1084 1622 καὶ
1107 1578 1292 1633 κλάδοις,
1318 1582 1385 1623 καὶ
1404 1580 1507 1635 πρὸς
1520 1583 1618 1636 βίαν

156 1646 259 1692 {aar
273 1647 533 1705 ἐπειγομένων
546 1647 618 1692 τὸν
631 1644 814 1704 χάρακα.
881 1649 950 1691 καὶ
965 1646 1073 1703 τάχα
1094 1647 1145 1690 ἂν
1161 1648 1311 1705 ἐγένετο
1328 1653 1468 1702 τοῦτο,
1503 1653 1537 1692 εἲ
1554 1650 1615 1706 μὴ

157 1720 431 1778 natanta-wc?
447 1717 558 1773 βέλει
572 1717 744 1773 βληθεὶς
759 1713 781 1760 ὅ
798 1718 1026 1771 Σουλτζοῦς
1044 1715 1317 1776 διεπεραιώθη
1336 1717 1410 1762 σὺν
1428 1722 1487 1779 τῷ
1502 1720 1617 1780 ἵππῳ

247 1849 271 1884 8
290 1844 479 1892 θαυμάκις
499 1846 533 1883 C
669 1846 716 1884 13
737 1843 857 1893 τροπὴ
882 1845 1028 1894 φοβερὰ
1050 1847 1128 1884 τῶν
1149 1849 1180 1884 C
1318 1850 1363 1887 15
1387 1849 1562 1893 δοκιανὸς
1584 1851 1616 1887 C

247 1895 293 1932 17
312 1891 526 1940 ἄρριανίτης
546 1893 579 1930 G

153 2006 349 2044 micandum
381 2011 476 2044 esset
507 2018 630 2043 necne.
676 2005 740 2042 sed
768 2006 1044 2042 consultantibus
1074 2006 1302 2055 optimatibus
1330 2007 1369 2044 in
1393 2010 1618 2046 tabernaculo

154 2053 439 2098 haeserimus,
471 2052 611 2089 Samuel
641 2052 810 2100 patricius
840 2053 1008 2098 Burtzes‚
1045 2053 1103 2088 vir
1129 2056 1300 2100 superbus
1323 2060 1361 2089 et
1383 2057 1518 2101 audax,
1557 2058 1619 2102 qui

154 2105 240 2136 tuuc
268 2100 490 2146 pedestribus
514 2098 627 2154 copiis
648 2103 814 2145 praeerat
835 2099 961 2144 cuique
983 2100 1164 2135 commissa
1186 2106 1262 2136 erat
1285 2100 1395 2136 omnis
1417 2102 1499 2137 valli
1522 2114 1619 2150 cura,

152 2145 251 2181 baud
269 2150 472 2192 exspectato
495 2146 594 2181 ducls
614 2144 737 2191 signo,
761 2144 883 2180 ordine
904 2145 1026 2181 relicto
1049 2157 1091 2181 ac
1113 2146 1281 2181 dissoluto
1302 2147 1392 2182 vallo
1417 2159 1492 2183 cum
1514 2150 1620 2195 pedi-

154 2191 250 2227 tibus
273 2202 434 2237 egressus
454 2191 493 2226 in
517 2191 726 2227 Patzinacas
749 2190 919 2236 erumpit3
950 2191 1013 2238 qui
1040 2203 1115 2227 cum
1139 2191 1325 2227 violentam
1358 2194 1620 2240 impressionem

154 2237 347 2283 fecissent,
381 2237 543 2273 laborare
563 2237 701 2284 pedites
723 2243 931 2283 coeperunt,
964 2241 1002 2272 et
1023 2237 1151 2273 iccirco
1175 2239 1299 2274 crebro
1321 2240 1463 2275 mittens
1488 2241 1532 2276 ad
1555 2241 1621 2277 he-

154 2283 387 2319 taeriarcham
418 2282 559 2318 Samuel
585 2284 727 2328 petebat
751 2282 937 2324 auxilium,
973 2284 1025 2318 ita
1048 2287 1088 2319 ut
1111 2289 1250 2319 coactus
1274 2285 1384 2320 fuerit
1404 2287 1463 2321 vel
1485 2287 1620 2323 invitus

155 2330 242 2365 dare
263 2329 347 2365 belli
368 2329 519 2375 signum.
564 2327 673 2374 igitur
695 2339 837 2374 egresso
861 2328 953 2363 omni
975 2329 1133 2365 exercitu
1157 2330 1201 2364 ad
1223 2342 1298 2366 eum
1316 2331 1426 2367 locum
1443 2333 1504 2378 qui
1519 2334 1620 2379 regia

155 2375 333 2420 scaturigo
355 2375 504 2419 dicitur,
541 2380 578 2410 et
599 2375 765 2410 universa
787 2374 937 2410 conflata
958 2386 1092 2421 pugna,
1128 2387 1203 2411 cum
1226 2383 1372 2424 propter
1396 2379 1617 2426 repentinum

155 2432 295 2466 casum,
319 2426 357 2456 et
379 2421 473 2467 quod
497 2420 749 2467 incompositae
769 2426 888 2456 essent
908 2421 1003 2457 acies
1024 2422 1258 2458 Romanorum
1280 2428 1316 2459 et
1338 2428 1419 2460 ante
1441 2425 1529 2460 victi
1550 2439 1618 2473 pe-

154 2467 268 2512 dites,
299 2465 493 2502 conflrmati
515 2466 628 2502 animo
649 2470 766 2502 essent
787 2467 1019 2512 Patzinacae,
1050 2468 1198 2503 Romani
1218 2469 1409 2505 funduntur
1428 2483 1471 2506 ac
1488 2472 1616 2527 profli-

154 2518 299 2559 gantur.
343 2525 415 2548 non
445 2518 561 2548 tamen
593 2512 700 2548 multa
719 2514 815 2549 facta
837 2518 892 2548 est
911 2513 1065 2559 ipsorum
1089 2515 1234 2558 caedes,
1271 2516 1334 2551 sed
1357 2517 1554 2564 turpissime
1575 2519 1615 2554 in

153 2559 283 2594 vallum
311 2559 465 2595 conclusi
487 2564 591 2602 sunt3
626 2559 822 2605 ceciditque
844 2559 996 2595 Michael
1017 2559 1186 2605 patricius
1207 2561 1425 2609 Doceianus,
1462 2569 1498 2598 et
1520 2564 1617 2600 letali

154 2605 260 2651 plaga
290 2604 328 2640 in
359 2605 555 2641 visceribus
588 2610 734 2652 accepta
762 2605 928 2650 magister
955 2606 1205 2642 Constantinus
1227 2608 1403 2643 Arianites
1425 2610 1533 2646 tertia
1557 2611 1617 2646 die

155 2657 311 2686 mortuus
344 2657 411 2687 est.
458 2651 619 2687 cecidere
653 2651 756 2687 etiam
784 2651 845 2687 alii
867 2651 1003 2698 quidam
1026 2653 1218 2698 ignobiles,
1252 2654 1355 2700 pauci
1379 2659 1516 2690 tamen:
1552 2657 1616 2692 sed

155 2696 311 2741 reliquus
347 2697 458 2732 omnis
496 2697 673 2733 exercitus
703 2698 740 2732 in
771 2698 898 2733 vallum
932 2699 1097 2734 indecore
1125 2699 1306 2735 conclusus
1337 2701 1564 2738 obsidebatur
1593 2714 1617 2739 a

156 2742 375 2787 Patzinacis‚
406 2745 535 2778 fossam
558 2743 734 2790 lapidibus
754 2749 791 2779 et
814 2744 921 2780 ramis
943 2745 1192 2791 obruentibus,
1222 2751 1258 2780 et
1280 2746 1317 2781 vi
1339 2746 1464 2782 vallum
1487 2760 1618 2796 capere

156 2789 375 2824 conantibus.
421 2791 515 2835 quod
535 2790 606 2824 cito
627 2791 757 2825 sactum
780 2790 925 2836 fuisset,
960 2795 997 2826 et
1018 2791 1174 2827 funditus
1196 2792 1307 2827 omnis
1329 2793 1493 2839 periisset
1513 2807 1616 2830 exer-

157 2833 248 2870 citus
269 2835 520 2882 Romanorum,
555 2836 623 2872 nisi
645 2837 776 2883 sagitta
796 2848 820 2874 a
840 2837 1016 2885 catapulta
1036 2837 1145 2875 missa
1166 2849 1353 2886 percussus
1373 2839 1515 2877 Sultzus
1538 2853 1615 2878 cum
