1890 3236
718 194 1088 241 GLOSSARIUM.
1531 195 1595 241 93
1605 196 1627 240 1

173 303 270 344 bello
294 316 399 343 sacro
418 305 458 345 2.
516 305 613 345 idem
633 305 852 346 vesterarius
871 318 903 345 c.
927 307 966 348 8.
1023 306 1140 348 Cone.
1164 306 1361 357 Pontigon.
1393 309 1430 346 et
1462 307 1500 345 in
1521 306 1628 358 epist.

172 361 334 413 quadam
356 362 484 401 loann.
506 364 545 404 8.
601 363 726 413 itaque
742 363 879 414 primus
896 363 1103 414 praefectus
1121 364 1300 411 vestiarii,
1338 363 1408 402 ut
1397 376 1469 402 mm
1490 363 1628 403 dictum

173 423 245 466 est,
271 414 628 485 πρωτοβεστιᾶριος
647 419 848 457 dicebatur.
890 419 999 458 Anna
1017 420 1210 458 Comnena
1227 419 1422 459 Alexiados
1443 422 1490 462 3:
1519 434 1628 472 πρω-

171 470 408 527 τοσέβαστός
429 489 471 515 τε
488 474 555 515 καὶ
577 471 948 529 πρωτοβεστιοῖριος.
984 480 1022 515 et
1041 477 1139 542 apud
1160 477 1380 516 Cedrenum.
1438 476 1629 516 Constan-

170 531 268 570 tinus
288 530 517 582 Porphyrog.
539 532 587 570 de
605 532 776 571 Themat.
797 532 821 571 l.
846 537 865 573 1
902 535 972 574 12·
994 528 1254 580 Θεοδόσιος““
1229 548 1250 573 o
1272 529 1630 585 πρωτοβεστιᾰριος

170 602 243 628 του
263 588 462 640 μακαρίου
488 603 566 640 μου
585 586 743 641 πατρός.
777 589 828 626 Ιο.
849 588 1047 627 Cantacuz.
1074 590 1097 629 1
1127 588 1194 631 43.
1224 589 1407 628 Laonicus
1425 590 1626 631 Chalcond.

169 645 197 683 l.
215 644 255 684 9.
317 649 444 682 auctor
463 657 665 694 anonymus
686 646 723 682 in
748 646 826 682 vita
843 644 967 683 Basilii
986 645 1232 697 imperatoris:
1273 640 1330 685 ὠν
1352 643 1587 698 Προκόπιος
1607 662 1630 687 ο

169 702 246 741 τοῦ
269 698 463 752 βασιλέως
490 699 625 768 ηγεῖτο
645 696 1012 772 πρωτοβεστιᾶριος.
1070 703 1139 740 Ge.
1158 701 1388 754 Acropolites
1413 716 1449 754 p.
1467 703 1494 743 3
1514 704 1540 741 d
1563 703 1625 744 ed.

169 754 680 809 Reg..n9mv043261102910v
700 773 817 805 ουτος
836 758 1051 810 τετίμηκει.
1085 758 1175 796 alius
1201 762 1280 797 erat
1301 759 1363 809 qui
1383 759 1629 811 βεστιαρίτης

169 813 374 863 dicebatur,
405 814 454 853 de
474 827 548 865 quo
567 814 755 853 Cedrenus
778 828 814 866 p.
834 813 932 856 375.
989 815 1126 866 primus
1149 819 1270 853 autem
1294 815 1495 854 vestiarites
1520 830 1630 868 πρω-

166 869 462 921 τοβεστιαρίτης
484 872 624 919 dictus,
655 869 777 922 deque
802 884 846 910 eo
866 870 1029 909 Codinus
1051 871 1099 909 de
1121 871 1273 909 Officiis.
1322 871 1375 911 lo,
1401 872 1630 912 Cantacuze-

168 939 238 965 nus
263 925 291 966 4
318 927 390 968 19:
418 922 507 967 τότε
528 924 609 967 δὲ’
591 925 763 979 ἄρχοντα
782 926 825 967 ἐν
846 927 1019 982 Βερροίᾳ
1042 923 1368 979 Διπλοβατάτζην
1388 943 1459 968 τον
1478 943 1630 999 πρωτο-

166 983 419 1035 βεστιαρίτην
436 982 675 1024 καταλιπών.
733 985 915 1034 Georgius
933 983 1173 1035 Logotheta'
1164 997 1202 1022 ιιι
1227 985 1410 1022 Chronico
1432 985 1519 1037 Cp.:
1557 982 1629 1027 τᾶν

169 1037 213 1080 δὲ
235 1036 431 1092 ’Ἄγγελον
451 1035 643 1091 Ἰωάννην
672 1036 1024 1094 πρωτοστράτορα,
1068 1041 1451 1107 πρωτοβεστιαρίτην
1485 1039 1529 1082 δὲ
1558 1057 1630 1082 τον

167 1096 441 1149 Καρυανίτην.
497 1097 727 1150 Nicephorus
747 1098 937 1147 Gregoras
959 1098 984 1136 1.
1008 1098 1058 1138 6:
1095 1092 1352 1151 Λιβαὸἆριον
1379 1094 1446 1139 τὸν
1473 1113 1630 1152 πρωτο-

195 1152 428 1205 εστιαρίτην.

166 1152 194 1206 β
278 1225 309 1250 π
322 1205 622 1262 ρωτομανδ’
597 1225 726 1265 ατωρ
756 1211 895 1263 primus
917 1211 1183 1250 mandatorum.
1241 1205 1454 1278 μανδοῖτωρ
1473 1211 1628 1250 mauda-

165 1270 239 1315 tor,
267 1266 380 1306 officii
399 1279 527 1318 genus.
585 1267 758 1317 Synodus
779 1267 944 1306 Nicaena
967 1272 1013 1310 2:
1053 1283 1074 1307 ο
1106 1264 1280 1318 λαμπρὸς
1309 1264 1508 1332 βασιλικὸς
1533 1282 1632 1319 μαν-

166 1317 300 1391 διίτωρ
331 1320 527 1363 εἰσελθων
557 1322 648 1375 ἔφη.
707 1324 898 1363 Constaut.
929 1324 1107 1376 Porphyr
1139 1325 1175 1362 in
1199 1325 1328 1365 Tact.:
1367 1320 1630 1390 μανδατωρας

165 1375 398 1448 ἆγρυπνους
416 1378 484 1420 καὶ
504 1377 687 1434 γοργούς.
745 1380 1026 1432 Theophanes
1016 1393 1054 1418 ιιι
1072 1381 1289 1418 Iustiniano:
1332 1376 1546 1432 μανὸἇτωρ
1568 1381 1631 1429 τίς

163 1435 272 1478 ἐστιν
301 1451 377 1478 ουκ
405 1432 512 1477 οἶδα.
569 1437 633 1488 qui
661 1438 734 1475 sint
762 1439 999 1476 mandatores
1035 1437 1215 1488 explicant
1243 1436 1400 1476 Glossae
1428 1437 1630 1477 Nomicae.

165 1487 420 1562 μανδατωρες
449 1490 492 1533 οἷ
507 1508 556 1533 τα
575 1489 757 1546 μανόατα
777 1510 856 1534 απο
877 1496 960 1533 ταῖν
979 1489 1184 1545 ἀρχόντων
1205 1490 1303 1547 πρὸς
1321 1508 1418 1542 τους
1437 1491 1630 1547 στρατιοί-

164 1564 237 1598 τας
258 1545 381 1598 ogdoas
400 1549 706 1603 διακομίζοντες.
765 1551 814 1589 de
831 1551 962 1601 quibus
979 1551 1027 1588 ibi
1045 1551 1176 1589 dicam.

277 1621 482 1657 πρωτον
494 1621 515 1647 ο
527 1621 638 1658 ταρι
650 1622 671 1647 ο
684 1622 703 1654 ς
732 1608 870 1658 primus
889 1607 1114 1645 notariorum
1138 1619 1203 1645 seu
1221 1605 1446 1657 primicerius
1465 1606 1629 1644 notario-

163 1676 258 1703 rum.
298 1662 498 1701 Concilium
520 1663 745 1702 Chalcedon.
767 1668 837 1701 act.
861 1666 905 1704 1·
931 1658 1119 1714 Ἰωάννης
1143 1658 1411 1715 πρεσβύτερος
1429 1660 1496 1702 καὶ
1517 1664 1629 1714 πρῶ-

163 1734 233 1768 τος
249 1721 330 1759 τῶν
348 1720 545 1772 νοταρίων
566 1716 663 1760 εἷπε.
720 1724 793 1759 vet.
815 1721 1012 1771 interpres:
1053 1720 1223 1758 Ioannes·
1244 1717 1449 1769 presbyter
1480 1725 1518 1755 et
1534 1719 1629 1768 pri-

164 1776 350 1814 mic-erius
369 1777 614 1814 notariorum
636 1777 749 1814 dixit.
810 1790 844 1816 v.
866 1789 977 1827 supra
997 1778 1035 1814 in
1063 1773 1359 1828 πριμμικήριος.
1415 1776 1627 1814 Hadrianus

162 1832 228 1872 PP
248 1833 355 1884 epist.
378 1833 426 1871 ad
448 1833 618 1872 carolum
638 1833 840 1883 Magnum:
882 1833 1093 1870 Radonem
1119 1832 1419 1870 dilectissimum
1439 1838 1628 1881 protono-

164 1890 314 1928 tarium
355 1896 543 1926 teatrum.
604 1887 825 1940 πρώτιστος
851 1892 934 1928 τῶν
966 1891 1182 1941 βασιλικῶν
1213 1890 1502 1941 γραμματείων.
1558 1888 1630 1928 Ni-

164 1947 345 1999 cephorus
363 1946 471 1984 Brev.
495 1946 592 1984 Hist.
615 1959 648 1986 v.
671 1945 711 1984 P.
730 1946 913 1985 Warnefr.
938 1947 986 1983 de
1009 1950 1103 1995 gest.
1123 1945 1292 1995 Langob.
1315 1945 1341 1986 4
1371 1944 1436 1986 34.
1655 1941 1662 1946 ’

276 1997 620 2053 πρωτοπᾰπας
649 2003 785 2054 primus
808 2015 928 2053 papa,
970 2005 1107 2052 primus
1134 2007 1220 2053 post
1245 2001 1487 2052 patriarcham
1507 2012 1626 2039 sacer-

163 2059 245 2098 dos.
301 2058 497 2097 Balsamon
519 2059 568 2096 ad
587 2071 764 2098 canonem
786 2058 1044 2110 Apostolorum
1064 2060 1138 2100 59:
1179 2073 1298 2108 τυχον
1326 2057 1627 2107 χωοεπίσκοπον

162 2111 485 2182 προβληθέντα
464 2112 493 2167 η’
511 2112 797 2167 πρωτοπάπαν.
857 2120 895 2153 et
915 2115 963 2152 ad
985 2128 1063 2153 can.
1095 2117 1121 2156 8
1151 2115 1291 2164 Synodi
1316 2114 1503 2152 Antioch:
1532 2109 1628 2159 τούς

161 2171 207 2214 ἐν
226 2175 312 2220 ταῖς
330 2167 478 2224 χώραις
498 2168 825 2240 πρεσβυτέρους’
806 2167 894 2222 η’τοι
914 2167 1010 2218 τοὺς
1031 2166 1366 2222 πρωτοπαποὶὁας.
1423 2174 1461 2208 et
1479 2171 1526 2208 ad
1545 2182 1624 2207 can.

163 2229 236 2269 10·
275 2227 568 2282 πρεσβυτέρους
604 2225 634 2281 ἦ
671 2223 993 2282 πρωτοπαπάδας
1029 2226 1096 2268 καὶ
1135 2224 1469 2280 χωρεπισκόπους.
1537 2226 1624 2264 vide

157 2283 371 2325 Meursium.

272 2336 652 2395 πρωτοσπαθᾶρ
667 2356 681 2380 ι
694 2354 744 2387 ος
773 2340 909 2391 primus
930 2340 1217 2391 spathariorum,
1258 2340 1319 2389 qui
1342 2337 1514 2390 principis
1533 2349 1621 2388 spa-

159 2398 260 2437 tham
279 2399 462 2448 gestabat.
519 2399 615 2436 inter
635 2397 809 2449 epistolas
831 2396 952 2434 Photii
973 2401 1094 2434 exstat
1118 2396 1293 2448 inscripta
1314 2395 1498 2448 Θεοφίλῳ
1518 2408 1622 2447 πρω-

156 2456 434 2509 τοσπαθαρίφ.
492 2455 611 2493 dicam
631 2455 679 2492 ad
700 2453 852 2492 Glossas
872 2452 1120 2492 Basilicorum.

271 2526 333 2563 πρ
345 2527 376 2551 ω
387 2526 408 2551 τ
420 2526 441 2552 ο
454 2523 539 2564 στρ
551 2507 605 2550 viv
617 2526 647 2549 ω
658 2525 680 2562 ρ
719 2511 855 2560 primus
884 2508 1122 2560 imperialium
1151 2511 1346 2546 stratorum
1367 2506 1594 2545 Anastasio
1584 2517 1622 2543 ιιι

157 2566 668 2634 Hist.Eceles.Nice13horus
691 2566 876 2616 Gregoras
899 2568 943 2607 7:
984 2562 1027 2612 ὃς
1046 2581 1114 2604 και
1133 2561 1207 2616 τὴν
1228 2559 1623 2617 πρωτοστρατορικήν

158 2639 268 2677 παρα
301 2623 492 2676 βασιλέως
521 2621 688 2676 ὕστερον
716 2618 972 2689 παρειληφώς
1001 2624 1055 2673 ἠν
1085 2622 1288 2674 βακτρίαν.
1348 2620 1621 2683 Theophanes.

158 2680 324 2733 εἰσῆλθε
340 2679 546 2732 Ῥουφῖνος
567 2679 589 2721 ό
603 2691 914 2732 πρωτοστρατωρ
929 2680 1000 2718 τοῦ
1013 2674 1246 2729 ὄψικίουν
1222 2676 1388 2715 wihsra
1380 2690 1414 2714 ιιι
1431 2689 1621 2727 στρατωρ.

270 2752 300 2776 π
312 2752 333 2789 ρ
344 2752 374 2776 ω
385 2753 405 2776 τ
418 2753 438 2777 ο
451 2734 507 2777 σύ
519 2754 545 2790 μ
556 2738 582 2790 β
591 2753 611 2778 ο
622 2753 646 2777 υ
655 2740 677 2776 λ
688 2751 710 2777 o
720 2752 740 2785 ς
766 2734 1061 2788 protosymbolus
1082 2735 1278 2773 Anastasio
1301 2733 1466 2772 biblioth.
1479 2732 1620 2774 Cedre-

156 2805 226 2832 nus
246 2793 415 2845 explicat.

271 2850 496 2903 ῥαίκτωρ
526 2853 667 2899 rector,
705 2832 823 2899 genus
854 2847 1058 2898 dignitatis.
1116 2859 1151 2887 v.
1182 2845 1392 2885 Meursium.
1451 2843 1621 2884 Menola-
