1916 3210
0 1507 28 1647 aem
0 1397 33 1495 ³23³*
0 1302 26 1386 „233ae
4 1239 29 1291 'vs-⁵2.
17 1204 21 1207 «
22 1113 27 1116 ,

6 1663 23 1715 *dp*

698 156 1148 203 ANNOTATIONES.
1559 156 1661 204 ‘769

188 268 448 323 -fflld‘nlnm
467 269 723 311 Romanorum
744 269 863 322 primo
881 269 1133 322 copiosissime
1152 267 1307 310 Aeneae
1324 280 1386 309 res
1414 268 1463 309 sit
1486 280 1660 323 persecu-

187 330 268 373 ω.
288 327 456 437 ἔξὲ9
483 395 520 422 v.
543 385 584 427 8.
640 381 738 436 ἕννη
759 382 874 423 habet
893 384 1028 433 codex,
1055 383 1193 435 duplici
1212 396 1248 423 ν
1305 386 1344 423 et
1367 385 1559 423 annotavit
1583 383 1660 423 Eu-

189 440 344 481 asthma
360 452 439 480 non
456 440 618 480 defuisse
635 442 698 492 qui
704 453 789 507 'per
805 439 941 510 duplex
961 455 986 482 ν
1003 442 1227 488 scriberent,
1265 441 1413 479 tametsi
1431 441 1560 493 magis
1570 454 1659 493 pro-

168 496 169 499 '
186 497 256 538 bot
269 498 431 538 unicum.
486 498 557 537 sed
578 502 618 537 et
634 497 792 550 aspirari
808 493 855 538 ‘ro‘
876 511 896 538 ε
920 510 944 537 a
961 497 1144 536 nonnullis
1163 497 1323 546 indicat,
1362 498 1402 538 iu
1419 510 1563 538 versum
1580 499 1659 537 od.

187 568 212 596 τ
237 556 325 598 807
350 555 429 596 τοῦ
449 550 524 607 μὲν
544 553 772 606 φθίνοντος
793 552 944 607 μηνός,
985 556 1059 595 τοῦ
1081 549 1124 594 δ’
1145 553 1396 606 ἱσταμένοιο,
1441 556 1507 606 qui
1537 560 1659 594 exstat

188 611 302 653 ditm
318 611 395 653 od.
414 605 458 660 ι’.
513 615 555 651 et
572 610 821 650 Plutarchus
811 624 849 649 ιιι
868 610 1007 650 Solone
1024 612 1162 650 indicat
1181 624 1278 651 enen
1302 611 1375 650 kae
1393 623 1491 650 nean
1516 625 1562 652 eo
1589 625 1660 651 no-

186 667 285 718 iun,
310 667 353 707 id
369 671 431 708 est
447 666 611 707 ultimum
629 668 728 707 diem
748 669 906 718 mensis,
940 682 1023 707 eum
1041 668 1127 707 luna
1145 668 1213 706 soli
1229 667 1475 718 congrediens
1494 673 1533 708 et
1550 674 1659 708 vetu-

186 724 350 765 ἠθείη
370 728 429 765 est
453 729 624 777 respectu
644 725 761 778 elapsi
779 726 914 764 mensis
938 721 1054 775 (ἐνόν
1072 731 1128 764 est
1154 721 1200 766 τό
1225 721 1414 776 παλαιόν)
1431 730 1471 765 et
1489 730 1658 778 respectu

186 782 350 825 muntia
371 781 504 821 eadem
529 782 739 822 novissima.
795 782 882 822 vide
907 787 948 822 et
967 783 1120 822 Suidam
1145 786 1185 821 et
1202 781 1309 822 alios.
1370 795 1494 821 versus
1512 783 1658 822 Aristo-

148 872 151 875 .
185 837 321 891 phanis
350 842 474 879 exstat
501 837 696 878 Nubibus.
738 834 866 887 εὕθΰς
892 853 991 892 μετα
1013 835 1164 892 ταύτην
1192 834 1287 880 ἔσθ’.
1317 837 1390 891 ἕνη
1410 854 1452 880 τε
1473 838 1544 880 καὶ
1571 839 1659 881 νέα.

186 898 375 948 acpotest
393 895 446 934 ihi
463 895 581 935 videri
599 907 698 947 quae
718 895 856 936 habeat
875 896 1103 936 scholiastes.
1153 897 1204 936 de
1219 909 1266 937 eo
1285 896 1348 935 die
1348 897 1660 967 interpretantur

185 951 413 1004 grammatici
431 952 662 992 Hesiodeum
679 952 772 1004 hoc,
801 949 898 1007 μήτ’
923 949 1228 1006 ἀναβάλλεσθαι
1252 952 1294 1001 ἔς
1318 948 1360 993 τ’
1384 951 1529 1008 αὔριον
1553 953 1595 1003 ἐς
1616 948 1658 994 τ’

319 1020 372 1050 ιν.
427 1009 535 1051 Xn.

296 1079 338 1119 Ρ.
363 1063 449 1108 244
477 1079 512 1106 v.
537 1063 578 1107 4.
635 1064 957 1118 παραπνλεωνα]
987 1067 1089 1117 quod
1106 1070 1194 1106 ante
1214 1061 1483 1120 παραπυλιον.
1538 1067 1658 1119 Poly-

184 1123 270 1164 bius
288 1117 517 1176 <fumantiaque
538 1124 589 1163 de
605 1122 714 1162 simili
733 1136 775 1162 re
794 1124 929 1163 dixisse
950 1124 1110 1164 videtur.
1144 1124 1234 1163 nihil
1251 1124 1349 1163 volni
1366 1129 1534 1166 mutare.
1561 1125 1658 1165 alio-

183 1180 249 1232 qui
265 1177 339 1222 τον
357 1180 654 1234 παρωπλεοῖνα
670 1175 796 1221 αὐτοῦ
813 1180 870 1220 vel
887 1174 1110 1233 papilionem
1128 1182 1334 1222 vertissem.
1391 1183 1506 1222 miror
1529 1186 1658 1224 autem

183 1237 233 1286 ab
249 1236 421 1277 Iudithae
434 1240 584 1290 recepta
599 1236 750 1276 historia
769 1238 910 1277 variare
925 1241 1103 1277 nostrum.
1159 1239 1265 1278 XYn.

295 1293 396 1332 ibid.
455 1293 735 1347 παραπυλίου]
760 1295 961 1345 posticum
976 1298 1014 1334 et
1030 1296 1274 1333 secretiorem
1292 1302 1454 1347 portam
1475 1295 1546 1336 hac
1561 1308 1658 1336 voce

182 1351 456 1404 percipiendam
485 1356 679 1391 contextus
705 1351 786 1403 ipse
813 1356 1034 1392 commonet.
1083 1354 1304 1392 narrationis
1325 1354 1458 1394 seriem
1477 1366 1502 1393 a
1523 1357 1656 1393 nostra

181 1407 364 1448 diversam
381 1412 590 1460 praetereo.
646 1408 786 1450 Gonu.

295 1478 335 1518 p.
362 1466 447 1508 246
475 1478 510 1507 v,
542 1468 580 1508 1.
637 1463 888 1518 Κτηταίους]
921 1465 1044 1504 omnia
1070 1465 1164 1506 haec
1193 1466 1244 1505 ita
1264 1469 1350 1505 sunt
1367 1467 1524 1516 vitiosa,
1556 1467 1655 1506 utin

181 1521 227 1561 iis
243 1522 486 1562 ernendandis
506 1523 745 1562 metuendum
765 1523 816 1561 sit
832 1534 881 1561 ne
902 1521 1023 1562 oleum
1043 1530 1288 1575 operamque,
1318 1524 1420 1575 quod
1441 1524 1566 1572 aiunt,
1595 1525 1654 1562 lu-

183 1579 328 1619 damus.
384 1583 425 1619 et
440 1582 602 1632 possunt
619 1579 711 1619 haec
734 1579 884 1618 aliunde
901 1580 1080 1630 conquiri.
1140 1586 1244 1619 certe
1266 1580 1336 1618 hoc
1354 1581 1499 1620 videtur
1513 1580 1655 1631 signifi-

181 1648 291 1687 care,
329 1635 487 1687 Mysos·
476 1649 516 1675 m
532 1635 676 1676 Italiam
693 1637 920 1676 transivisse.
978 1636 1168 1689 Telephus
1192 1637 1290 1676 enim
1319 1637 1453 1689 Mysus
1474 1638 1557 1677 fuit.
1616 1641 1655 1676 et

181 1692 349 1743 Mysos
337 1706 420 1746 ipse
442 1693 630 1734 Homerus
652 1694 852 1744 Κητεὶους
874 1692 1038 1744 appellat
1059 1693 1152 1733 libro
1178 1694 1360 1746 Ulysseae
1383 1696 1462 1745 11,
1499 1695 1550 1734 de
1576 1693 1654 1733 filio

181 1748 338 1802 Telephi
364 1750 553 1803 Eurypylo
580 1749 758 1801 loquens,
799 1749 941 1791 πολλοι
965 1746 1007 1790 δ’
1029 1745 1136 1802 αμφ’
1157 1747 1285 1792 avt-dv
1308 1749 1459 1806 ἑταῖροι
1482 1747 1653 1805 Κήτειοι

179 1806 398 1856 κτείνοντο,
421 1819 499 1846 non
516 1807 770 1847 dissimulante
791 1809 901 1847 etiam
920 1806 1295 1847 Eustathio.XY1..

294 1862 448 1934 p257
473 1876 510 1904 v.
540 1867 608 1908 23.
665 1865 793 1902 mensi
809 1878 837 1902 α
858 1862 953 1915 deo]
983 1865 1020 1903 in
1041 1865 1206 1916 margine
1229 1870 1286 1905 est
1309 1866 1380 1904 hoc
1394 1865 1651 1935 adscriptum.

180 1916 260 1974 ἔγω
287 1918 331 1962 δὲ
358 1913 485 1974 ευρον
513 1919 558 1961 ἐν
591 1918 741 1973 ἑτέροις
773 1918 1029 1973 ἱστορικοῖς
1016 1919 1075 1963 ότι
1104 1919 1186 1963 ἄπο
1217 1925 1294 1963 τοῦ
1316 1917 1408 1963 κατ’
1431 1917 1553 1963 αὐτὸν
1577 1936 1652 1962 τον

180 1980 294 2030 μῆνα
312 1977 468 2018 κλαίειν
489 1973 638 2026 αὐτους
659 1993 756 2026 τους
786 1977 830 2020 ἐν
852 1980 911 2031 τῷ
931 1977 1102 2049 πολέμῳ
1115 1974 1403 2027 αποθανόντας
1430 1975 1649 2045 Μόρτιουμ,

179 2031 249 2077 adv
269 2036 380 2088 μῆνα
402 2030 618 2076 ἐκάλεσαν·
662 2031 824 2089 μόρτεμ,
835 2033 911 2088 γαρ
929 2031 1027 2089 παρ’
1048 2031 1186 2084 αὐτοῖς
1209 2034 1234 2077 o‘
1254 2032 1433 2084 θάνατος
1455 2030 1650 2087 ὀνομάζε-

178 2105 260 2132 ται.
315 2093 448 2132 mirum
470 2096 528 2132 est
543 2105 627 2132 eum
642 2094 802 2132 auctoris
818 2097 895 2132 tam
914 2104 1040 2132 sacrae
1064 2093 1313 2144 etymologiae
1329 2106 1465 2132 nomen
1481 2093 1650 2144 potuisse

179 2148 422 2188 dissimulare.
477 2162 575 2200 quae
596 2151 759 2200 sequitur
778 2151 878 2189 Circi
899 2150 1119 2202 descriptio,
1157 2162 1239 2189 eam
1269 2162 1344 2189 non
1368 2162 1568 2201 assequor·
1559 2177 1571 2196 ‚
1609 2154 1650 2188 et

178 2206 305 2245 nescio
335 2206 426 2257 quid
443 2206 751 2246 Graecanicamm
783 2208 1002 2259 ineptiarum
1032 2207 1281 2259 posteriorum
1310 2212 1515 2260 temporum
1538 2206 1649 2258 sapit.

179 2262 230 2302 de
248 2265 424 2314 quattuor
441 2263 649 2313 aurigarum
665 2264 862 2315 generibus
882 2277 948 2303 seu
962 2263 1144 2304 coloribus
1166 2276 1225 2303 res
1246 2266 1335 2302 nota
1354 2269 1414 2303 est
1437 2277 1484 2304 ex
1501 2263 1648 2302 Latinis

178 2319 419 2372 scriptoribus
436 2320 556 2371 qualis
573 2320 624 2358 sit
641 2325 680 2360 et
697 2322 848 2372 quando
865 2321 1046 2361 instituta.
1104 2321 1234 2372 itaque
1252 2321 1342 2360 nihil
1365 2321 1556 2360 annotavi.
1606 2323 1648 2359 et

178 2389 204 2417 a
219 2374 399 2416 mendosa
422 2376 579 2416 lectione
596 2376 710 2417 libere
728 2378 899 2426 discessi,
927 2379 1071 2429 quoties
1090 2391 1137 2418 ex
1156 2391 1198 2417 re
1218 2378 1301 2421 fuit.
1329 2379 1436 2417 XYr..

289 2447 330 2487 p·
359 2434 444 2477 258
470 2446 506 2473 ν.
535 2432 600 2476 15.
618 2432 775 2503 πέλμα
790 2435 904 2474 totius
923 2436 1018 2475 Circi
1037 2439 1096 2475 est
1113 2448 1209 2473 area
1228 2437 1307 2475 sive
1329 2448 1470 2473 arena.
1503 2435 1646 2473 Gom.

291 2489 349 2528 ib.
381 2503 417 2529 v.
448 2492 513 2532 16.
570 2487 784 2543 Ευριπον]
814 2504 923 2544 quem
950 2493 1046 2532 Circi
1070 2493 1186 2531 solum
1208 2496 1247 2532 et
1270 2505 1420 2532 arenam
1447 2493 1646 2543 decempe-

178 2546 255 2588 deli
273 2548 526 2599 profimditate
549 2547 656 2587 simul
674 2552 713 2587 et
730 2548 922 2589 latitudine
945 2551 997 2588 ad
1021 2562 1138 2606 aquas
1159 2549 1391 2602 recipiendas
1411 2550 1520 2588 editis
1548 2561 1645 2587 nau-

177 2604 344 2644 machiae
364 2605 603 2657 spectaculis,
641 2606 812 2658 cingere,
839 2607 985 2660 scripsit
1004 2619 1049 2647 ex
1068 2599 1250 2658 Dionysio
1270 2606 1512 2660 Dempsterus
1530 2605 1645 2646 Rom.

175 2661 348 2714 antiquit.
375 2663 404 2706 6
431 2660 474 2703 4.
529 2663 671 2705 GOAu.

177 2737 244 2816 Go·
290 2717 345 2756 ib·
377 2721 511 2761 v017.
565 2715 768 2773 καμπτῦν]
809 2721 874 2772 qui
896 2723 936 2761 et
957 2717 1166 2776 καμπτήρ,
1206 2721 1300 2761 circa
1328 2723 1465 2760 metam
1485 2719 1638 2770 flexus

246 2786 322 2816 Aa.

289 2831 389 2871 ibid.
450 2829 678 2886 σφενδόνη]
717 2835 815 2872 circi
836 2848 1037 2883 carceres,
1078 2849 1124 2877 ex
1150 2836 1304 2888 quibus,
1351 2836 1451 2876 velut
1479 2845 1502 2874 a
1528 2831 1644 2872 funda

234 2893 367 2942 (ἴσως.
399 2893 571 2931 cedrenus
597 2899 680 2932 tom.
710 2895 760 2931 11.
1310 2890 1365 2932 49
