1916 3210
315 194 417 242 876
741 194 1034 240 XYLANDRI
1059 195 1132 238 ET
1159 195 1334 240 GOARI

427 307 453 342 t.
471 304 504 341 11
529 317 567 354 p.
583 300 665 345 504
683 315 718 341 v.
734 303 774 345 5.
829 304 1125 357 λωβοτροφεΐα]
1155 306 1254 345 forte
1271 319 1366 358 quae
1383 318 1550 348 vocamus
1568 309 1768 363 leprosas-ia

314 365 380 399 aut
405 361 583 408 laureta,
611 360 650 396 in
681 361 811 409 quibus
842 361 974 412 leprosi
1000 364 1162 400 aluntur:
1190 363 1284 402 solet
1310 364 1407 403 enim
1427 361 1564 418 λώβην
1581 378 1649 419 pro
1663 367 1767 422 lepra

312 429 486 468 usurpare
505 410 596 455 κατ’
616 412 775 467 ἐξοχήν,
804 421 846 455 ut
864 417 952 455 alias
970 419 1106 459 monui.
1162 419 1254 458 Xm
1537 441 1552 450 -

423 492 477 530 ib.
502 506 538 530 v.
562 493 629 536 14.
687 489 905 546 ἄγυρτικήν
933 494 1094 547 τέχνην]
1131 509 1207 535 non
1236 510 1325 536 sane
1351 497 1421 536 hoc
1447 498 1626 551 intelligo.
1673 500 1764 552 'nam

309 549 466 589 Ioannes
488 549 546 587 hic
563 550 798 588 cubicularius
819 553 909 600 fuit,
938 553 1010 590 nisi
1027 557 1115 591 ante
1135 554 1297 592 fortassis
1316 555 1634 595 circumforaneum
1650 558 1766 608 qnae-

309 609 406 643 stum
429 605 529 644 fecit.
560 605 654 644 er..
712 607 941 646 circulatores
966 608 1025 647 vel
1051 610 1294 649 circumitores
1322 611 1473 659 medici,
1503 612 1766 666 περιοδευταί,

309 661 381 700 huc
397 662 481 699 illuc
498 663 676 711 curaturi,
705 663 1045 714 circumcursantes,
1073 670 1263 717 serpentes
1285 670 1324 705 ct
1345 679 1484 705 venena
1507 662 1772 708 circumferem·
1805 666 1808 670 ’

310 720 391 766 tes,
420 718 550 767 quibus
580 720 678 756 omni
705 721 914 758 morborum
939 722 1067 771 generi
1089 723 1270 772 remedia,
1300 722 1443 772 garrulo
1463 725 1656 764 verborum
1676 737 1766 766 exa-

310 774 432 868 ἓίιιθ,
476 787 517 812 se
555 774 726 813 allaturos
761 778 997 828 promittunt3
1034 790 1058 816 a
1093 779 1224 830 quibus
1262 779 1490 831 imperatoris
1526 776 1778 836 τριχόρροια.

354 840 449 867 oAR.

427 897 483 935 ib.
515 910 551 937 v.
579 900 646 939 22.
712 899 815 949 quod
846 900 956 939 fuerit
992 899 1151 939 officium
1186 901 1342 941 Panthei
1379 904 1587 954 praefecto,
1630 906 1765 946 nescio.

311 954 440 1006 templi
463 954 610 993 alicuius
634 957 803 994 custodia
830 957 987 998 videtur.
1012 959 1102 996 Xu.
1173 960 1405 999 πανθεῶται
1431 961 1578 1000 militiae
1600 961 1766 1008 ministri,

311 1012 604 1052 buccinatoribus
643 1012 753 1050 iuncti
793 1013 888 1051 circa
922 1013 1155 1064 imperatoris
1189 1027 1366 1056 mensam.
1421 1012 1606 1058 πάνθεον
1637 1030 1764 1066 eorum

311 1071 453 1118 turma,
482 1069 582 1120 apud
600 1068 831 1118 Anonymum
847 1069 998 1119 Rigaltii
1014 1073 1053 1109 et
1072 1070 1234 1109 Meursii.
1291 1072 1419 1110 Gom.

425 1141 452 1176 t.
471 1137 506 1175 ll
531 1150 570 1188 p.
593 1134 675 1178 505
694 1149 726 1174 v,
750 1138 814 1177 10.
871 1134 945 1189 τὴν
966 1134 1185 1190 διανομήν]
1218 1138 1311 1177 hanc
1327 1139 1489 1178 donativi
1508 1154 1574 1180 seu
1590 1141 1765 1194 stipendii

309 1191 626 1241 distributionem,
651 1206 690 1232 se
707 1197 921 1245 praesente,
952 1195 1099 1246 propria
1118 1195 1345 1246 imperatoris
1365 1209 1495 1247 opera,
1523 1197 1675 1237 solemni
1693 1210 1765 1249 ap-

308 1254 454 1301 paratu,
478 1249 677 1300 palmarum
697 1251 888 1300 pervigilio
907 1255 1094 1301 peractam
1110 1252 1280 1290 describit
1296 1251 1545 1303 Luitprandns
1561 1254 1585 1293 l.
1604 1256 1644 1296 6.
1672 1253 1765 1292 Bal-

310 1318 439 1344 samon
458 1307 505 1344 de
521 1306 581 1343 illa
600 1319 639 1344 se
658 1307 746 1344 nihil
765 1308 1001 1359 promeritum
1019 1308 1248 1359 conqueritur
1262 1309 1436 1360 opusculo
1451 1309 1476 1348 l.
1491 1312 1518 1352 7
1533 1309 1625 1349 Iuris
1643 1311 1763 1353 Grue-

305 1363 493 1402 coromani
509 1364 739 1414 reperiendo,
798 1364 924 1400 GOAR.

419 1430 474 1468 ib.
496 1443 531 1469 v.
553 1432 617 1472 13.
674 1432 723 1469 ad
749 1431 908 1469 Romani
936 1434 1089 1471 mortem
1116 1433 1306 1471 annotavit
1330 1432 1520 1480 librar-lus,
1548 1432 1772 1485 σημείωσαι

306 1483 353 1528 δὲ
372 1485 550 1527 ἐνταῦθα
568 1485 634 1526 καὶ
654 1483 696 1527 τὸ
715 1489 789 1526 τοῦ
807 1483 1004 1540 θεολόγον
1025 1486 1206 1541 λέγοντος
1233 1487 1345 1536 “πῶς
1363 1486 1439 1543 yolo
1461 1485 1581 1530 σώσει
1599 1488 1629 1542 ἦ
1648 1485 1763 1531 ἄλλο-

304 1543 416 1596 τρία,
443 1541 492 1584 ὂν
513 1542 542 1595 ἦ
565 1544 648 1583 ἰδία
667 1540 871 1584 ἀπώλεσεν
879 1540 921 1593 ,·”
949 1545 1049 1594 quod
1077 1557 1149 1595 quo
1181 1546 1262 1596 ipse
1289 1546 1467 1584 rettulerit
1492 1550 1557 1584 aut
1579 1546 1669 1596 quid
1692 1546 1763 1584 huc

303 1600 436 1648 faciat,
486 1613 560 1638 non
595 1600 716 1638 video.
783 1613 869 1638 nam
897 1601 1040 1639 Helena
1071 1601 1219 1650 quidem
1250 1605 1352 1639 extra
1384 1601 1524 1652 culpam
1554 1606 1634 1650 est,
1673 1615 1772 1640 uxor·

305 1654 462 1707 Argyri3
491 1669 586 1706 quae
611 1661 786 1706 quantum
812 1657 849 1694 in
875 1657 954 1707 ipsa
977 1658 1068 1703 suit,
1096 1657 1263 1695 maritum
1283 1658 1376 1696 ultro
1396 1658 1540 1696 solvens
1558 1658 1762 1708 coniugium

306 1715 482 1759 servavit,
512 1713 710 1761 oculosque
737 1716 776 1751 et
802 1714 991 1763 imperium
1017 1713 1048 1750 is
1077 1713 1111 1750 ei
1134 1713 1310 1755 debebat.
1365 1714 1433 1752 sed
1449 1714 1487 1752 in
1508 1714 1577 1752 hoc
1593 1714 1763 1753 Romano

306 1774 465 1819 apparet
495 1781 605 1818 quam
638 1769 709 1806 deo
740 1769 985 1820 improbetur,
1014 1781 1094 1806 cum
1121 1770 1234 1820 ipsius
1254 1770 1528 1809 constitutiones
1547 1783 1764 1822 quocunque

306 1825 417 1864 etiam
434 1828 625 1876 praetextu
641 1826 870 1863 necessitatis
886 1824 1079 1864 violantur.
1136 1825 1230 1864 er..

420 1896 448 1930 t.
478 1892 512 1929 ΙΙ
540 1905 579 1943 p.
610 1891 692 1934 506
718 1905 754 1930 v.
784 1892 821 1933 1.
878 1893 951 1944 τῆς
978 1890 1261 1945 περιβλέπων]
1290 1893 1330 1931 id
1355 1892 1568 1932 vocabulum
1595 1893 1667 1933 nisi
1693 1897 1762 1941 est,

306 1948 409 1998 quod
435 1961 510 1986 non
539 1952 648 2000 put0‚
685 1950 891 2000 proprium,
930 1949 1036 1987 deest
1067 1962 1200 1987 nomen
1234 1950 1362 1998 divae,
1394 1951 1433 1988 in
1462 1950 1561 1988 cuius
1586 1949 1761 1989 honorem

305 2005 566 2042 monasterium
593 2006 812 2043 condiderit.
869 2006 938 2043 sed
965 2008 1002 2043 et
1030 2005 1126 2044 infra
1145 2006 1183 2043 in
1201 2005 1404 2056 Calaphata
1422 2010 1478 2044 est
1496 2008 1567 2057 τῆς
1585 2005 1763 2058 περιβλέ-

304 2074 408 2100 πτου
435 2063 584 2111 μονῆς,
617 2074 692 2099 non
720 2060 847 2112 procul
872 2074 895 2099 a
921 2062 1098 2111 Sigmate.
1153 2065 1311 2099 ceterum
1338 2061 1536 2101 Michaelus
1560 2063 1620 2101 hic
1644 2063 1761 2114 impe-
1823 2061 1826 2065 ’

303 2120 408 2155 rator
438 2117 627 2168 Paphlago
659 2118 748 2165 fuit3
794 2122 833 2156 et
859 2119 896 2155 in
926 2118 1094 2167 margine
1121 2117 1234 2155 habet
1259 2118 1418 2168 epitheta
1445 2113 1762 2171 ἆργυροπρᾶτου,

304 2174 407 2223 quod
431 2174 612 2223 significat
629 2179 784 2224 argento
803 2174 1011 2221 venditum,
1041 2178 1079 2212 et
1105 2174 1297 2228 δαιμονίῳ
1323 2170 1514 2224 κατόχου,
1541 2176 1607 2226 qui
1624 2188 1647 2214 a
1665 2175 1762 2214 malo

303 2233 405 2268 esset
422 2234 618 2281 occupatus
638 2232 767 2280 genio,
795 2234 836 2268 ut
858 2234 988 2282 postea
1010 2230 1199 2268 Cedrenus
1218 2234 1354 2269 narrat.
1409 2232 1506 2268 ΧΠ..

416 2300 444 2335 t.
472 2297 506 2334 ΙΙ
534 2311 570 2347 p.
601 2297 683 2339 508
709 2311 742 2336 v.
769 2298 836 2338 20.
894 2290 1202 2348 Barangorzm'z]
1232 2311 1277 2336 ex
1305 2298 1487 2336 Choniata
1514 2302 1669 2350 apparet
1692 2298 1760 2345 hos

299 2351 416 2391 fuisse
434 2353 607 2392 satellites
628 2367 692 2392 seu
711 2355 905 2406 stipatores
921 2355 1148 2404 imperatoris
1167 2355 1205 2392 in
1223 2354 1339 2402 bello,
1362 2355 1620 2405 bipenniferos.
1659 2356 1761 2394 unde

301 2411 341 2447 et
365 2409 428 2459 qui
453 2410 586 2448 fuerint
611 2412 749 2449 nescire
778 2423 820 2450 se
847 2415 911 2448 aut
942 2410 1066 2448 saltem
1094 2410 1263 2463 explicari
1287 2411 1377 2450 velle
1404 2411 1571 2450 librarius
1598 2411 1761 2450 ostendit

299 2464 404 2503 initio
425 2466 646 2513 Stratiotici,
675 2467 738 2505 ubi
758 2480 883 2506 eorum
899 2467 967 2504 fuit
980 2467 1130 2505 mentio.
1185 2467 1290 2505 XYt..

415 2532 470 2570 ih.
493 2546 526 2571 v.
542 2535 611 2575 23.
668 2535 747 2571 viri
766 2534 950 2584 acinace]
979 2535 1082 2573 suine
1099 2535 1219 2572 mariti
1237 2547 1284 2573 an
1301 2532 1485 2583 barangi?
1540 2532 1647 2576 XYn.

372 2649 375 2652 ¹
413 2605 441 2639 t.
472 2603 505 2640 ll
539 2617 578 2654 p.
607 2600 688 2644 509
720 2615 754 2643 V.
783 2602 822 2644 4.
882 2603 952 2653 qai
979 2609 1140 2639 mortem
1166 2601 1244 2638 sibi
1272 2601 1540 2650 consciscunt]
1572 2603 1624 2639 sic
1651 2602 1759 2649 verti,

307 2658 409 2706 quod
432 2671 506 2696 non
530 2663 620 2710 puto
645 2660 811 2697 omnibus
834 2660 995 2696 violenta
1018 2663 1136 2697 morte
1161 2659 1347 2696 exstinctis
1373 2659 1466 2696 hanc
1493 2658 1606 2697 fuisse
1630 2659 1758 2697 condi-

306 2712 447 2752 cionem
469 2715 688 2766 impositam.
744 2716 811 2754 sed
827 2715 887 2754 ille
905 2716 973 2753 sibi
990 2716 1137 2753 exitium
1154 2715 1368 2754 adsciverat.
1425 2714 1527 2752 xm

306 2834 345 2876 X
420 2780 473 2818 ib.
497 2795 531 2822 v.
558 2785 621 2823 10.
680 2777 756 2823 οὐκ
788 2779 884 2835 ὄναρ
916 2778 1000 2823 ἄλλ’
1032 2780 1160 2837 ὕπαρ]
1191 2795 1236 2822 ex
1262 2782 1415 2823 Homeri
1441 2782 1576 2833 odyss.
1606 2777 1638 2821 τ’
1663 2778 1758 2822 549.

345 2851 401 2877 Ἡ..
