<?xml version="1.0" encoding="UTF-8"?>
<!DOCTYPE html PUBLIC "-//W3C//DTD XHTML 1.0 Transitional//EN"
    "http://www.w3.org/TR/xhtml1/DTD/xhtml1-transitional.dtd">
<html xmlns="http://www.w3.org/1999/xhtml" xml:lang="en" lang="en">
 <head>
  <title>
</title>
<meta http-equiv="Content-Type" content="text/html;charset=utf-8" />
  <meta name='ocr-system' content='tesseract 3.04.00' />
  <meta name='ocr-capabilities' content='ocr_page ocr_carea ocr_par ocr_line ocrx_word'/>
</head>
<body>
  <div class='ocr_page' id='page_1' title='image "./corpusscriptorum14niebuoft/corpusscriptorum14niebuoft_0325.png"; bbox 0 0 1890 3236; ppageno 0'>
   <div class='ocr_carea' id='block_1_1' title="bbox 496 161 1647 208">
    <p class='ocr_par' dir='ltr' id='par_1_1' title="bbox 496 161 1647 208">
     <span class='ocr_line' id='line_1_1' title="bbox 496 161 1647 208; baseline 0 0"><span class='ocrx_word' id='word_1_1' title='bbox 496 162 898 208; x_wconf 82' lang='lat' dir='ltr'><strong>HISTORJARUM</strong></span> <span class='ocrx_word' id='word_1_2' title='bbox 926 161 1319 207; x_wconf 81' lang='lat' dir='ltr'><strong>GOMPENDIUM.</strong></span> <span class='ocrx_word' id='word_1_3' title='bbox 1550 161 1647 208; x_wconf 85' lang='lat'><strong>315</strong></span> 
     </span>
    </p>
   </div>
   <div class='ocr_carea' id='block_1_2' title="bbox 129 266 1731 1860">
    <p class='ocr_par' dir='ltr' id='par_1_2' title="bbox 181 266 1652 338">
     <span class='ocr_line' id='line_1_2' title="bbox 181 266 1652 338; baseline -0.002 -15"><span class='ocrx_word' id='word_1_4' title='bbox 181 278 314 324; x_wconf 63' lang='lat' dir='ltr'><strong>nom</strong></span> <span class='ocrx_word' id='word_1_5' title='bbox 337 277 415 335; x_wconf 84' lang='grc' dir='ltr'><strong><em>τὴν</em></strong></span> <span class='ocrx_word' id='word_1_6' title='bbox 439 277 600 335; x_wconf 77' lang='grc' dir='ltr'><strong><em>ἀπάτην</em></strong></span> <span class='ocrx_word' id='word_1_7' title='bbox 627 275 930 337; x_wconf 79' lang='grc' dir='ltr'><strong><em>ὀλοφυρόμενος</em></strong></span> <span class='ocrx_word' id='word_1_8' title='bbox 947 266 1016 322; x_wconf 73' lang='grc' dir='ltr'><strong><em>καὶ</em></strong></span> <span class='ocrx_word' id='word_1_9' title='bbox 1038 281 1098 338; x_wconf 75' lang='grc' dir='ltr'><strong><em>τῷ</em></strong></span> <span class='ocrx_word' id='word_1_10' title='bbox 1123 274 1405 337; x_wconf 81' lang='grc' dir='ltr'><strong><em>πρωτοθρὸνῳ</em></strong></span> <span class='ocrx_word' id='word_1_11' title='bbox 1423 273 1652 334; x_wconf 70' lang='grc' dir='ltr'><strong><em>ἐπιμεμφό-</em></strong></span> 
     </span>
    </p>

    <p class='ocr_par' dir='ltr' id='par_1_3' title="bbox 180 344 1654 405">
     <span class='ocr_line' id='line_1_3' title="bbox 180 344 1654 405; baseline -0.002 -13"><span class='ocrx_word' id='word_1_12' title='bbox 180 365 315 405; x_wconf 84' lang='grc' dir='ltr'><strong><em>μενος.</em></strong></span> <span class='ocrx_word' id='word_1_13' title='bbox 354 349 423 391; x_wconf 83' lang='grc' dir='ltr'><strong>καὶ</strong></span> <span class='ocrx_word' id='word_1_14' title='bbox 443 348 547 404; x_wconf 78' lang='grc' dir='ltr'><strong><em>μετὰ</em></strong></span> <span class='ocrx_word' id='word_1_15' title='bbox 563 346 714 404; x_wconf 84' lang='grc' dir='ltr'><strong><em>χρόνον</em></strong></span> <span class='ocrx_word' id='word_1_16' title='bbox 737 348 807 391; x_wconf 73' lang='grc' dir='ltr'><strong>ἵνα</strong></span> <span class='ocrx_word' id='word_1_17' title='bbox 825 350 893 391; x_wconf 85' lang='grc' dir='ltr'><strong>καὶ</strong></span> <span class='ocrx_word' id='word_1_18' title='bbox 914 352 1048 404; x_wconf 85' lang='grc' dir='ltr'><strong><em>μῆνας</em></strong></span> <span class='ocrx_word' id='word_1_19' title='bbox 1066 347 1180 391; x_wconf 71' lang='grc' dir='ltr'><strong><em>πέντε</em></strong></span> <span class='ocrx_word' id='word_1_20' title='bbox 1199 348 1414 402; x_wconf 75' lang='grc' dir='ltr'><strong><em>(τοσοῦτον</em></strong></span> <span class='ocrx_word' id='word_1_21' title='bbox 1434 346 1513 405; x_wconf 77' lang='grc' dir='ltr'><strong><em>γὰρ</em></strong></span> <span class='ocrx_word' id='word_1_22' title='bbox 1536 344 1563 389; x_wconf 74' lang='grc' dir='ltr'><em>δ</em></span> <span class='ocrx_word' id='word_1_23' title='bbox 1578 350 1654 402; x_wconf 86' lang='grc' dir='ltr'><strong>τῆς</strong></span> 
     </span>
    </p>

    <p class='ocr_par' dir='ltr' id='par_1_4' title="bbox 183 415 1656 475">
     <span class='ocr_line' id='line_1_4' title="bbox 183 415 1656 475; baseline -0.002 -15"><span class='ocrx_word' id='word_1_24' title='bbox 183 416 342 474; x_wconf 74' lang='grc' dir='ltr'><strong><em>ἦλικίας</em></strong></span> <span class='ocrx_word' id='word_1_25' title='bbox 355 421 430 461; x_wconf 74' lang='grc' dir='ltr'><strong><em>τοῦ</em></strong></span> <span class='ocrx_word' id='word_1_26' title='bbox 450 415 744 475; x_wconf 81' lang='grc' dir='ltr'><strong><em>Θεοφυλάκτου</em></strong></span> <span class='ocrx_word' id='word_1_27' title='bbox 760 417 881 460; x_wconf 70' lang='grc' dir='ltr'><strong><em>ἐνέδει</em></strong></span> <span class='ocrx_word' id='word_1_28' title='bbox 898 416 1048 474; x_wconf 78' lang='grc' dir='ltr'><strong><em>χρόνος</em></strong></span> <span class='ocrx_word' id='word_1_29' title='bbox 1063 416 1166 474; x_wconf 83' lang='grc' dir='ltr'><strong><em>πρὸς</em></strong></span> <span class='ocrx_word' id='word_1_30' title='bbox 1182 415 1411 474; x_wconf 78' lang='grc' dir='ltr'><strong><em>τελειότητα</em></strong></span> <span class='ocrx_word' id='word_1_31' title='bbox 1433 418 1501 460; x_wconf 80' lang='grc' dir='ltr'><strong>καὶ</strong></span> <span class='ocrx_word' id='word_1_32' title='bbox 1515 433 1656 473; x_wconf 85' lang='grc' dir='ltr'><strong><em>χειρο-</em></strong></span> 
     </span>
    </p>

    <p class='ocr_par' dir='ltr' id='par_1_5' title="bbox 183 484 1658 546">
     <span class='ocr_line' id='line_1_5' title="bbox 183 484 1658 546; baseline -0.002 -16"><span class='ocrx_word' id='word_1_33' title='bbox 183 487 332 530; x_wconf 82' lang='grc' dir='ltr'><strong><em>θεσίαν</em></strong></span> <span class='ocrx_word' id='word_1_34' title='bbox 347 484 674 545; x_wconf 74' lang='grc' dir='ltr'><strong><em>ἀρχιερωσύνης)</em></strong></span> <span class='ocrx_word' id='word_1_35' title='bbox 695 488 987 545; x_wconf 79' lang='grc' dir='ltr'><strong><em>Φεβρουαρίῳ,</em></strong></span> <span class='ocrx_word' id='word_1_36' title='bbox 1004 488 1270 537; x_wconf 32' lang='grc' dir='ltr'><strong><em>*Ᾰῖνδικτιῶνος</em></strong></span> <span class='ocrx_word' id='word_1_37' title='bbox 1282 485 1340 542; x_wconf 83' lang='grc' dir='ltr'><strong>β’,</strong></span> <span class='ocrx_word' id='word_1_38' title='bbox 1370 492 1658 546; x_wconf 80' lang='grc' dir='ltr'><strong><em>χειροτονεῖται</em></strong></span> 
     </span>
    </p>

    <p class='ocr_par' dir='ltr' id='par_1_6' title="bbox 130 552 1731 1165">
     <span class='ocr_line' id='line_1_6' title="bbox 149 552 1731 615; baseline -0.001 -16"><span class='ocrx_word' id='word_1_39' title='bbox 149 566 173 603; x_wconf 76' lang='grc'><strong><em>5</em></strong></span> <span class='ocrx_word' id='word_1_40' title='bbox 185 553 439 615; x_wconf 75' lang='grc' dir='ltr'><em>πατριάρχης</em></span> <span class='ocrx_word' id='word_1_41' title='bbox 462 554 752 614; x_wconf 76' lang='grc' dir='ltr'><strong><em>Θεοφύλακτος</em></strong></span> <span class='ocrx_word' id='word_1_42' title='bbox 772 553 794 598; x_wconf 83' lang='grc' dir='ltr'>ὁ</span> <span class='ocrx_word' id='word_1_43' title='bbox 812 559 888 598; x_wconf 84' lang='grc' dir='ltr'><strong><em>τοῦ</em></strong></span> <span class='ocrx_word' id='word_1_44' title='bbox 906 555 1109 610; x_wconf 76' lang='grc' dir='ltr'><strong><em>βασιλέως</em></strong></span> <span class='ocrx_word' id='word_1_45' title='bbox 1123 552 1225 606; x_wconf 80' lang='grc' dir='ltr'><strong><em>υἱός.</em></strong></span> <span class='ocrx_word' id='word_1_46' title='bbox 1679 570 1710 607; x_wconf 88' lang='lat' dir='ltr'><strong>B</strong></span> <span class='ocrx_word' id='word_1_47' title='bbox 1729 600 1731 602; x_wconf 75' lang='grc'><strong>,</strong></span> 
     </span>
     <span class='ocr_line' id='line_1_7' title="bbox 319 620 1658 677; baseline -0.001 -9"><span class='ocrx_word' id='word_1_48' title='bbox 319 625 538 676; x_wconf 84' lang='grc' dir='ltr'><strong><em>Βασίλειος</em></strong></span> <span class='ocrx_word' id='word_1_49' title='bbox 567 624 615 667; x_wconf 80' lang='grc' dir='ltr'><strong>δέ</strong></span> <span class='ocrx_word' id='word_1_50' title='bbox 640 641 703 675; x_wconf 88' lang='grc' dir='ltr'><strong>τις</strong></span> <span class='ocrx_word' id='word_1_51' title='bbox 731 622 957 677; x_wconf 77' lang='grc' dir='ltr'><strong><em>Μακεδών,</em></strong></span> <span class='ocrx_word' id='word_1_52' title='bbox 991 626 1300 668; x_wconf 79' lang='grc' dir='ltr'><strong><em>Κωνσταντῖνον</em></strong></span> <span class='ocrx_word' id='word_1_53' title='bbox 1325 622 1396 667; x_wconf 79' lang='grc' dir='ltr'><strong><em>τὸν</em></strong></span> <span class='ocrx_word' id='word_1_54' title='bbox 1416 627 1489 667; x_wconf 78' lang='grc' dir='ltr'><strong><em>τοῦ</em></strong></span> <span class='ocrx_word' id='word_1_55' title='bbox 1511 620 1658 667; x_wconf 58' lang='lat' dir='ltr'><strong>Aminea</strong></span> 
     </span>
     <span class='ocr_line' id='line_1_8' title="bbox 183 691 1658 752; baseline -0.001 -15"><span class='ocrx_word' id='word_1_56' title='bbox 183 691 330 737; x_wconf 63' lang='grc' dir='ltr'><strong><em>ἑαυτὸν</em></strong></span> <span class='ocrx_word' id='word_1_57' title='bbox 361 693 636 752; x_wconf 67' lang='grc' dir='ltr'><strong><em>ἐπιφημίσας,</em></strong></span> <span class='ocrx_word' id='word_1_58' title='bbox 681 693 860 744; x_wconf 78' lang='grc' dir='ltr'><strong><em>πολλοὺς</em></strong></span> <span class='ocrx_word' id='word_1_59' title='bbox 887 691 1145 749; x_wconf 67' lang='grc' dir='ltr'><strong><em>ἐξαπατήσας</em></strong></span> <span class='ocrx_word' id='word_1_60' title='bbox 1172 692 1276 751; x_wconf 80' lang='grc' dir='ltr'><strong><em>πρὸς</em></strong></span> <span class='ocrx_word' id='word_1_61' title='bbox 1305 691 1450 735; x_wconf 70' lang='grc' dir='ltr'><strong><em>ἑαυτὸν</em></strong></span> <span class='ocrx_word' id='word_1_62' title='bbox 1478 691 1658 737; x_wconf 72' lang='grc' dir='ltr'><strong><em>ἐπεσπά-</em></strong></span> 
     </span>
     <span class='ocr_line' id='line_1_9' title="bbox 183 759 1657 820; baseline -0.002 -13"><span class='ocrx_word' id='word_1_63' title='bbox 183 779 310 815; x_wconf 83' lang='grc' dir='ltr'><strong><em>σατο,</em></strong></span> <span class='ocrx_word' id='word_1_64' title='bbox 348 764 416 806; x_wconf 80' lang='grc' dir='ltr'><strong>καὶ</strong></span> <span class='ocrx_word' id='word_1_65' title='bbox 447 765 681 820; x_wconf 84' lang='grc' dir='ltr'><strong><em>περιπατῶν</em></strong></span> <span class='ocrx_word' id='word_1_66' title='bbox 699 759 822 809; x_wconf 68' lang='grc' dir='ltr'><strong><em>ἐκύκα</em></strong></span> <span class='ocrx_word' id='word_1_67' title='bbox 840 764 909 805; x_wconf 80' lang='grc' dir='ltr'><strong>καὶ</strong></span> <span class='ocrx_word' id='word_1_68' title='bbox 929 760 1194 820; x_wconf 80' lang='grc' dir='ltr'><strong><em>συνετάραττε</em></strong></span> <span class='ocrx_word' id='word_1_69' title='bbox 1216 761 1291 813; x_wconf 84' lang='grc' dir='ltr'><strong>τὰς</strong></span> <span class='ocrx_word' id='word_1_70' title='bbox 1309 760 1446 813; x_wconf 86' lang='grc' dir='ltr'><strong><em>πόλεις</em></strong></span> <span class='ocrx_word' id='word_1_71' title='bbox 1465 764 1533 805; x_wconf 78' lang='grc' dir='ltr'><strong>καὶ</strong></span> <span class='ocrx_word' id='word_1_72' title='bbox 1554 761 1657 819; x_wconf 85' lang='grc' dir='ltr'><strong><em>πρὸς</em></strong></span> 
     </span>
     <span class='ocr_line' id='line_1_10' title="bbox 183 829 1654 889; baseline -0.001 -14"><span class='ocrx_word' id='word_1_73' title='bbox 183 831 438 875; x_wconf 73' lang='grc' dir='ltr'><strong><em>ἀποστασίαν</em></strong></span> <span class='ocrx_word' id='word_1_74' title='bbox 455 832 593 874; x_wconf 67' lang='grc' dir='ltr'><strong><em>ἐκίνει·</em></strong></span> <span class='ocrx_word' id='word_1_75' title='bbox 627 832 845 886; x_wconf 70' lang='grc' dir='ltr'><strong><em>συσχεθεὶς</em></strong></span> <span class='ocrx_word' id='word_1_76' title='bbox 862 832 907 875; x_wconf 76' lang='grc' dir='ltr'><strong>δὲ</strong></span> <span class='ocrx_word' id='word_1_77' title='bbox 926 829 1040 889; x_wconf 86' lang='grc' dir='ltr'><strong><em>παρά</em></strong></span> <span class='ocrx_word' id='word_1_78' title='bbox 1056 848 1164 882; x_wconf 89' lang='grc' dir='ltr'><strong><em>τινος</em></strong></span> <span class='ocrx_word' id='word_1_79' title='bbox 1181 829 1443 889; x_wconf 77' lang='grc' dir='ltr'><strong><em>τουρμάρχου</em></strong></span> <span class='ocrx_word' id='word_1_80' title='bbox 1457 830 1654 889; x_wconf 80' lang='grc' dir='ltr'><strong><em>Ἔλεφαν·</em></strong></span> 
     </span>
     <span class='ocr_line' id='line_1_11' title="bbox 130 898 1656 959; baseline -0.003 -13"><span class='ocrx_word' id='word_1_81' title='bbox 130 900 293 948; x_wconf 79' lang='grc' dir='ltr'><strong><em>ιοτίνου</em></strong></span> <span class='ocrx_word' id='word_1_82' title='bbox 318 899 397 956; x_wconf 70' lang='grc' dir='ltr'><strong><em>τὴν</em></strong></span> <span class='ocrx_word' id='word_1_83' title='bbox 417 900 706 959; x_wconf 81' lang='grc' dir='ltr'><strong><em>προσηγορίαν,</em></strong></span> <span class='ocrx_word' id='word_1_84' title='bbox 741 901 810 942; x_wconf 82' lang='grc' dir='ltr'><strong>καὶ</strong></span> <span class='ocrx_word' id='word_1_85' title='bbox 838 898 895 952; x_wconf 81' lang='grc' dir='ltr'><strong><em>ὥς</em></strong></span> <span class='ocrx_word' id='word_1_86' title='bbox 921 900 1096 955; x_wconf 78' lang='grc' dir='ltr'><strong><em>βασιλέα</em></strong></span> <span class='ocrx_word' id='word_1_87' title='bbox 1123 900 1269 955; x_wconf 81' lang='grc' dir='ltr'><strong><em>ἀχθεὶς</em></strong></span> <span class='ocrx_word' id='word_1_88' title='bbox 1300 904 1374 956; x_wconf 84' lang='grc' dir='ltr'><strong>τῆς</strong></span> <span class='ocrx_word' id='word_1_89' title='bbox 1399 904 1499 955; x_wconf 78' lang='grc' dir='ltr'><strong><em>μιᾶς</em></strong></span> <span class='ocrx_word' id='word_1_90' title='bbox 1531 902 1656 943; x_wconf 84' lang='grc' dir='ltr'><strong><em>ἀλλο-</em></strong></span> 
     </span>
     <span class='ocr_line' id='line_1_12' title="bbox 182 966 1656 1029; baseline 0.001 -16"><span class='ocrx_word' id='word_1_91' title='bbox 182 973 366 1027; x_wconf 73' lang='grc' dir='ltr'><strong><em>τριοῦται</em></strong></span> <span class='ocrx_word' id='word_1_92' title='bbox 381 968 535 1027; x_wconf 82' lang='grc' dir='ltr'><strong><em>χειρός.</em></strong></span> <span class='ocrx_word' id='word_1_93' title='bbox 603 966 689 1012; x_wconf 78' lang='grc' dir='ltr'><strong><em>εἶτα</em></strong></span> <span class='ocrx_word' id='word_1_94' title='bbox 716 967 852 1022; x_wconf 85' lang='grc' dir='ltr'><strong><em>πάλιν,</em></strong></span> <span class='ocrx_word' id='word_1_95' title='bbox 891 968 947 1020; x_wconf 79' lang='grc' dir='ltr'><strong><em>ὥς</em></strong></span> <span class='ocrx_word' id='word_1_96' title='bbox 976 970 1158 1027; x_wconf 82' lang='grc' dir='ltr'><strong><em>ἀφείθη,</em></strong></span> <span class='ocrx_word' id='word_1_97' title='bbox 1188 976 1309 1027; x_wconf 80' lang='grc' dir='ltr'><strong><em>χεῖρα</em></strong></span> <span class='ocrx_word' id='word_1_98' title='bbox 1333 973 1492 1025; x_wconf 81' lang='grc' dir='ltr'><strong><em>χαλκῆν</em></strong></span> <span class='ocrx_word' id='word_1_99' title='bbox 1521 968 1656 1029; x_wconf 73' lang='grc' dir='ltr'><strong><em>ἑαυτῷ</em></strong></span> 
     </span>
     <span class='ocr_line' id='line_1_13' title="bbox 183 1035 1654 1096; baseline 0.001 -16"><span class='ocrx_word' id='word_1_100' title='bbox 183 1039 368 1095; x_wconf 75' lang='grc' dir='ltr'><strong><em>περιθεὶς</em></strong></span> <span class='ocrx_word' id='word_1_101' title='bbox 395 1039 466 1082; x_wconf 78' lang='grc' dir='ltr'><strong>καὶ</strong></span> <span class='ocrx_word' id='word_1_102' title='bbox 496 1035 666 1093; x_wconf 78' lang='grc' dir='ltr'><strong><em>σπάθην</em></strong></span> <span class='ocrx_word' id='word_1_103' title='bbox 703 1035 959 1095; x_wconf 75' lang='grc' dir='ltr'><strong><em>ὖπερμεγὲθη</em></strong></span> <span class='ocrx_word' id='word_1_104' title='bbox 992 1036 1302 1090; x_wconf 77' lang='grc' dir='ltr'><strong><em>κατασκευάσας</em></strong></span> <span class='ocrx_word' id='word_1_105' title='bbox 1337 1037 1578 1096; x_wconf 83' lang='grc' dir='ltr'><strong><em>περιενόστει</em></strong></span> <span class='ocrx_word' id='word_1_106' title='bbox 1606 1039 1654 1083; x_wconf 84' lang='grc' dir='ltr'><strong><em>τὸ</em></strong></span> 
     </span>
     <span class='ocr_line' id='line_1_14' title="bbox 179 1106 1658 1165; baseline 0.002 -16"><span class='ocrx_word' id='word_1_107' title='bbox 179 1107 383 1162; x_wconf 77' lang='grc' dir='ltr'><strong><em>Ὀψίκιον,</em></strong></span> <span class='ocrx_word' id='word_1_108' title='bbox 425 1107 522 1159; x_wconf 80' lang='grc' dir='ltr'><strong><em>τοὺς</em></strong></span> <span class='ocrx_word' id='word_1_109' title='bbox 541 1107 834 1165; x_wconf 75' lang='grc' dir='ltr'><strong><em>ἀφελεστέρους</em></strong></span> <span class='ocrx_word' id='word_1_110' title='bbox 858 1111 1022 1151; x_wconf 83' lang='grc' dir='ltr'><strong><em>πλανῶν</em></strong></span> <span class='ocrx_word' id='word_1_111' title='bbox 1041 1106 1098 1159; x_wconf 83' lang='grc' dir='ltr'><strong><em>ὡς</em></strong></span> <span class='ocrx_word' id='word_1_112' title='bbox 1123 1107 1247 1159; x_wconf 81' lang='grc' dir='ltr'><strong><em>αὐτὸς</em></strong></span> <span class='ocrx_word' id='word_1_113' title='bbox 1274 1108 1334 1163; x_wconf 73' lang='grc' dir='ltr'><strong>εἴη</strong></span> <span class='ocrx_word' id='word_1_114' title='bbox 1350 1110 1658 1160; x_wconf 82' lang='grc' dir='ltr'><strong><em>Κωνσταντῖνος</em></strong></span> 
     </span>
    </p>

    <p class='ocr_par' dir='ltr' id='par_1_7' title="bbox 129 1172 1710 1860">
     <span class='ocr_line' id='line_1_15' title="bbox 185 1172 1710 1234; baseline 0.001 -15"><span class='ocrx_word' id='word_1_115' title='bbox 185 1174 207 1219; x_wconf 80' lang='grc' dir='ltr'><strong>ὃ</strong></span> <span class='ocrx_word' id='word_1_116' title='bbox 226 1179 302 1220; x_wconf 78' lang='grc' dir='ltr'><strong><em>τοῦ</em></strong></span> <span class='ocrx_word' id='word_1_117' title='bbox 317 1173 478 1220; x_wconf 57' lang='lat' dir='ltr'><strong>Achaea.</strong></span> <span class='ocrx_word' id='word_1_118' title='bbox 545 1174 727 1232; x_wconf 80' lang='grc' dir='ltr'><strong><em>μεγάλην</em></strong></span> <span class='ocrx_word' id='word_1_119' title='bbox 745 1172 817 1220; x_wconf 80' lang='grc' dir='ltr'><strong>οὗν</strong></span> <span class='ocrx_word' id='word_1_120' title='bbox 832 1184 952 1234; x_wconf 78' lang='grc' dir='ltr'><strong><em>χεῖρα</em></strong></span> <span class='ocrx_word' id='word_1_121' title='bbox 968 1178 1248 1234; x_wconf 74' lang='grc' dir='ltr'><strong><em>συναθροίσας</em></strong></span> <span class='ocrx_word' id='word_1_122' title='bbox 1268 1177 1522 1221; x_wconf 81' lang='grc' dir='ltr'><strong><em>ἀποστασίαν</em></strong></span> <span class='ocrx_word' id='word_1_123' title='bbox 1543 1184 1654 1222; x_wconf 87' lang='grc' dir='ltr'><strong><em>κινεῖ.</em></strong></span> <span class='ocrx_word' id='word_1_124' title='bbox 1677 1191 1710 1227; x_wconf 83' lang='lat' dir='ltr'><strong>c</strong></span> 
     </span>
     <span class='ocr_line' id='line_1_16' title="bbox 131 1243 1660 1304; baseline 0.001 -16"><span class='ocrx_word' id='word_1_125' title='bbox 131 1256 175 1293; x_wconf 84' lang='lat'><strong>15</strong></span> <span class='ocrx_word' id='word_1_126' title='bbox 185 1246 254 1288; x_wconf 77' lang='grc' dir='ltr'><strong>καὶ</strong></span> <span class='ocrx_word' id='word_1_127' title='bbox 274 1244 322 1288; x_wconf 79' lang='grc' dir='ltr'><strong><em>τὸ</em></strong></span> <span class='ocrx_word' id='word_1_128' title='bbox 343 1243 543 1304; x_wconf 72' lang='grc' dir='ltr'><strong><em>φρούριον</em></strong></span> <span class='ocrx_word' id='word_1_129' title='bbox 569 1244 784 1300; x_wconf 82' lang='grc' dir='ltr'><strong><em>κατασχὼν</em></strong></span> <span class='ocrx_word' id='word_1_130' title='bbox 804 1245 827 1288; x_wconf 83' lang='grc' dir='ltr'>ὃ</span> <span class='ocrx_word' id='word_1_131' title='bbox 846 1248 1032 1289; x_wconf 83' lang='grc' dir='ltr'><strong><em>Πλατεῖα</em></strong></span> <span class='ocrx_word' id='word_1_132' title='bbox 1052 1247 1180 1304; x_wconf 76' lang='grc' dir='ltr'><strong><em>πέτρα</em></strong></span> <span class='ocrx_word' id='word_1_133' title='bbox 1201 1245 1538 1303; x_wconf 83' lang='grc' dir='ltr'><strong><em>κατονομάζεται,</em></strong></span> <span class='ocrx_word' id='word_1_134' title='bbox 1576 1252 1660 1291; x_wconf 81' lang='grc' dir='ltr'><strong>πᾶν</strong></span> 
     </span>
     <span class='ocr_line' id='line_1_17' title="bbox 184 1309 1659 1374; baseline 0.002 -17"><span class='ocrx_word' id='word_1_135' title='bbox 184 1313 292 1366; x_wconf 72' lang='grc' dir='ltr'><strong><em>εἶδος</em></strong></span> <span class='ocrx_word' id='word_1_136' title='bbox 321 1315 366 1358; x_wconf 73' lang='grc' dir='ltr'><strong>ἓν</strong></span> <span class='ocrx_word' id='word_1_137' title='bbox 388 1313 524 1374; x_wconf 75' lang='grc' dir='ltr'><strong><em>τούτῳ</em></strong></span> <span class='ocrx_word' id='word_1_138' title='bbox 553 1314 754 1367; x_wconf 80' lang='grc' dir='ltr'><strong><em>ἀπέθετο,</em></strong></span> <span class='ocrx_word' id='word_1_139' title='bbox 790 1315 869 1373; x_wconf 73' lang='grc' dir='ltr'><strong>ἀφ’</strong></span> <span class='ocrx_word' id='word_1_140' title='bbox 902 1309 1028 1374; x_wconf 76' lang='grc' dir='ltr'><strong><em>οὗπερ</em></strong></span> <span class='ocrx_word' id='word_1_141' title='bbox 1060 1314 1341 1373; x_wconf 74' lang='grc' dir='ltr'><strong><em>ἐξορμώμενος</em></strong></span> <span class='ocrx_word' id='word_1_142' title='bbox 1372 1315 1575 1372; x_wconf 73' lang='grc' dir='ltr'><strong><em>ἐλεηλάτει</em></strong></span> <span class='ocrx_word' id='word_1_143' title='bbox 1605 1316 1659 1360; x_wconf 78' lang='grc' dir='ltr'><strong><em>τὰ</em></strong></span> 
     </span>
     <span class='ocr_line' id='line_1_18' title="bbox 184 1378 1658 1444; baseline 0.002 -18"><span class='ocrx_word' id='word_1_144' title='bbox 184 1382 473 1441; x_wconf 84' lang='grc' dir='ltr'><strong><em>παρατυχόντα</em></strong></span> <span class='ocrx_word' id='word_1_145' title='bbox 489 1385 557 1426; x_wconf 83' lang='grc' dir='ltr'><strong>καὶ</strong></span> <span class='ocrx_word' id='word_1_146' title='bbox 576 1384 765 1439; x_wconf 65' lang='grc' dir='ltr'><strong><em>ἐληίζετο.</em></strong></span> <span class='ocrx_word' id='word_1_147' title='bbox 832 1384 1003 1440; x_wconf 72' lang='grc' dir='ltr'><strong><em>πέμψας</em></strong></span> <span class='ocrx_word' id='word_1_148' title='bbox 1022 1378 1096 1427; x_wconf 73' lang='grc' dir='ltr'><strong>οὖν</strong></span> <span class='ocrx_word' id='word_1_149' title='bbox 1113 1382 1136 1427; x_wconf 81' lang='grc' dir='ltr'><strong><em>ὃ</em></strong></span> <span class='ocrx_word' id='word_1_150' title='bbox 1152 1384 1350 1439; x_wconf 79' lang='grc' dir='ltr'><strong><em>βασιλεὺς</em></strong></span> <span class='ocrx_word' id='word_1_151' title='bbox 1366 1385 1542 1444; x_wconf 81' lang='grc' dir='ltr'><strong><em>στρατὸν</em></strong></span> <span class='ocrx_word' id='word_1_152' title='bbox 1561 1385 1658 1429; x_wconf 74' lang='grc' dir='ltr'><strong><em>κατ’</em></strong></span> 
     </span>
     <span class='ocr_line' id='line_1_19' title="bbox 186 1450 1661 1513; baseline 0.001 -18"><span class='ocrx_word' id='word_1_153' title='bbox 186 1453 314 1496; x_wconf 78' lang='grc' dir='ltr'><strong><em>αὐτοῦ</em></strong></span> <span class='ocrx_word' id='word_1_154' title='bbox 334 1451 459 1496; x_wconf 71' lang='grc' dir='ltr'><strong><em>αὐτόν</em></strong></span> <span class='ocrx_word' id='word_1_155' title='bbox 478 1469 521 1496; x_wconf 86' lang='grc' dir='ltr'><strong>τε</strong></span> <span class='ocrx_word' id='word_1_156' title='bbox 539 1450 818 1507; x_wconf 80' lang='grc' dir='ltr'><strong><em>συλλαμβάνει</em></strong></span> <span class='ocrx_word' id='word_1_157' title='bbox 838 1455 907 1496; x_wconf 77' lang='grc' dir='ltr'><strong>καὶ</strong></span> <span class='ocrx_word' id='word_1_158' title='bbox 926 1453 1023 1505; x_wconf 75' lang='grc' dir='ltr'><strong><em>τοὺς</em></strong></span> <span class='ocrx_word' id='word_1_159' title='bbox 1042 1452 1118 1497; x_wconf 72' lang='grc' dir='ltr'><strong><em>σὺν</em></strong></span> <span class='ocrx_word' id='word_1_160' title='bbox 1137 1454 1262 1513; x_wconf 74' lang='grc' dir='ltr'><strong><em>αὐτῷ.</em></strong></span> <span class='ocrx_word' id='word_1_161' title='bbox 1310 1456 1380 1496; x_wconf 82' lang='grc' dir='ltr'><strong>καὶ</strong></span> <span class='ocrx_word' id='word_1_162' title='bbox 1401 1455 1534 1497; x_wconf 81' lang='grc' dir='ltr'><strong><em>πολλὰ</em></strong></span> <span class='ocrx_word' id='word_1_163' title='bbox 1557 1455 1661 1498; x_wconf 85' lang='grc' dir='ltr'><strong><em>ἀνα-</em></strong></span> 
     </span>
     <span class='ocr_line' id='line_1_20' title="bbox 185 1519 1662 1581; baseline 0.001 -16"><span class='ocrx_word' id='word_1_164' title='bbox 185 1523 326 1580; x_wconf 75' lang='grc' dir='ltr'><strong><em>κρίνας</em></strong></span> <span class='ocrx_word' id='word_1_165' title='bbox 351 1525 505 1577; x_wconf 80' lang='grc' dir='ltr'><strong><em>μαθεῖν</em></strong></span> <span class='ocrx_word' id='word_1_166' title='bbox 529 1519 589 1577; x_wconf 85' lang='grc' dir='ltr'><strong>μή</strong></span> <span class='ocrx_word' id='word_1_167' title='bbox 618 1539 722 1573; x_wconf 85' lang='grc' dir='ltr'><strong><em>τινες</em></strong></span> <span class='ocrx_word' id='word_1_168' title='bbox 748 1519 823 1564; x_wconf 78' lang='grc' dir='ltr'><strong><em>εἷεν</em></strong></span> <span class='ocrx_word' id='word_1_169' title='bbox 852 1526 942 1565; x_wconf 73' lang='grc' dir='ltr'><strong><em>τῶν</em></strong></span> <span class='ocrx_word' id='word_1_170' title='bbox 959 1525 1002 1566; x_wconf 75' lang='grc' dir='ltr'><strong>ἐν</strong></span> <span class='ocrx_word' id='word_1_171' title='bbox 1024 1523 1128 1566; x_wconf 77' lang='grc' dir='ltr'><strong><em>τέλει</em></strong></span> <span class='ocrx_word' id='word_1_172' title='bbox 1150 1524 1405 1581; x_wconf 84' lang='grc' dir='ltr'><strong><em>συνίστορες,</em></strong></span> <span class='ocrx_word' id='word_1_173' title='bbox 1433 1528 1662 1568; x_wconf 78' lang='grc' dir='ltr'><strong><em>τελευταῖον</em></strong></span> 
     </span>
     <span class='ocr_line' id='line_1_21' title="bbox 129 1589 1661 1651; baseline 0 -15"><span class='ocrx_word' id='word_1_174' title='bbox 129 1590 314 1646; x_wconf 63' lang='grc' dir='ltr'><strong><em>ωμηδέν</em></strong></span> <span class='ocrx_word' id='word_1_175' title='bbox 334 1591 492 1649; x_wconf 84' lang='grc' dir='ltr'><strong><em>καίριον</em></strong></span> <span class='ocrx_word' id='word_1_176' title='bbox 511 1589 771 1645; x_wconf 80' lang='grc' dir='ltr'><strong><em>καταλαβών,</em></strong></span> <span class='ocrx_word' id='word_1_177' title='bbox 805 1592 848 1634; x_wconf 76' lang='grc' dir='ltr'><strong>ἐν</strong></span> <span class='ocrx_word' id='word_1_178' title='bbox 867 1596 926 1651; x_wconf 77' lang='grc' dir='ltr'><strong><em>τῷ</em></strong></span> <span class='ocrx_word' id='word_1_179' title='bbox 947 1592 1148 1651; x_wconf 71' lang='grc' dir='ltr'><strong><em>λεγομένῳ</em></strong></span> <span class='ocrx_word' id='word_1_180' title='bbox 1164 1592 1451 1651; x_wconf 73' lang='grc' dir='ltr'><strong><em>Ἀμαστριανῷ</em></strong></span> <span class='ocrx_word' id='word_1_181' title='bbox 1471 1595 1569 1651; x_wconf 83' lang='grc' dir='ltr'><strong><em>πυρὶ</em></strong></span> <span class='ocrx_word' id='word_1_182' title='bbox 1588 1593 1661 1636; x_wconf 78' lang='grc' dir='ltr'><strong><em>τὸν</em></strong></span> 
     </span>
     <span class='ocr_line' id='line_1_22' title="bbox 184 1659 1663 1721; baseline 0.001 -18"><span class='ocrx_word' id='word_1_183' title='bbox 184 1663 370 1704; x_wconf 74' lang='grc' dir='ltr'><strong><em>τοιοῦτον</em></strong></span> <span class='ocrx_word' id='word_1_184' title='bbox 389 1661 682 1717; x_wconf 72' lang='grc' dir='ltr'><strong><em>παραδίδωσιν.</em></strong></span> <span class='ocrx_word' id='word_1_185' title='bbox 751 1659 890 1717; x_wconf 73' lang='grc' dir='ltr'><strong><em>ἄγεται</em></strong></span> <span class='ocrx_word' id='word_1_186' title='bbox 919 1661 964 1704; x_wconf 74' lang='grc' dir='ltr'><strong>δὲ</strong></span> <span class='ocrx_word' id='word_1_187' title='bbox 992 1662 1060 1704; x_wconf 80' lang='grc' dir='ltr'><strong>καὶ</strong></span> <span class='ocrx_word' id='word_1_188' title='bbox 1090 1667 1261 1717; x_wconf 86' lang='grc' dir='ltr'><strong><em>γυναῖκα</em></strong></span> <span class='ocrx_word' id='word_1_189' title='bbox 1284 1661 1482 1721; x_wconf 73' lang='grc' dir='ltr'><strong><em>Στεφάνῳ</em></strong></span> <span class='ocrx_word' id='word_1_190' title='bbox 1503 1667 1563 1720; x_wconf 78' lang='grc' dir='ltr'><strong><em>τῷ</em></strong></span> <span class='ocrx_word' id='word_1_191' title='bbox 1584 1664 1663 1721; x_wconf 67' lang='grc' dir='ltr'><strong>ὐἱῷ</strong></span> 
     </span>
     <span class='ocr_line' id='line_1_23' title="bbox 185 1727 1662 1788; baseline 0.003 -17"><span class='ocrx_word' id='word_1_192' title='bbox 185 1727 209 1772; x_wconf 82' lang='grc' dir='ltr'><strong>ὃ</strong></span> <span class='ocrx_word' id='word_1_193' title='bbox 232 1728 427 1784; x_wconf 69' lang='grc' dir='ltr'><strong><em>βασιλεὺς</em></strong></span> <span class='ocrx_word' id='word_1_194' title='bbox 448 1727 660 1784; x_wconf 82' lang='grc' dir='ltr'><strong><em>Ῥωμανός</em></strong></span> <span class='ocrx_word' id='word_1_195' title='bbox 683 1727 828 1773; x_wconf 82' lang='grc' dir='ltr'><strong><em>’Ἀνναν</em></strong></span> <span class='ocrx_word' id='word_1_196' title='bbox 849 1729 924 1785; x_wconf 84' lang='grc' dir='ltr'><strong><em>τὴν</em></strong></span> <span class='ocrx_word' id='word_1_197' title='bbox 948 1730 1161 1788; x_wconf 73' lang='grc' dir='ltr'><strong><em>θυγατέρα</em></strong></span> <span class='ocrx_word' id='word_1_198' title='bbox 1180 1734 1253 1774; x_wconf 85' lang='grc' dir='ltr'><strong><em>τοῦ</em></strong></span> <span class='ocrx_word' id='word_1_199' title='bbox 1273 1732 1315 1772; x_wconf 92' lang='grc' dir='ltr'>Γ</span> <span class='ocrx_word' id='word_1_200' title='bbox 1311 1735 1474 1785; x_wconf 84' lang='grc' dir='ltr'><strong><em>αβαλᾶ·</em></strong></span> <span class='ocrx_word' id='word_1_201' title='bbox 1509 1730 1596 1787; x_wconf 84' lang='grc' dir='ltr'><strong>ἅμα</strong></span> <span class='ocrx_word' id='word_1_202' title='bbox 1617 1733 1662 1775; x_wconf 74' lang='grc' dir='ltr'><strong>δὲ</strong></span> 
     </span>
     <span class='ocr_line' id='line_1_24' title="bbox 185 1795 1659 1860; baseline 0.003 -19"><span class='ocrx_word' id='word_1_203' title='bbox 185 1802 245 1856; x_wconf 76' lang='grc' dir='ltr'><strong><em>τῷ</em></strong></span> <span class='ocrx_word' id='word_1_204' title='bbox 266 1802 460 1859; x_wconf 73' lang='grc' dir='ltr'><strong><em>νυμφικῷ</em></strong></span> <span class='ocrx_word' id='word_1_205' title='bbox 488 1795 678 1859; x_wconf 74' lang='grc' dir='ltr'><strong><em>στεφάνῳ</em></strong></span> <span class='ocrx_word' id='word_1_206' title='bbox 704 1800 773 1842; x_wconf 84' lang='grc' dir='ltr'><strong>καὶ</strong></span> <span class='ocrx_word' id='word_1_207' title='bbox 802 1798 849 1843; x_wconf 81' lang='grc' dir='ltr'><strong><em>τὸ</em></strong></span> <span class='ocrx_word' id='word_1_208' title='bbox 878 1803 952 1857; x_wconf 80' lang='grc' dir='ltr'><strong>τῆς</strong></span> <span class='ocrx_word' id='word_1_209' title='bbox 978 1799 1190 1856; x_wconf 87' lang='grc' dir='ltr'><strong><em>βασιλείας</em></strong></span> <span class='ocrx_word' id='word_1_210' title='bbox 1221 1797 1404 1856; x_wconf 76' lang='grc' dir='ltr'><strong><em>διάδημα</em></strong></span> <span class='ocrx_word' id='word_1_211' title='bbox 1431 1800 1537 1860; x_wconf 69' lang='grc' dir='ltr'><strong><em>αὐτῇ</em></strong></span> <span class='ocrx_word' id='word_1_212' title='bbox 1566 1803 1659 1845; x_wconf 82' lang='grc' dir='ltr'><strong><em>ε’πε-</em></strong></span> 
     </span>
    </p>
   </div>
   <div class='ocr_carea' id='block_1_3' title="bbox 0 0 98 939">
    <p class='ocr_par' dir='ltr' id='par_1_8' title="bbox 0 0 98 939">
     <span class='ocr_line' id='line_1_25' title="bbox 0 0 98 939; baseline 0 0"><span class='ocrx_word' id='word_1_213' title='bbox 0 0 98 939; x_wconf 95' lang='lat' dir='ltr'><strong> </strong></span> 
     </span>
    </p>
   </div>
   <div class='ocr_carea' id='block_1_4' title="bbox 182 1869 1658 2037">
    <p class='ocr_par' dir='ltr' id='par_1_9' title="bbox 182 1869 1658 2037">
     <span class='ocr_line' id='line_1_26' title="bbox 182 1869 337 1911; baseline 0.006 -1"><span class='ocrx_word' id='word_1_214' title='bbox 182 1869 337 1911; x_wconf 82' lang='grc' dir='ltr'><strong><em>τίθετο.</em></strong></span> 
     </span>
     <span class='ocr_line' id='line_1_27' title="bbox 277 1939 1658 1991; baseline 0.002 -13"><span class='ocrx_word' id='word_1_215' title='bbox 277 1943 302 1978; x_wconf 86' lang='grc'>6</span> <span class='ocrx_word' id='word_1_216' title='bbox 325 1939 476 1989; x_wconf 72' lang='grc' dir='ltr'><strong><em>δουκός,</em></strong></span> <span class='ocrx_word' id='word_1_217' title='bbox 499 1946 537 1978; x_wconf 88' lang='lat' dir='ltr'><strong>et</strong></span> <span class='ocrx_word' id='word_1_218' title='bbox 559 1941 613 1977; x_wconf 88' lang='lat' dir='ltr'><strong>sic</strong></span> <span class='ocrx_word' id='word_1_219' title='bbox 636 1953 787 1988; x_wconf 81' lang='lat' dir='ltr'>semper,</span> <span class='ocrx_word' id='word_1_220' title='bbox 810 1942 842 1978; x_wconf 86' lang='lat' dir='ltr'>C</span> <span class='ocrx_word' id='word_1_221' title='bbox 979 1943 1004 1980; x_wconf 89' lang='grc'>7</span> <span class='ocrx_word' id='word_1_222' title='bbox 1026 1940 1257 1990; x_wconf 75' lang='grc' dir='ltr'><strong><em>ἐπιφημίζων</em></strong></span> <span class='ocrx_word' id='word_1_223' title='bbox 1278 1945 1310 1980; x_wconf 88' lang='lat' dir='ltr'>C</span> <span class='ocrx_word' id='word_1_224' title='bbox 1427 1946 1473 1981; x_wconf 82' lang='lat'><strong>17</strong></span> <span class='ocrx_word' id='word_1_225' title='bbox 1495 1943 1658 1991; x_wconf 80' lang='grc' dir='ltr'><strong><em>στρατὸν</em></strong></span> 
     </span>
     <span class='ocr_line' id='line_1_28' title="bbox 278 1986 1601 2037; baseline 0.003 -13"><span class='ocrx_word' id='word_1_226' title='bbox 278 2000 334 2024; x_wconf 90' lang='lat' dir='ltr'><strong>om</strong></span> <span class='ocrx_word' id='word_1_227' title='bbox 357 1989 389 2024; x_wconf 85' lang='lat' dir='ltr'>C</span> <span class='ocrx_word' id='word_1_228' title='bbox 525 1989 572 2024; x_wconf 77' lang='lat'><strong>20</strong></span> <span class='ocrx_word' id='word_1_229' title='bbox 592 1990 751 2034; x_wconf 75' lang='grc' dir='ltr'><strong><em>καίριον]</em></strong></span> <span class='ocrx_word' id='word_1_230' title='bbox 775 1986 916 2024; x_wconf 81' lang='grc' dir='ltr'><strong><em>τέλειον</em></strong></span> <span class='ocrx_word' id='word_1_231' title='bbox 938 1989 970 2024; x_wconf 86' lang='lat' dir='ltr'>C</span> <span class='ocrx_word' id='word_1_232' title='bbox 1107 1989 1179 2027; x_wconf 77' lang='grc' dir='ltr'><strong><em>τὸν</em></strong></span> <span class='ocrx_word' id='word_1_233' title='bbox 1197 1991 1385 2037; x_wconf 83' lang='grc' dir='ltr'><strong><em>τοιοῦτον]</em></strong></span> <span class='ocrx_word' id='word_1_234' title='bbox 1410 1992 1548 2028; x_wconf 80' lang='grc' dir='ltr'><strong><em>τοῦτον</em></strong></span> <span class='ocrx_word' id='word_1_235' title='bbox 1570 1993 1601 2028; x_wconf 87' lang='lat' dir='ltr'>C</span> 
     </span>
    </p>
   </div>
   <div class='ocr_carea' id='block_1_5' title="bbox 185 2067 1664 2906">
    <p class='ocr_par' dir='ltr' id='par_1_10' title="bbox 185 2067 1664 2906">
     <span class='ocr_line' id='line_1_29' title="bbox 185 2067 1658 2118; baseline 0.003 -14"><span class='ocrx_word' id='word_1_236' title='bbox 185 2068 355 2104; x_wconf 83' lang='lat' dir='ltr'><strong>abductus</strong></span> <span class='ocrx_word' id='word_1_237' title='bbox 373 2071 441 2112; x_wconf 81' lang='lat' dir='ltr'><strong>est,</strong></span> <span class='ocrx_word' id='word_1_238' title='bbox 466 2067 584 2103; x_wconf 88' lang='lat' dir='ltr'><strong>multis</strong></span> <span class='ocrx_word' id='word_1_239' title='bbox 605 2068 776 2104; x_wconf 81' lang='lat' dir='ltr'><strong>fallaciam</strong></span> <span class='ocrx_word' id='word_1_240' title='bbox 799 2069 988 2114; x_wconf 83' lang='lat' dir='ltr'><strong>deplorans</strong></span> <span class='ocrx_word' id='word_1_241' title='bbox 1010 2074 1046 2106; x_wconf 88' lang='lat' dir='ltr'><strong>et</strong></span> <span class='ocrx_word' id='word_1_242' title='bbox 1067 2072 1265 2116; x_wconf 79' lang='lat' dir='ltr'><strong>praesidem</strong></span> <span class='ocrx_word' id='word_1_243' title='bbox 1286 2072 1445 2118; x_wconf 83' lang='lat' dir='ltr'><strong>culpans.</strong></span> <span class='ocrx_word' id='word_1_244' title='bbox 1491 2076 1574 2118; x_wconf 88' lang='lat' dir='ltr'><strong>post</strong></span> <span class='ocrx_word' id='word_1_245' title='bbox 1594 2085 1658 2108; x_wconf 91' lang='lat' dir='ltr'><strong>an-</strong></span> 
     </span>
     <span class='ocr_line' id='line_1_30' title="bbox 185 2114 1660 2163; baseline 0.003 -13"><span class='ocrx_word' id='word_1_246' title='bbox 185 2125 266 2150; x_wconf 86' lang='lat' dir='ltr'><strong>num</strong></span> <span class='ocrx_word' id='word_1_247' title='bbox 290 2121 328 2150; x_wconf 88' lang='lat' dir='ltr'><strong>et</strong></span> <span class='ocrx_word' id='word_1_248' title='bbox 348 2114 485 2150; x_wconf 81' lang='lat' dir='ltr'><strong>menses</strong></span> <span class='ocrx_word' id='word_1_249' title='bbox 508 2115 664 2160; x_wconf 85' lang='lat' dir='ltr'><strong>quinque</strong></span> <span class='ocrx_word' id='word_1_250' title='bbox 688 2115 978 2160; x_wconf 87' lang='lat' dir='ltr'><strong>Theophylactus</strong></span> <span class='ocrx_word' id='word_1_251' title='bbox 1002 2117 1087 2160; x_wconf 87' lang='lat' dir='ltr'><strong>(hoc</strong></span> <span class='ocrx_word' id='word_1_252' title='bbox 1111 2118 1202 2153; x_wconf 90' lang='lat' dir='ltr'><strong>enim</strong></span> <span class='ocrx_word' id='word_1_253' title='bbox 1225 2118 1393 2163; x_wconf 88' lang='lat' dir='ltr'><strong>temporis</strong></span> <span class='ocrx_word' id='word_1_254' title='bbox 1417 2119 1452 2153; x_wconf 90' lang='lat' dir='ltr'><strong>ei</strong></span> <span class='ocrx_word' id='word_1_255' title='bbox 1475 2119 1589 2154; x_wconf 86' lang='lat' dir='ltr'><strong>adhuc</strong></span> <span class='ocrx_word' id='word_1_256' title='bbox 1615 2119 1660 2154; x_wconf 86' lang='lat' dir='ltr'><strong>ad</strong></span> 
     </span>
     <span class='ocr_line' id='line_1_31' title="bbox 185 2161 1659 2211; baseline 0.004 -16"><span class='ocrx_word' id='word_1_257' title='bbox 185 2161 373 2206; x_wconf 75' lang='lat' dir='ltr'><strong>legitimam</strong></span> <span class='ocrx_word' id='word_1_258' title='bbox 390 2172 549 2196; x_wconf 88' lang='lat' dir='ltr'><strong>manuum</strong></span> <span class='ocrx_word' id='word_1_259' title='bbox 564 2161 821 2207; x_wconf 80' lang='lat' dir='ltr'><strong>impositionem</strong></span> <span class='ocrx_word' id='word_1_260' title='bbox 844 2162 1022 2208; x_wconf 76' lang='lat' dir='ltr'>defuerat)</span> <span class='ocrx_word' id='word_1_261' title='bbox 1047 2176 1166 2199; x_wconf 81' lang='lat' dir='ltr'><strong>mense</strong></span> <span class='ocrx_word' id='word_1_262' title='bbox 1181 2164 1391 2210; x_wconf 82' lang='lat' dir='ltr'><strong>Februario,</strong></span> <span class='ocrx_word' id='word_1_263' title='bbox 1415 2165 1608 2201; x_wconf 83' lang='lat' dir='ltr'><strong>indictione</strong></span> <span class='ocrx_word' id='word_1_264' title='bbox 1623 2167 1659 2211; x_wconf 71' lang='lat'><strong>2,</strong></span> 
     </span>
     <span class='ocr_line' id='line_1_32' title="bbox 185 2208 554 2254; baseline -0.005 -12"><span class='ocrx_word' id='word_1_265' title='bbox 185 2208 386 2254; x_wconf 82' lang='lat' dir='ltr'><strong>patriarcba</strong></span> <span class='ocrx_word' id='word_1_266' title='bbox 401 2214 554 2242; x_wconf 86' lang='lat' dir='ltr'><strong>creatur.</strong></span> 
     </span>
     <span class='ocr_line' id='line_1_33' title="bbox 279 2252 1662 2299; baseline 0.004 -12"><span class='ocrx_word' id='word_1_267' title='bbox 279 2253 355 2288; x_wconf 87' lang='lat' dir='ltr'><strong>Sub</strong></span> <span class='ocrx_word' id='word_1_268' title='bbox 377 2253 470 2288; x_wconf 87' lang='lat' dir='ltr'><strong>idem</strong></span> <span class='ocrx_word' id='word_1_269' title='bbox 492 2259 630 2299; x_wconf 86' lang='lat' dir='ltr'><strong>tempus</strong></span> <span class='ocrx_word' id='word_1_270' title='bbox 653 2252 805 2288; x_wconf 80' lang='lat' dir='ltr'><strong>Basilius</strong></span> <span class='ocrx_word' id='word_1_271' title='bbox 838 2253 976 2299; x_wconf 87' lang='lat' dir='ltr'><strong>quidam</strong></span> <span class='ocrx_word' id='word_1_272' title='bbox 999 2254 1149 2290; x_wconf 84' lang='lat' dir='ltr'><strong>Macedo</strong></span> <span class='ocrx_word' id='word_1_273' title='bbox 1180 2268 1220 2292; x_wconf 89' lang='lat' dir='ltr'><strong>se</strong></span> <span class='ocrx_word' id='word_1_274' title='bbox 1245 2256 1512 2292; x_wconf 81' lang='lat' dir='ltr'><strong>Constantinum</strong></span> <span class='ocrx_word' id='word_1_275' title='bbox 1540 2257 1662 2292; x_wconf 88' lang='lat' dir='ltr'><strong>Ducae</strong></span> 
     </span>
     <span class='ocr_line' id='line_1_34' title="bbox 186 2298 1664 2349; baseline 0.003 -15"><span class='ocrx_word' id='word_1_276' title='bbox 186 2299 294 2335; x_wconf 82' lang='lat' dir='ltr'><strong>filium</strong></span> <span class='ocrx_word' id='word_1_277' title='bbox 318 2310 399 2334; x_wconf 87' lang='lat' dir='ltr'><strong>esse</strong></span> <span class='ocrx_word' id='word_1_278' title='bbox 420 2299 557 2334; x_wconf 79' lang='lat' dir='ltr'><strong>iactans</strong></span> <span class='ocrx_word' id='word_1_279' title='bbox 581 2298 704 2334; x_wconf 88' lang='lat' dir='ltr'><strong>multos</strong></span> <span class='ocrx_word' id='word_1_280' title='bbox 728 2300 896 2345; x_wconf 81' lang='lat' dir='ltr'><strong>deceptos</strong></span> <span class='ocrx_word' id='word_1_281' title='bbox 919 2300 989 2334; x_wconf 88' lang='lat' dir='ltr'><strong>sibi</strong></span> <span class='ocrx_word' id='word_1_282' title='bbox 1016 2302 1206 2347; x_wconf 73' lang='lat' dir='ltr'><strong>adsciscit,</strong></span> <span class='ocrx_word' id='word_1_283' title='bbox 1241 2308 1276 2338; x_wconf 88' lang='lat' dir='ltr'><strong>et</strong></span> <span class='ocrx_word' id='word_1_284' title='bbox 1298 2302 1380 2338; x_wconf 90' lang='lat' dir='ltr'><strong>hinc</strong></span> <span class='ocrx_word' id='word_1_285' title='bbox 1414 2302 1498 2338; x_wconf 89' lang='lat' dir='ltr'><strong>inde</strong></span> <span class='ocrx_word' id='word_1_286' title='bbox 1530 2315 1664 2349; x_wconf 81' lang='lat' dir='ltr'><strong>vagans</strong></span> 
     </span>
     <span class='ocr_line' id='line_1_35' title="bbox 212 2345 1662 2395; baseline 0.003 -15"><span class='ocrx_word' id='word_1_287' title='bbox 212 2357 252 2380; x_wconf 88' lang='lat' dir='ltr'><strong>er</strong></span> <span class='ocrx_word' id='word_1_288' title='bbox 281 2347 387 2380; x_wconf 85' lang='lat' dir='ltr'><strong>urbes</strong></span> <span class='ocrx_word' id='word_1_289' title='bbox 418 2345 586 2380; x_wconf 85' lang='lat' dir='ltr'><strong>tumultus</strong></span> <span class='ocrx_word' id='word_1_290' title='bbox 620 2345 776 2380; x_wconf 83' lang='lat' dir='ltr'><strong>concitat</strong></span> <span class='ocrx_word' id='word_1_291' title='bbox 807 2351 844 2380; x_wconf 89' lang='lat' dir='ltr'><strong>et</strong></span> <span class='ocrx_word' id='word_1_292' title='bbox 873 2347 917 2380; x_wconf 85' lang='lat' dir='ltr'><strong>ad</strong></span> <span class='ocrx_word' id='word_1_293' title='bbox 942 2347 1172 2383; x_wconf 79' lang='lat' dir='ltr'><strong>defectionem</strong></span> <span class='ocrx_word' id='word_1_294' title='bbox 1197 2354 1327 2384; x_wconf 81' lang='lat' dir='ltr'><strong>movet.</strong></span> <span class='ocrx_word' id='word_1_295' title='bbox 1376 2349 1662 2395; x_wconf 85' lang='lat' dir='ltr'><strong>comprehensum</strong></span> 
     </span>
     <span class='ocr_line' id='line_1_36' title="bbox 185 2356 1662 2442; baseline 0.003 -16"><span class='ocrx_word' id='word_1_296' title='bbox 185 2356 278 2426; x_wconf 61' lang='lat' dir='ltr'><strong>liunc</strong></span> <span class='ocrx_word' id='word_1_297' title='bbox 300 2391 441 2438; x_wconf 87' lang='lat' dir='ltr'><strong>quidam</strong></span> <span class='ocrx_word' id='word_1_298' title='bbox 462 2391 718 2436; x_wconf 83' lang='lat' dir='ltr'><strong>Elephantinus</strong></span> <span class='ocrx_word' id='word_1_299' title='bbox 741 2397 876 2427; x_wconf 75' lang='lat' dir='ltr'><strong>turmae</strong></span> <span class='ocrx_word' id='word_1_300' title='bbox 904 2394 1104 2438; x_wconf 74' lang='lat' dir='ltr'><strong>praefectus</strong></span> <span class='ocrx_word' id='word_1_301' title='bbox 1134 2396 1178 2430; x_wconf 87' lang='lat' dir='ltr'><strong>ad</strong></span> <span class='ocrx_word' id='word_1_302' title='bbox 1208 2395 1456 2441; x_wconf 83' lang='lat' dir='ltr'><strong>imperatorem</strong></span> <span class='ocrx_word' id='word_1_303' title='bbox 1481 2397 1662 2442; x_wconf 72' lang='lat' dir='ltr'><strong>perducitz</strong></span> 
     </span>
     <span class='ocr_line' id='line_1_37' title="bbox 185 2438 1663 2478; baseline 0.003 -5"><span class='ocrx_word' id='word_1_304' title='bbox 185 2438 218 2473; x_wconf 85' lang='lat' dir='ltr'><strong>is</strong></span> <span class='ocrx_word' id='word_1_305' title='bbox 251 2449 328 2473; x_wconf 84' lang='lat' dir='ltr'><strong>eum</strong></span> <span class='ocrx_word' id='word_1_306' title='bbox 361 2438 471 2473; x_wconf 83' lang='lat' dir='ltr'><strong>altera</strong></span> <span class='ocrx_word' id='word_1_307' title='bbox 504 2443 700 2473; x_wconf 87' lang='lat' dir='ltr'><strong>truncatum</strong></span> <span class='ocrx_word' id='word_1_308' title='bbox 733 2449 837 2472; x_wconf 87' lang='lat' dir='ltr'><strong>manu</strong></span> <span class='ocrx_word' id='word_1_309' title='bbox 860 2438 1018 2475; x_wconf 80' lang='lat' dir='ltr'><strong>dimittit.</strong></span> <span class='ocrx_word' id='word_1_310' title='bbox 1066 2440 1230 2476; x_wconf 86' lang='lat' dir='ltr'><strong>dimissus</strong></span> <span class='ocrx_word' id='word_1_311' title='bbox 1257 2453 1395 2476; x_wconf 83' lang='lat' dir='ltr'><strong>aeream</strong></span> <span class='ocrx_word' id='word_1_312' title='bbox 1418 2453 1554 2478; x_wconf 87' lang='lat' dir='ltr'><strong>manum</strong></span> <span class='ocrx_word' id='word_1_313' title='bbox 1579 2444 1663 2478; x_wconf 84' lang='lat' dir='ltr'><strong>sub-</strong></span> 
     </span>
     <span class='ocr_line' id='line_1_38' title="bbox 185 2484 1662 2534; baseline 0.003 -15"><span class='ocrx_word' id='word_1_314' title='bbox 185 2484 305 2520; x_wconf 80' lang='lat' dir='ltr'><strong>stituit</strong></span> <span class='ocrx_word' id='word_1_315' title='bbox 327 2484 518 2528; x_wconf 80' lang='lat' dir='ltr'><strong>abscissae,</strong></span> <span class='ocrx_word' id='word_1_316' title='bbox 549 2484 796 2529; x_wconf 84' lang='lat' dir='ltr'><strong>ingentemque</strong></span> <span class='ocrx_word' id='word_1_317' title='bbox 819 2485 997 2520; x_wconf 89' lang='lat' dir='ltr'><strong>accinctus</strong></span> <span class='ocrx_word' id='word_1_318' title='bbox 1022 2499 1139 2522; x_wconf 83' lang='lat' dir='ltr'><strong>ensem</strong></span> <span class='ocrx_word' id='word_1_319' title='bbox 1164 2487 1345 2534; x_wconf 86' lang='lat' dir='ltr'><strong>Opsicium</strong></span> <span class='ocrx_word' id='word_1_320' title='bbox 1369 2495 1552 2534; x_wconf 83' lang='lat' dir='ltr'><strong>peragrat,</strong></span> <span class='ocrx_word' id='word_1_321' title='bbox 1577 2489 1662 2525; x_wconf 86' lang='lat' dir='ltr'><strong>sirn-</strong></span> 
     </span>
     <span class='ocr_line' id='line_1_39' title="bbox 185 2530 1663 2581; baseline 0.004 -16"><span class='ocrx_word' id='word_1_322' title='bbox 185 2530 394 2578; x_wconf 81' lang='lat' dir='ltr'><strong>plicioribus</strong></span> <span class='ocrx_word' id='word_1_323' title='bbox 423 2532 640 2576; x_wconf 87' lang='lat' dir='ltr'><strong>persuadens</strong></span> <span class='ocrx_word' id='word_1_324' title='bbox 670 2543 710 2564; x_wconf 83' lang='lat' dir='ltr'><strong>se</strong></span> <span class='ocrx_word' id='word_1_325' title='bbox 741 2543 820 2566; x_wconf 86' lang='lat' dir='ltr'><strong>esse</strong></span> <span class='ocrx_word' id='word_1_326' title='bbox 843 2532 1109 2568; x_wconf 76' lang='lat' dir='ltr'><strong>Constantinum</strong></span> <span class='ocrx_word' id='word_1_327' title='bbox 1133 2534 1278 2569; x_wconf 86' lang='lat' dir='ltr'><strong>Ducam.</strong></span> <span class='ocrx_word' id='word_1_328' title='bbox 1326 2535 1379 2570; x_wconf 81' lang='lat' dir='ltr'><strong>ita</strong></span> <span class='ocrx_word' id='word_1_329' title='bbox 1405 2547 1531 2581; x_wconf 83' lang='lat' dir='ltr'><strong>magna</strong></span> <span class='ocrx_word' id='word_1_330' title='bbox 1561 2548 1663 2571; x_wconf 81' lang='lat' dir='ltr'><strong>manu</strong></span> 
     </span>
     <span class='ocr_line' id='line_1_40' title="bbox 186 2576 1664 2625; baseline 0.003 -13"><span class='ocrx_word' id='word_1_331' title='bbox 186 2582 370 2613; x_wconf 84' lang='lat' dir='ltr'><strong>contracta</strong></span> <span class='ocrx_word' id='word_1_332' title='bbox 393 2577 627 2612; x_wconf 77' lang='lat' dir='ltr'><strong>defectionem</strong></span> <span class='ocrx_word' id='word_1_333' title='bbox 650 2576 754 2619; x_wconf 86' lang='lat' dir='ltr'><strong>facit3</strong></span> <span class='ocrx_word' id='word_1_334' title='bbox 790 2583 827 2612; x_wconf 89' lang='lat' dir='ltr'><strong>et</strong></span> <span class='ocrx_word' id='word_1_335' title='bbox 857 2585 1027 2625; x_wconf 85' lang='lat' dir='ltr'><strong>occupato</strong></span> <span class='ocrx_word' id='word_1_336' title='bbox 1060 2580 1205 2616; x_wconf 84' lang='lat' dir='ltr'><strong>castello</strong></span> <span class='ocrx_word' id='word_1_337' title='bbox 1237 2580 1294 2615; x_wconf 87' lang='lat' dir='ltr'><strong>cui</strong></span> <span class='ocrx_word' id='word_1_338' title='bbox 1321 2581 1430 2616; x_wconf 85' lang='lat' dir='ltr'><strong>latum</strong></span> <span class='ocrx_word' id='word_1_339' title='bbox 1462 2593 1582 2617; x_wconf 82' lang='lat' dir='ltr'><strong>saxum</strong></span> <span class='ocrx_word' id='word_1_340' title='bbox 1607 2588 1664 2618; x_wconf 86' lang='lat' dir='ltr'><strong>est</strong></span> 
     </span>
     <span class='ocr_line' id='line_1_41' title="bbox 187 2623 1664 2675; baseline 0.004 -17"><span class='ocrx_word' id='word_1_341' title='bbox 187 2635 324 2669; x_wconf 88' lang='lat' dir='ltr'><strong>nomen,</strong></span> <span class='ocrx_word' id='word_1_342' title='bbox 350 2635 392 2658; x_wconf 89' lang='lat' dir='ltr'><strong>eo</strong></span> <span class='ocrx_word' id='word_1_343' title='bbox 417 2624 528 2658; x_wconf 86' lang='lat' dir='ltr'><strong>omnis</strong></span> <span class='ocrx_word' id='word_1_344' title='bbox 551 2623 693 2669; x_wconf 83' lang='lat' dir='ltr'><strong>generis</strong></span> <span class='ocrx_word' id='word_1_345' title='bbox 717 2636 775 2658; x_wconf 89' lang='lat' dir='ltr'><strong>res</strong></span> <span class='ocrx_word' id='word_1_346' title='bbox 799 2625 953 2670; x_wconf 86' lang='lat' dir='ltr'><strong>reponit,</strong></span> <span class='ocrx_word' id='word_1_347' title='bbox 977 2637 1090 2671; x_wconf 83' lang='lat' dir='ltr'><strong>eaque</strong></span> <span class='ocrx_word' id='word_1_348' title='bbox 1113 2638 1196 2662; x_wconf 89' lang='lat' dir='ltr'><strong>usus</strong></span> <span class='ocrx_word' id='word_1_349' title='bbox 1219 2639 1300 2662; x_wconf 87' lang='lat' dir='ltr'><strong>arce</strong></span> <span class='ocrx_word' id='word_1_350' title='bbox 1324 2628 1482 2672; x_wconf 83' lang='lat' dir='ltr'><strong>proxima</strong></span> <span class='ocrx_word' id='word_1_351' title='bbox 1504 2640 1664 2675; x_wconf 86' lang='lat' dir='ltr'><strong>quaeque</strong></span> 
     </span>
     <span class='ocr_line' id='line_1_42' title="bbox 185 2669 1659 2724; baseline 0.003 -20"><span class='ocrx_word' id='word_1_352' title='bbox 185 2670 436 2724; x_wconf 80' lang='lat' dir='ltr'><strong>depraedatur.</strong></span> <span class='ocrx_word' id='word_1_353' title='bbox 483 2670 677 2716; x_wconf 84' lang='lat' dir='ltr'><strong>imperator</strong></span> <span class='ocrx_word' id='word_1_354' title='bbox 705 2669 810 2705; x_wconf 86' lang='lat' dir='ltr'><strong>misso</strong></span> <span class='ocrx_word' id='word_1_355' title='bbox 840 2672 998 2707; x_wconf 87' lang='lat' dir='ltr'><strong>exercitu</strong></span> <span class='ocrx_word' id='word_1_356' title='bbox 1024 2672 1117 2707; x_wconf 81' lang='lat' dir='ltr'><strong>hunc</strong></span> <span class='ocrx_word' id='word_1_357' title='bbox 1149 2685 1225 2708; x_wconf 91' lang='lat' dir='ltr'><strong>cum</strong></span> <span class='ocrx_word' id='word_1_358' title='bbox 1255 2674 1330 2708; x_wconf 86' lang='lat' dir='ltr'><strong>suis</strong></span> <span class='ocrx_word' id='word_1_359' title='bbox 1362 2675 1478 2720; x_wconf 81' lang='lat' dir='ltr'><strong>capit3</strong></span> <span class='ocrx_word' id='word_1_360' title='bbox 1512 2686 1659 2720; x_wconf 86' lang='lat' dir='ltr'><strong>cumque</strong></span> 
     </span>
     <span class='ocr_line' id='line_1_43' title="bbox 185 2716 1657 2765; baseline 0.003 -14"><span class='ocrx_word' id='word_1_361' title='bbox 185 2716 454 2761; x_wconf 71' lang='lat' dir='ltr'><strong>diligentissime</strong></span> <span class='ocrx_word' id='word_1_362' title='bbox 484 2716 694 2762; x_wconf 87' lang='lat' dir='ltr'><strong>inquirendo</strong></span> <span class='ocrx_word' id='word_1_363' title='bbox 723 2729 767 2752; x_wconf 90' lang='lat' dir='ltr'><strong>an</strong></span> <span class='ocrx_word' id='word_1_364' title='bbox 801 2729 983 2762; x_wconf 88' lang='lat' dir='ltr'><strong>procerum</strong></span> <span class='ocrx_word' id='word_1_365' title='bbox 1015 2719 1150 2765; x_wconf 83' lang='lat' dir='ltr'><strong>aliquos</strong></span> <span class='ocrx_word' id='word_1_366' title='bbox 1181 2720 1350 2756; x_wconf 84' lang='lat' dir='ltr'><strong>facinoris</strong></span> <span class='ocrx_word' id='word_1_367' title='bbox 1372 2721 1551 2756; x_wconf 81' lang='lat' dir='ltr'><strong>habuisset</strong></span> <span class='ocrx_word' id='word_1_368' title='bbox 1572 2733 1657 2756; x_wconf 85' lang='lat' dir='ltr'><strong>con-</strong></span> 
     </span>
     <span class='ocr_line' id='line_1_44' title="bbox 185 2762 1658 2814; baseline 0.005 -18"><span class='ocrx_word' id='word_1_369' title='bbox 185 2762 279 2797; x_wconf 83' lang='lat' dir='ltr'><strong>scios</strong></span> <span class='ocrx_word' id='word_1_370' title='bbox 306 2762 394 2797; x_wconf 81' lang='lat' dir='ltr'><strong>nibil</strong></span> <span class='ocrx_word' id='word_1_371' title='bbox 416 2763 719 2809; x_wconf 84' lang='lat' dir='ltr'><strong>deprehendisset,</strong></span> <span class='ocrx_word' id='word_1_372' title='bbox 754 2764 791 2798; x_wconf 89' lang='lat' dir='ltr'><strong>in</strong></span> <span class='ocrx_word' id='word_1_373' title='bbox 814 2765 1034 2800; x_wconf 81' lang='lat' dir='ltr'><strong>Amastriano</strong></span> <span class='ocrx_word' id='word_1_374' title='bbox 1059 2777 1135 2800; x_wconf 87' lang='lat' dir='ltr'><strong>eum</strong></span> <span class='ocrx_word' id='word_1_375' title='bbox 1160 2772 1303 2802; x_wconf 85' lang='lat' dir='ltr'><strong>cremat.</strong></span> <span class='ocrx_word' id='word_1_376' title='bbox 1351 2767 1527 2803; x_wconf 83' lang='lat' dir='ltr'><strong>Romanus</strong></span> <span class='ocrx_word' id='word_1_377' title='bbox 1550 2780 1658 2814; x_wconf 88' lang='lat' dir='ltr'><strong>porro</strong></span> 
     </span>
     <span class='ocr_line' id='line_1_45' title="bbox 185 2808 1657 2864; baseline 0.005 -22"><span class='ocrx_word' id='word_1_378' title='bbox 185 2808 259 2843; x_wconf 77' lang='lat' dir='ltr'><strong>filio</strong></span> <span class='ocrx_word' id='word_1_379' title='bbox 280 2820 344 2843; x_wconf 86' lang='lat' dir='ltr'><strong>suo</strong></span> <span class='ocrx_word' id='word_1_380' title='bbox 369 2809 551 2864; x_wconf 86' lang='lat' dir='ltr'><strong>Stephano</strong></span> <span class='ocrx_word' id='word_1_381' title='bbox 577 2822 718 2844; x_wconf 82' lang='lat' dir='ltr'><strong>uxorem</strong></span> <span class='ocrx_word' id='word_1_382' title='bbox 743 2810 892 2846; x_wconf 83' lang='lat' dir='ltr'><strong>collocat</strong></span> <span class='ocrx_word' id='word_1_383' title='bbox 913 2812 1046 2847; x_wconf 86' lang='lat' dir='ltr'><strong>Annam</strong></span> <span class='ocrx_word' id='word_1_384' title='bbox 1069 2813 1226 2849; x_wconf 86' lang='lat' dir='ltr'><strong>Gabalae</strong></span> <span class='ocrx_word' id='word_1_385' title='bbox 1247 2813 1366 2860; x_wconf 76' lang='lat' dir='ltr'><strong>filiam,</strong></span> <span class='ocrx_word' id='word_1_386' title='bbox 1387 2814 1558 2862; x_wconf 82' lang='lat' dir='ltr'><strong>simulque</strong></span> <span class='ocrx_word' id='word_1_387' title='bbox 1580 2825 1657 2849; x_wconf 87' lang='lat' dir='ltr'><strong>cum</strong></span> 
     </span>
     <span class='ocr_line' id='line_1_46' title="bbox 185 2854 1079 2906; baseline 0.008 -16"><span class='ocrx_word' id='word_1_388' title='bbox 185 2860 280 2890; x_wconf 82' lang='lat' dir='ltr'><strong>serto</strong></span> <span class='ocrx_word' id='word_1_389' title='bbox 305 2854 452 2902; x_wconf 85' lang='lat' dir='ltr'><strong>nuptiah</strong></span> <span class='ocrx_word' id='word_1_390' title='bbox 476 2858 655 2903; x_wconf 80' lang='lat' dir='ltr'><strong>Augustae</strong></span> <span class='ocrx_word' id='word_1_391' title='bbox 677 2868 840 2892; x_wconf 81' lang='lat' dir='ltr'><strong>coronam</strong></span> <span class='ocrx_word' id='word_1_392' title='bbox 861 2857 895 2894; x_wconf 89' lang='lat' dir='ltr'><strong>ei</strong></span> <span class='ocrx_word' id='word_1_393' title='bbox 919 2857 1079 2906; x_wconf 85' lang='lat' dir='ltr'><strong>imponit.</strong></span> 
     </span>
    </p>
   </div>
  </div>
 </body>
</html>
