1890 3236
510 171 905 216 HISTORIARUM
936 171 1328 218 COMPENDIUM.
1547 172 1644 220 461

176 297 269 347 (κον
294 283 518 345 Πριλάπου
552 289 620 330 καὶ
652 290 728 330 τοῦ
757 287 971 330 Στυπείου.
1051 287 1206 331 ἐκεῖθεν
1239 283 1544 342 καταλαμβάνει
1579 289 1650 331 τὸν

179 358 362 414 &gamar
383 354 596 412 λεγόμενον
613 354 811 411 ποταμόν,
846 355 893 398 ὃν
913 356 1092 410 σχεδίαις
1112 357 1180 399 καὶ
1199 354 1397 408 θυλάκοις
1412 359 1649 415 πεφυσημέ-

177 441 265 476 νοις
282 424 536 484 διαπεράσας
553 423 754 468 ἐπάνεισιν
773 427 829 475 εἷς
846 424 898 468 τὰ
918 423 1087 481 Βοδηνά
1095 457 1110 478 ,
1139 425 1329 470 κάκεῖθεν
1342 430 1395 485 τῇ
1409 423 1457 469 θ’
1477 430 1551 470 τοῦ
1566 426 1649 470 Ἰα-

178 495 371 553 νουαρίου
392 494 521 550 μηνὸς
535 488 663 550 ἦλθεν
683 496 740 545 εἰς
760 494 1073 549 Θεσσαλονίκην.

307 562 458 621 ’Ἐαρος
480 564 521 606 δ’
547 562 782 613 ἐπιστάντος
809 561 1038 619 ὑπέστρεψε
1060 559 1181 606 πάλιν
1200 563 1257 614 εἷς
1275 563 1548 620 Βουλγαρίαν,
1582 566 1652 607 καὶ

176 636 237 691 τῷ
267 633 458 691 φροὺρίῳ
484 636 567 676 τῶν
591 634 789 687 Βοδηνῶν
817 632 1048 689 προσίσχει·
1093 630 1285 689 ἔφθασαν
1303 633 1382 690 γὰρ
1404 627 1515 676 οὗτοι
1523 665 1539 686 ,
1574 633 1649 688 τὴν

176 701 282 758 πρὸς
309 702 486 757 βασιλέα
513 702 647 744 πίστιν
671 698 1023 759 ἀπαρνησάμενοι,
1058 693 1156 757 ἆραι
1175 700 1278 744 κατὰ
1297 699 1507 756 Ῥωμαίων
1527 700 1647 746 ὅπλα.
1669 715 1700 751 Β

175 770 378 829 καρτερὰν
395 765 466 813 οὖν
484 768 778 825 ἐνστησάμενος
796 770 1029 826 πολιορκίαν
1045 767 1248 826 ἠνάγκασε
1272 771 1424 821 πίστεις
1444 769 1647 825 λαβόντας

175 837 349 890 ἑαυτοὺς
373 839 590 896 ἐγχειρίσαι
616 838 712 889 τοὺς
735 838 871 881 ἔνδον·
907 837 979 889 οὓς
998 835 1121 880 πάλιν
1144 838 1186 880 ἓν
1204 843 1263 897 τῷ
1279 842 1450 898 Βολερῷ
1467 842 1646 894 μετοικί-

121 913 168 951 10
178 925 278 962 σας,
325 909 394 951 καὶ
423 909 539 965 ἕτερα
570 906 750 965 φρούρια
783 907 989 964 ἀνεγείρας
1013 904 1088 949 δύο
1111 908 1154 950 ἐν
1177 911 1237 967 τῷ
1255 907 1366 967 μέσῳ
1387 912 1460 964 τῆς
1483 911 1643 964 δυσχω-

174 979 288 1034 ρίας,
319 971 378 1021 ὧν
403 977 450 1020 τὸ
479 977 552 1031 μὲν
583 977 773 1034 Καρδίαν
801 970 985 1030 ὠνόμασε
1018 976 1065 1019 τὸ
1099 975 1142 1019 δ’
1175 977 1311 1035 ἕτερον
1340 976 1455 1034 ἅγιον
1481 978 1644 1031 Ἠλίαν,

172 1045 427 1103 ὗπέστρεψεν
449 1047 505 1096 εἲς
522 1045 834 1100 Θεσσαλονίκην.
903 1047 945 1088 ἐν
962 1039 990 1103 ᾗ
1007 1042 1213 1101 Ῥωμανὸς
1235 1044 1257 1089 ὅ
1276 1047 1344 1089 καὶ
1364 1046 1553 1104 Γαβριὴλ
1576 1047 1647 1090 διά

172 1131 283 1167 τινος
306 1113 508 1170 Ῥωμαίου
533 1112 803 1173 χειροτμήτου
835 1111 1036 1158 δούλωσιν
1061 1115 1130 1158 καὶ
1149 1112 1357 1172 ὑποταγὴν
1382 1114 1647 1170 ὖπισχνεῖται.

173 1183 198 1228 ὅ
226 1185 272 1228 δὲ
300 1181 558 1235 ὑποπτεύσας
587 1184 640 1227 τὰ
665 1182 910 1240 γράμματα,
959 1183 1031 1226 τὸν
1064 1185 1275 1242 πατρίκιον
1305 1182 1546 1243 Νικηφόρον
1573 1186 1646 1229 τὸν

118 1262 164 1299 15
175 1251 334 1312 Ξιφίαν
365 1255 433 1296 καὶ
464 1254 771 1298 Κωνσταντΐνον
797 1253 868 1296 τὸν
895 1252 1109 1310 Διογένην,
1141 1254 1246 1308 μετὰ
1274 1252 1346 1297 τὸν
1373 1253 1649 1310 Βοτανειάτην

175 1322 404 1380 στρατηγὸν
433 1320 624 1379 γεγονότα
650 1322 973 1378 Θεσσαλονίκης,
1020 1322 1125 1376 μετὰ
1152 1321 1363 1377 δυνάμεως
1388 1324 1577 1378 ἐκπέμπει
1604 1325 1648 1367 ἓν

173 1397 225 1450 τῇ
243 1390 364 1452 χώρα
390 1396 472 1434 τῶν
491 1391 731 1447 Μογλένων.
799 1385 856 1434 ὧν
872 1392 946 1446 τὴν
967 1394 1104 1434 πᾶσαν
1127 1392 1380 1447 ληισαμένων
1400 1393 1551 1448 ἐκείνην
1569 1397 1644 1449 γῆν
1666 1408 1700 1443 c

175 1463 243 1504 καὶ
259 1461 334 1516 τὴν
352 1459 469 1503 πόλιν
488 1458 809 1518 πολιορκούντων
825 1459 986 1518 ἔφθασε
1007 1461 1077 1502 καὶ
1098 1458 1119 1502 ὃ
1135 1459 1349 1514 βασιλεύς,
1379 1463 1448 1503 καὶ
1468 1462 1539 1504 τὸν
1560 1479 1645 1504 πα-

175 1530 399 1589 ραρρέοντα
427 1533 481 1587 τῇ
509 1528 622 1572 πόλει
651 1527 940 1584 μετοχετεύσας
967 1527 1186 1583 ποταμόν,·
1208 1531 1278 1573 καὶ
1298 1530 1349 1573 τὰ
1370 1531 1544 1585 θεμέλια
1562 1535 1644 1574 τῶν

115 1603 316 1655 ωτειχῶν
335 1597 543 1656 ὑπορύξας
573 1599 640 1642 καὶ
669 1597 771 1650 ξύλα
800 1600 868 1641 καὶ
898 1596 1122 1655 εὔπρηστον
1144 1597 1271 1654 ἄλλην
1299 1598 1401 1654 ὕλην
1422 1598 1643 1654 ὑποβαλών

173 1675 259 1720 τοῖς
279 1665 482 1725 ὀρύγμασι
503 1668 572 1711 καὶ
592 1672 675 1726 πῦρ
696 1666 899 1723 ἐμβαλών,
922 1671 995 1722 τῆς
1011 1665 1111 1723 ὕλης
1131 1670 1499 1725 καταπρησθείσης,
1524 1670 1643 1712 κατέ-

173 1750 328 1794 στρεψε
347 1736 395 1781 τὸ
419 1743 560 1791 τεῖχος.
629 1735 727 1794 ὅπερ
754 1735 907 1788 ἰδόντες
929 1736 968 1780 οἶ
990 1735 1104 1779 ἔνδον
1125 1737 1228 1794 πρὸς
1255 1738 1405 1780 ἱκεσίαν
1427 1738 1520 1793 μετ’
1545 1738 1642 1781 ὅλο-

172 1811 349 1866 φυρμῶν
373 1804 617 1865 ἐτράποντο,
663 1808 731 1848 καὶ
769 1805 939 1857 ἑαυτοὺς
973 1807 1219 1864 παρεδίδουν
1257 1806 1332 1850 σὺν
1355 1811 1415 1866 τῷ
1442 1809 1641 1868 φρουρίῳ.

265 1925 287 1960 5
309 1900 481 1967 ἐπιόντος
502 1925 534 1960 C
671 1926 693 1959 8
718 1922 978 1969 ἐνστησάμενοι
1001 1924 1033 1960 C
1171 1926 1215 1962 13
1238 1922 1465 1972 τετμημένην
1492 1924 1641 1971 ἔχοντος

263 1969 337 2018 τὴν
358 1974 465 2017 χεῖρα
487 1972 518 2006 C
657 1973 701 2007 17
726 1972 934 2016 μογλαίνων
957 1971 987 2006 C
1012 1971 1142 2018 ubique

171 2074 300 2119 lionam
320 2074 492 2110 incendit.
539 2074 654 2110 missis
685 2074 789 2110 etiam
815 2074 981 2109 militibus
1013 2075 1156 2110 castella
1184 2074 1361 2120 Prilapum
1394 2078 1431 2110 et
1454 2075 1640 2121 stypeium

172 2121 282 2168 capit.
327 2121 411 2156 inde
433 2122 478 2156 ad
499 2121 643 2156 fluvium
668 2120 842 2156 Tzernam
871 2120 988 2166 venit,
1026 2133 1171 2167 eumque
1202 2121 1339 2157 ratibus
1363 2126 1400 2155 et
1423 2122 1559 2156 utribus
1582 2122 1640 2156 in-

170 2167 268 2250 ?gdtis
297 2166 451 2213 traicit,
491 2178 533 2203 ac
560 2167 728 2210 Budena3
768 2173 806 2202 et
835 2167 918 2204 inde
950 2179 1043 2203 nona
1071 2167 1227 2203 Ianuarii
1259 2167 1318 2202 die
1353 2167 1641 2204 Thessalonicam

237 2212 280 2249 it.

267 2258 375 2294 Initio
407 2259 504 2294 veris
536 2270 672 2294 rursum
701 2259 738 2293 in
767 2259 969 2304 Bulgariam
1004 2260 1053 2304 it,
1090 2271 1132 2294 ac
1153 2259 1320 2294 Budenae
1344 2258 1522 2294 castellum
1547 2260 1644 2302 (nam

171 2305 387 2352 praesidium
409 2305 481 2340 fide
503 2304 637 2340 violata
665 2316 760 2340 arma
785 2312 910 2340 contra
931 2306 1110 2340 Romanos
1134 2307 1303 2351 ceperat)
1338 2316 1462 2350 magna
1484 2305 1522 2340 vi
1545 2306 1644 2341 obsi-

171 2353 282 2398 dent,
305 2351 378 2387 fide
400 2351 542 2398 publica
567 2357 711 2398 accepta
736 2363 776 2386 se
799 2352 930 2386 dedere
955 2351 1205 2397 praesidiarios
1228 2350 1346 2396 cogit,
1382 2362 1513 2397 eosque
1535 2352 1642 2387 Bole-

170 2409 249 2434 tum
270 2398 448 2445 deportat.
494 2403 566 2433 tum
597 2397 635 2431 in
664 2396 900 2452 angustiarum
925 2397 1039 2433 medio
1063 2398 1131 2433 duo
1155 2397 1299 2432 castella
1323 2397 1504 2442 aedificat,
1538 2409 1642 2434 unum

171 2444 340 2490 cardine,
362 2444 509 2480 alterum
532 2443 644 2479 sancti
667 2443 770 2479 Eliae
794 2444 945 2489 nomine,
969 2449 1006 2478 et
1028 2443 1316 2479 Thessalonicam
1339 2444 1445 2479 redit.
1494 2444 1551 2478 hic
1575 2445 1640 2479 de-

170 2490 272 2537 genti
294 2489 503 2535 Gabrielus,
529 2490 590 2537 qui
614 2494 650 2524 et
672 2491 848 2525 Romanus
870 2489 1128 2536 appellabatur,
1164 2502 1229 2536 per
1252 2490 1424 2535 quendam
1447 2491 1640 2526 Romanum

170 2537 447 2573 cneirouuetum
471 2537 525 2581 (id
548 2535 697 2571 nominis
721 2538 766 2572 ab
792 2536 905 2571 incisa
927 2547 1030 2572 manu
1053 2537 1126 2580 est)
1149 2536 1323 2582 promittit
1343 2548 1382 2571 se
1405 2537 1474 2583 ipsi
1498 2548 1638 2572 servum

171 2589 281 2630 atque
314 2583 508 2620 subiectum
541 2584 633 2618 fore.
689 2584 752 2618 sed
784 2583 973 2629 imperator
1002 2582 1145 2617 fallaces
1175 2582 1296 2618 literas
1330 2594 1408 2618 esse
1442 2583 1636 2629 suspicans,

170 2629 339 2675 Xiphiam
365 2634 404 2666 et
423 2629 689 2665 Constantinum
710 2629 915 2674 Diogenem,
939 2629 1001 2675 qui
1023 2628 1252 2664 Botaneiatae
1274 2628 1312 2663 in
1335 2634 1500 2675 practura
1517 2629 1637 2664 Thes-

172 2675 384 2712 salonicensi
406 2677 595 2722 successit,
619 2687 696 2711 cum
719 2675 878 2711 exercitu
901 2675 938 2710 in
958 2675 1138 2721 regionem
1160 2675 1400 2730 Moglenorum
1423 2675 1550 2719 mittit3
1575 2676 1637 2721 qui

171 2733 251 2759 cum
275 2733 351 2758 eam
373 2723 577 2770 depopulati
599 2723 720 2757 urbem
744 2721 965 2767 obsiderent,
997 2721 1202 2767 supervenit
1223 2733 1320 2768 ipse,
1352 2727 1389 2756 et
1410 2722 1540 2766 amnis,
1572 2723 1634 2767 qui

171 2769 295 2804 urbem
315 2768 477 2814 alluebat,
503 2769 605 2804 alveo
628 2771 790 2814 adverso,
814 2768 973 2804 suffossis
995 2779 1169 2803 murorum
1190 2767 1435 2813 fundamentis,
1464 2775 1501 2804 et
1522 2769 1633 2803 inter-

171 2814 266 2850 iecto
289 2815 450 2850 cavernis
470 2815 566 2862 ligno
590 2815 728 2862 aliaque
750 2814 843 2860 ignis
866 2826 995 2861 capace
1019 2814 1176 2858 materia,
1200 2815 1362 2850 incendIo
1387 2825 1502 2850 muros
1530 2826 1633 2849 ever-

172 2861 230 2896 tit.
277 2873 351 2908 quo
379 2862 457 2899 viso
486 2862 653 2909 oppidani
683 2861 930 2899 miserabiliter
958 2861 1132 2910 supplices
1164 2861 1249 2898 facti
1281 2873 1321 2897 se
1353 2866 1388 2897 et
1408 2861 1633 2897 munitionem
