1890 3236
277 238 374 286 150
746 233 985 284 GEORGII
1017 231 1262 284 GEDRENI

273 347 532 395 πλακούντων
561 346 716 403 δηλαδὴ
745 348 813 390 καὶ
840 344 1083 403 πεμμάτων,
1115 346 1471 407 παρατιθεμένων,
1504 353 1680 406 συνεχῶς
1699 349 1729 407 ἦ

271 421 490 475 βασίλισσα
509 418 565 466 εἷς
584 415 635 459 τὰ
654 419 736 459 τῶν
752 416 935 473 πατέρων
962 415 1238 471 ἓνατενίζουσα
1268 414 1466 475 πρόσωπα
1486 420 1554 462 καὶ
1573 419 1625 462 τὰ
1644 419 1730 463 ἔνε-

273 486 462 542 στιγμένα
490 490 573 534 τοῖς
600 481 831 541 προσώποις
853 484 986 530 αὐτῶν
1004 483 1378 540 καταμανθάνουσα
1395 485 1618 544 γράμματα
1635 500 1736 531 ove-⁴1

273 553 450 609 ναγμοὺς
478 552 587 609 ἠφίει
614 554 681 595 καὶ
710 550 880 610 δάκρυα.
947 550 1004 605 εἷς
1034 554 1079 597 δὲ
1103 558 1186 598 τῶν
1215 553 1400 610 πατέρων
1426 553 1731 614 καταφωράσας

272 626 391 666 τοῦτο
411 620 485 676 τὴν
506 621 636 663 αἰτίαν
654 620 773 678 ἤρετο
791 626 863 677 τῆς
882 622 938 672 εἷς
957 622 1105 673 αὖτοὺς
1126 626 1278 678 συχνῆς
1299 622 1522 674 ἀτενίσεως.
1587 627 1662 679 τῆς
1682 623 1766 667 δὲό

273 687 462 744 εἰπούσης
494 686 597 744 “τὴν
628 690 840 747 καρτερίαν
868 687 984 743 ὖμῶν
1013 689 1239 745 θαυμάζω,
1281 689 1391 742 ὅπως
1423 691 1731 749 ἐγκολαφθῆναι
1776 703 1779 706 ’

220 771 252 807 c
274 764 356 809 τοῖς
371 755 601 814 προσώποις
615 755 730 812 ὑμῶν
746 761 924 801 τοσαῦτα
943 756 1176 814 ὑπεμείνατε
1190 756 1413 816 γράμματα
1421 791 1436 811 ,
1468 761 1663 813 ταλανίζω
1684 759 1730 803 δὲ

270 828 338 869 καὶ
371 825 446 881 τὴν
476 829 549 868 τοῦ
575 831 705 868 ταῦτα
735 824 959 882 δράσαντος
977 830 1034 878 εἷς
1052 825 1160 882 ὑμᾶς
1180 826 1371 882 ἀπήνειαν
1379 827 1428 879 ‚''
1462 825 1682 883 ὑπολαβών
1704 826 1728 872 ὃ

269 895 501 950 μακαρίτης
545 892 761 952 Θεοφάνης
794 891 925 952 ιζὑπὲρ
964 893 1114 951 ταύτης
1146 890 1180 940 ὦ
1211 896 1400 938 δέσποινα
1424 900 1497 951 τῆς
1530 895 1728 955 γραφῆς”

271 960 377 1005 εἶπεν
395 960 468 1005 “iv
486 966 543 1020 τῷ
561 967 635 1005 τοῦ
651 967 753 1005 θεοῦ
771 960 980 1021 ἄδεκάστῳ
994 963 1149 1020 βήματι
1170 962 1427 1019 δικ”ασόμεθα
1443 964 1518 1007 σὺν
1535 969 1595 1023 τῷ
1611 964 1732 1023 ἀνδρί
1739 971 1785 1008 10

270 1047 348 1074 σου
371 1032 438 1073 καὶ
459 1030 665 1084 βασιλεῖ.”
735 1029 886 1087 ἐπλήγη
907 1030 982 1074 σὺν
1001 1036 1059 1091 τῷ
1077 1031 1182 1091 λόγῳ
1199 1032 1273 1088 τὴν
1290 1033 1462 1090 καρδίαν
1478 1031 1504 1088 ἦ
1522 1033 1728 1086 δέσποινα,

269 1099 338 1142 καὶ
354 1099 455 1153 μετὰ
475 1097 661 1156 δακρύων
677 1096 755 1157 ἔφη
774 1099 875 1157 πρὸς
890 1098 961 1142 τὸν
979 1099 1093 1157 ἅγιον
1109 1099 1208 1143 “nai
1227 1100 1330 1156 αὕτη
1347 1102 1453 1144 ἐστὶν
1469 1099 1496 1157 ἢ
1513 1098 1730 1157 ὑπόσχεσις

267 1164 384 1221 ὖμῶν
406 1168 473 1210 καὶ
496 1166 538 1208 αἱ
562 1167 620 1210 δι’
647 1166 859 1226 ἐγγράφων
877 1165 1085 1225 ὁμολογίαι
1092 1200 1108 1222 ,
1141 1166 1198 1220 ὥς
1222 1169 1280 1224 μὴ
1306 1167 1432 1224 μόνον
1453 1169 1501 1212 οὗ
1522 1185 1727 1226 συγκεχω-

270 1235 432 1292 ρηκέναι
449 1234 555 1277 ἀλλὰ
574 1237 640 1278 καὶ
662 1236 763 1292 πρὸς
780 1236 939 1292 ἀγῶνας
956 1237 1145 1293 καλεῖν;”
1178 1235 1503 1292 ἀνακαλούμενος
1518 1238 1563 1280 δὲ
1576 1236 1728 1293 ταύτην

269 1300 292 1345 ὃ
312 1301 565 1361 πατριάρχης
583 1305 650 1346 καὶ
669 1302 688 1346 ὃ
712 1304 850 1355 λοιπὸς
869 1309 949 1347 τῶν
968 1305 1184 1364 ἀρχιερέων
1202 1303 1345 1360 ε’σμός,
1379 1307 1447 1348 καὶ
1465 1305 1512 1348 τὸ
1531 1305 1635 1348 πολὺ
1655 1309 1728 1360 τῆς
1738 1311 1783 1349 1⁵

270 1369 400 1426 λύπης
429 1372 771 1429 ἐπικουφίζοντες,
805 1371 1048 1425 ἀναστάντες
1080 1374 1207 1425 εὐθὺς
1238 1373 1396 1431 ἔφησαν
1421 1371 1496 1416 “ai
1524 1374 1599 1428 μὲν
1624 1371 1728 1430 ἥμὲ·

219 1447 253 1484 D
276 1455 388 1495 τεραι
405 1433 439 1482 ὦ
455 1442 616 1494 βασιλὶς
633 1437 839 1497 ὁμολογίαι
859 1457 900 1484 τε
917 1443 984 1484 καὶ
1003 1447 1204 1498 συνθῆκαι
1225 1441 1468 1485 ἄδιάπτωτοι
1486 1443 1554 1485 καὶ
1574 1441 1727 1496 ἀμετα-

267 1508 440 1563 κίνητοι,
474 1505 618 1552 τούτου
640 1510 684 1552 δὲ
704 1509 778 1565 τὴν
799 1509 1012 1567 ὀλιγωρίαν
1027 1510 1097 1553 ἐᾶν
1108 1511 1266 1566 χαίρειν
1285 1508 1457 1553 unior-’²
1528 1509 1634 1553 οὕτω
1651 1510 1727 1565 μέν

267 1574 555 1632 κατεπραύνθη
584 1581 656 1632 τῆς
682 1578 892 1633 δεσποίνης
919 1578 965 1622 τὸ
997 1577 1144 1636 ἄλγος·
1178 1577 1331 1637 ἀνεφύη
1363 1579 1410 1621 δέ
1426 1595 1487 1629 τις
1505 1583 1726 1634 τηνικαῦτα

268 1645 422 1699 αἵρεσις
451 1642 477 1700 ἦ
506 1650 587 1688 τῶν
616 1647 790 1689 Ζιλίκων
819 1647 1034 1702 λεγομένη,
1076 1645 1166 1702 ἥτις
1196 1645 1284 1702 ἅμα
1310 1650 1368 1705 τῷ
1396 1646 1560 1706 ἆρχηγῷ
1590 1649 1782 1689 Zamam

267 1711 471 1766 τοῦνομα,
504 1713 546 1755 ἐν
573 1720 657 1765 τοῖς
688 1711 933 1771 ἇσηκρήταις
958 1719 1162 1767 τελοῦντι,
1197 1715 1354 1770 ἀπέσβη
1383 1717 1450 1758 καὶ
1479 1713 1724 1773 διερρύηκεν,

268 1779 394 1823 αὐτοῦ
416 1798 459 1824 τε
484 1782 551 1823 καὶ
576 1786 656 1825 τῶν
685 1779 886 1838 ἑπομένων
915 1783 1027 1843 αὐτῷ
1054 1784 1370 1839 μετενεχθέντων
1400 1785 1457 1835 εἷς
1487 1784 1726 1838 θεοσέβειαν

267 1849 336 1890 καὶ
356 1853 413 1906 τῷ
434 1850 534 1907 θείῳ
553 1849 671 1908 μύρῳ
686 1852 937 1909 χρισθέντων
956 1868 1000 1896 τε
1019 1854 1087 1896 καὶ
1107 1853 1413 1896 τελειωθέντων.
1480 1853 1548 1895 καὶ
1574 1852 1627 1896 uz
1651 1853 1726 1910 μὲν

268 1916 372 1959 κατὰ
395 1917 470 1971 τὴν
488 1916 604 1961 πόλιν
623 1920 784 1977 ἐφέρετο
804 1922 915 1978 τῇδε.

359 2001 405 2037 12
427 1999 539 2048 ἔφησε
559 2003 591 2039 C
726 2004 770 2040 13
791 2001 837 2040 ού
857 2016 911 2040 om
929 2004 961 2040 C
1099 2004 1142 2041 15
1158 2000 1299 2048 θεσμός
1317 2004 1359 2050 C,
1383 2003 1421 2039 in
1439 2003 1595 2050 margine
1611 2002 1724 2039 κατά-

357 2046 465 2092 λογος
600 2049 644 2084 17
664 2049 830 2096 βασίλειοι
848 2051 878 2086 C
1012 2051 1058 2087 21
1080 2047 1281 2095 ἆσηκρῆτες
1301 2051 1331 2085 C
1466 2052 1512 2086 24
1529 2048 1598 2095 τὴν
1616 2063 1670 2085 om
1691 2051 1722 2086 C

265 2112 382 2159 vivio,
413 2126 488 2150 cum
511 2114 694 2162 placentae
717 2123 754 2154 et
774 2117 920 2154 bellaria
942 2123 1223 2164 apponerentur,
1257 2118 1413 2164 Augusta
1442 2119 1567 2153 crebro
1601 2117 1722 2154 horum

264 2160 399 2195 frontes
422 2161 578 2207 intuens,
611 2169 647 2199 et
669 2175 758 2210 quae
779 2165 824 2200 iis
846 2164 1015 2210 inscripta
1038 2170 1139 2199 erant
1160 2164 1298 2210 legens,
1329 2164 1583 2209 ingemiscebat
1604 2176 1646 2198 ac
1668 2164 1722 2200 la-

265 2206 490 2242 crimabatur.
535 2210 628 2254 qnod
653 2210 743 2246 alter
766 2222 884 2245 eorum
913 2216 1046 2257 patrum
1078 2210 1232 2245 sentiens
1263 2221 1400 2244 causam
1422 2215 1494 2245 tam
1520 2210 1636 2245 crebri
1659 2212 1724 2246 ob-

265 2256 361 2286 tutus
384 2253 429 2287 ab
454 2260 497 2288 ea
518 2255 705 2300 quaesivit.
752 2268 898 2302 cumque
927 2256 1168 2302 respondisset
1199 2256 1317 2290 mirari
1339 2267 1419 2290 sese
1440 2267 1558 2291 eorum
1582 2256 1723 2302 patien-

265 2297 348 2331 tiam
380 2299 473 2342 quod
503 2304 573 2335 tam
605 2302 727 2338 multas
756 2303 828 2337 sibi
857 2301 1006 2348 insculpi
1036 2302 1157 2337 literas
1192 2301 1458 2347 sustinuissent,
1498 2301 1726 2348 miserarique

267 2342 343 2376 eius
376 2343 413 2377 in
444 2344 542 2390 ipsos
571 2348 685 2382 odium
722 2347 893 2394 impotens
925 2359 947 2383 a
978 2359 1047 2393 quo
1077 2348 1163 2383 haec
1191 2353 1310 2382 essent
1339 2348 1457 2393 passi,
1487 2347 1724 2393 Theophanes

264 2384 413 2422 “huius''
444 2390 560 2436 inquit
591 2390 808 2440 “scripturae
832 2405 967 2428 causam
991 2395 1158 2429 adversus
1180 2393 1421 2439 imperatorem
1445 2393 1603 2428 maritum
1629 2400 1726 2429 tuum

267 2432 334 2467 deo
369 2434 570 2482 incorrupto
601 2438 715 2475 iudice
745 2437 1054 2485 disceptabimus.”
1098 2440 1164 2474 hoc
1185 2440 1314 2474 dictum
1340 2440 1550 2474 Theodorae
1575 2438 1725 2475 animum

267 2489 336 2512 non
361 2481 581 2518 mediocriter
600 2485 768 2531 perculit,
793 2485 1002 2532 ploransque
1022 2485 1066 2520 ad
1089 2486 1338 2531 Theophanem
1359 2485 1410 2520 ait
1430 2482 1541 2519 “haec
1563 2497 1646 2530 ergo
1670 2489 1726 2520 est

267 2529 387 2558 vestra
418 2527 599 2571 promissio
632 2537 668 2565 et
699 2532 830 2577 scripta
864 2531 1062 2576 obligatio?
1100 2532 1159 2577 qui
1190 2543 1258 2566 non
1280 2537 1414 2566 tantum
1438 2542 1508 2565 non
1529 2530 1724 2576 ignoscitis,

267 2569 330 2604 sed
354 2570 457 2605 etiam
480 2572 516 2606 in
538 2574 593 2610 ius
615 2587 742 2611 vocare
774 2575 941 2612 vultis?”
987 2589 1062 2612 eam
1099 2577 1298 2623 patriarcha
1321 2583 1358 2611 et
1379 2576 1577 2622 pontificum
1601 2582 1724 2612 coetus

267 2617 576 2669 ueconsolaretur
606 2633 648 2656 ac
680 2623 781 2667 gravi
812 2623 934 2658 dolore
964 2622 1118 2665 levaret,
1157 2634 1303 2667 surgens
1326 2622 1441 2656 statim
1465 2621 1555 2656 dixit
1578 2618 1724 2657 “nostra

267 2661 406 2705 quidem
439 2664 607 2707 promissa
639 2673 676 2702 et
706 2675 808 2713 pacta
839 2671 937 2704 firma
967 2675 1004 2703 et
1034 2669 1173 2703 immota
1204 2673 1361 2711 manent,
1396 2667 1498 2701 huius
1527 2679 1613 2702 vero
1637 2679 1723 2702 con-

268 2707 415 2753 temptui
444 2708 523 2743 vale
553 2711 671 2747 dicere
700 2712 877 2759 expedit?
922 2719 1028 2759 atque
1057 2714 1109 2748 sic
1130 2714 1231 2749 dolor
1252 2715 1428 2758 Augustae
1453 2712 1631 2757 mitigatus
1655 2718 1722 2749 est.

268 2752 334 2786 sub
368 2753 434 2787 hoc
467 2759 602 2799 tempus
637 2758 791 2793 haeresis
818 2761 984 2805 quaedam
1012 2760 1158 2794 Zilicum
1189 2759 1326 2794 nomine
1361 2763 1483 2793 exorta
1511 2759 1613 2794 simul
1646 2771 1722 2795 cum

266 2797 428 2844 principe
449 2811 512 2835 suo
537 2802 667 2846 Zssice,
693 2804 754 2848 qui
776 2817 798 2839 a
820 2806 965 2840 secretis
987 2805 1158 2851 dignitate
1180 2811 1276 2848 erat,
1300 2804 1473 2839 exstincta
1495 2810 1531 2839 et
1552 2804 1724 2852 dissipata

268 2848 342 2887 est,
377 2844 455 2890 ipso
485 2851 522 2880 et
551 2850 781 2884 sectatoribus
810 2852 856 2885 ad
882 2858 1007 2885 ‘veram
1036 2851 1238 2896 religionem
1262 2850 1441 2885 conversis
1463 2861 1634 2898 sacroque
1658 2862 1723 2887 un-

266 2894 394 2934 guento
418 2891 581 2928 delibutis
605 2900 642 2929 et
662 2895 844 2940 perfectis.
890 2896 922 2931 is
943 2897 1011 2933 fuit
1031 2907 1146 2932 rerum
1169 2897 1376 2932 urbanarum
1398 2901 1525 2933 status.
