1890 3236
458 151 856 200 HISTORIARUM
890 152 1284 200 GOMPENDIUM.
1515 152 1617 202 377

194 262 227 301 ²·
274 261 456 325 Ἀέγεται
481 268 528 312 δὲ
549 266 612 312 ὅτι
631 267 711 327 πρὸ
730 268 829 312 δέκα
845 266 1009 326 ἡμερῶν
1026 273 1101 313 τοῦ
1118 266 1306 313 θανάτου
1325 266 1451 313 αῧτοῢ
1469 266 1616 327 ἔγγρα-

141 329 359 394 φον·εῧρεν
375 334 398 380 ὅ
417 336 637 392 βασιλεύς,
663 338 903 395 ἐρριμμένον
921 339 964 382 ἐν
980 343 1039 398 τῷ
1057 342 1215 382 κοιτῶνι
1234 338 1360 382 αὐτοῦ
1378 340 1444 382 καὶ
1462 344 1616 396 μηνῦον

140 403 459 462 ἀσφαλίσασθαι
480 404 626 451 ἑαυτὸν
644 405 701 459 ὡς
717 406 1073 462 ἐπιβουλευόμενον
1091 406 1171 451 ὑπὸ
1192 412 1266 451 τοῦ
1286 409 1499 464 Τζιμισκῆ.
1547 409 1619 451 καί

140 490 234 518 τινα
255 474 301 518 δὲ
321 473 512 533 κληρικόν
530 493 635 534 φασι
654 475 757 520 κατὰ
773 476 846 532 τὴν
862 475 1034 535 ἑσπέραν
1053 482 1127 531 τῆς
1143 469 1382 534 ἀναιρέσέως
1401 477 1617 521 δεδωκέναι

108 541 255 602 ὅαῦτῷ
279 542 452 600 γράμμα
478 546 661 602 περιέχον
685 544 789 603 πρὸς
812 545 906 597 ξ’πος
925 551 1056 588 ταῦτα
1076 540 1142 589 “ὦ
1160 549 1332 601 βασιλεῦ’
1341 578 1355 599 ,
1389 545 1617 605 ἀσφάλισαι

141 610 336 656 σεαυτόν
371 614 555 665 κίνδυνος
575 613 655 672 γάρ
681 628 746 658 σοι
765 615 871 658 κατὰ
891 613 1044 670 ταύτην
1063 614 1137 670 τὴν
1156 614 1280 658 νύκτα
1301 615 1350 658 οὗ
1370 608 1515 674 μικρὸς
1538 616 1616 674 ἀρ-

140 679 327 725 suetan„
396 683 444 726 τὸ
474 683 519 726 δέ
545 682 803 741 γραμμάτιον
828 682 944 727 ἄλλοι
967 685 1043 739 μὲν
1069 684 1251 741 λέγουσιν
1274 681 1328 736 ὡς
1349 683 1569 739 ὑπολαβών
1590 683 1612 729 ὃ
1635 693 1666 728 Β

139 750 335 805 βασιλεὺς
357 749 569 808 δεητήριον
591 751 691 795 εἶναι
713 752 788 796 οὔκ
811 752 1103 810 ἀνέγνωγτοῦτο
1115 786 1130 806 ,
1163 753 1280 796 ἄλλοι
1303 753 1347 796 δ’
1374 753 1436 797 ὅτι
1461 754 1614 811 ἀνέγνω

141 818 240 875 μέν,
269 819 366 863 ἀλλ’
385 820 561 877 ἠμέλησε
576 825 650 877 τῆς
665 819 814 866 ἑαυτοῦ
831 825 1040 880 φυλακῆς,
1066 825 1141 866 τοῦ
1154 822 1288 880 χρεὼν
1306 825 1612 878 ἕμποδίσαντος,

0 856 15 927 Ε
86 898 134 936 1⁰
143 886 428 940 ἀποθανόντος
439 890 486 933 δὲ
502 888 648 933 τούτου
666 888 816 947 εὖρέθη
833 890 926 946 ἕχον
941 892 991 935 τὰ
1009 893 1279 949 γεγραμμένα.
1347 892 1464 935 ἄλλοι
1485 893 1526 936 δ’
1548 892 1613 936 ὅτι

141 956 343 1015 ἀναγνοὺς
364 958 560 1016 ἐπέτρεψε
586 959 661 1015 τὴν
683 958 846 1016 ζήτησιν
866 962 935 1003 καὶ
956 961 1143 1019 φυλακὴν
1162 966 1222 1021 τῷ
1241 964 1613 1021 πρωτοβεστιαρίῳ,

139 1023 296 1084 ἔγραψε
312 1027 360 1070 δὲ
380 1029 447 1070 καὶ
466 1032 524 1086 τῷ
541 1028 707 1088 ἀδελφῷ
722 1019 877 1073 Λέοντι
899 1029 965 1073 ἐπ’
988 1030 1100 1074 οἴκου
1123 1029 1302 1087 διάγοντι
1323 1032 1422 1075 λαὸν
1445 1030 1612 1075 ἔνοπλον

140 1095 346 1154 εἷλήφέναι
364 1098 432 1139 καὶ
450 1102 643 1154 φοιτῆσαι
660 1099 735 1154 τὴν
752 1100 946 1155 ταχίστην
963 1099 1064 1157 πρὸς
1080 1099 1125 1143 τὸ
1145 1099 1355 1144 παλάτιον.
1423 1105 1543 1144 τοῦτο
1568 1101 1613 1144 δὲ

140 1164 409 1220 διακομισθὲν
441 1167 589 1218 ἐκεῖνος
618 1166 857 1222 δεξάμενος,
899 1170 968 1211 καὶ
1001 1171 1087 1225 μηδ
1094 1169 1106 1185 ³
1141 1169 1324 1221 ἀνελίξας
1359 1168 1502 1225 (ἔτυχε
1530 1171 1611 1227 γὰρ

85 1232 324 1289 16κυβεῦων
344 1233 447 1290 μετά
468 1253 587 1279 τινων
604 1239 671 1279 καὶ
693 1239 911 1293 δαιμονίως
928 1242 979 1295 τῇ
998 1239 1142 1299 παιδιᾷ
1155 1237 1390 1296 χρώμενος)
1425 1238 1543 1282 ἔθετο
1569 1240 1613 1282 ἓν

138 1307 190 1361 τῇ
210 1301 358 1347 ἑαυτοῦ
374 1305 486 1362 κλίνῃ
502 1302 582 1348 ὑπὸ
601 1306 676 1360 τὴν
694 1306 831 1362 τύλην.
898 1306 992 1364 ἄρτι
1020 1308 1064 1351 δὲ
1087 1313 1162 1351 τοῦ
1182 1309 1367 1365 παιγνίου
1391 1309 1607 1351 διαλυθέν·
1632 1314 1666 1350 C

138 1388 212 1424 τος
239 1371 287 1416 τὸ
316 1373 574 1431 γραμμάτιον
603 1376 789 1419 ἐπελθὼν
817 1377 884 1419 καὶ
913 1377 983 1419 τὸν
1011 1377 1233 1433 ἐγκείμενον
1260 1381 1356 1420 νοῦν
1381 1379 1512 1429 συνεὶς
1532 1382 1613 1420 τῶν

138 1441 398 1500 γραφέντων,
428 1441 602 1499 δύναμιν
630 1442 687 1496 ὡς
705 1442 727 1488 ὅ
747 1445 888 1501 καιρὸς
906 1443 1049 1503 ἀπῄτει
1068 1446 1350 1503 συνηθροικώς
1373 1445 1492 1504 ἀπῄει
1511 1447 1614 1504 πρὸς

140 1509 195 1554 τὰ
209 1511 412 1566 βασίλεια.
477 1511 686 1568 γενόμενος
702 1515 746 1557 δὲ
764 1513 870 1557 κατὰ
887 1515 961 1570 τὴν
978 1515 1021 1557 ἐν
1038 1519 1097 1574 τῷ
1115 1515 1368 1574 ἱπποδρομίᾳ)
1387 1515 1613 1574 σφενδόνην

83 1577 294 1635 Ξθῆκουσέ
310 1597 430 1624 τινων
450 1583 744 1639 διαλεγομένων
765 1584 868 1642 πρὸς
889 1582 1090 1639 ἀλλήλους
1113 1581 1169 1635 ὥς
1190 1584 1271 1642 ἄρα
1293 1584 1353 1640 εἴη
1375 1583 1617 1643 Νικηφόρος

140 1647 392 1708 ἀνῃρημένος
410 1647 432 1693 ὃ
448 1650 664 1706 βασιλεύς,
688 1651 836 1708 ἤκουσε
858 1653 903 1696 δὲ
921 1655 989 1697 καὶ
1006 1657 1087 1698 τῶν
1106 1654 1148 1696 ἕν
1165 1659 1223 1712 τῷ
1241 1655 1423 1714 παλατίῳ
1442 1656 1509 1697 καὶ
1528 1661 1615 1707 τοῖς

139 1725 358 1772 στενωποῖς
381 1718 723 1780 ἀνευφημοῦντων
742 1722 813 1767 τὸν
830 1721 1033 1780 Ἰωάννην.
1100 1728 1158 1784 τῷ
1181 1723 1403 1784 ἀνελπίστῳ
1422 1724 1466 1767 δὲ
1484 1741 1591 1768 κατα
1609 1752 1615 1759 ·

230 1849 257 1887 4
290 1860 384 1896 φασι
415 1863 470 1887 om
498 1852 531 1888 C
714 1854 737 1891 5
759 1852 882 1901 πρὸς]
905 1851 957 1896 ὥς
980 1853 1011 1890 C
1196 1856 1219 1891 6
1237 1855 1377 1900 μικρῶς
1400 1852 1556 1891 ἀνύεται
1578 1856 1611 1893 C

233 1899 279 1935 19
300 1896 521 1947 ἱπποδρόμῳ
543 1899 576 1935 C
760 1904 807 1939 21
829 1898 870 1938 ἐν
890 1905 974 1944 ταῖς
995 1900 1186 1944 πλατείαις
1207 1901 1270 1938 καὶ
1292 1904 1378 1944 ταῖς
1398 1899 1505 1945 ὁδοῖς
1528 1903 1559 1939 C

232 2013 370 2050 Ferunt
399 2015 518 2050 decem
551 2015 675 2052 diebus
705 2020 888 2064 antequam
915 2017 1195 2062 interficeretur,
1224 2016 1463 2064 Nicephorum
1486 2017 1523 2052 in
1546 2029 1611 2053 suo

138 2059 301 2096 cubiculo
332 2061 511 2097 invenisse
537 2062 708 2108 libellum,
746 2065 844 2099 cuius
866 2064 1042 2111 scriptura
1065 2066 1271 2100 monebatur
1293 2071 1331 2099 ut
1353 2065 1424 2099 sibi
1447 2071 1612 2099 caveret=

139 2117 217 2142 nam
250 2118 272 2142 a
304 2107 483 2144 Tsimisca
506 2108 575 2155 ipsi
599 2110 747 2145 insidias
769 2111 861 2146 fieri.
907 2112 1078 2156 quendam
1111 2111 1212 2145 etiam
1237 2110 1399 2146 clericum
1424 2111 1612 2156 perhibent

138 2153 302 2200 vesperi,
333 2166 404 2199 qua
435 2161 539 2190 nocte
570 2156 699 2191 deinde
732 2157 857 2203 periit,
891 2157 1012 2192 literas
1036 2158 1069 2192 ei
1093 2156 1294 2192 exhibuisse
1316 2157 1353 2191 in
1376 2158 1501 2202 quibus
1525 2158 1614 2192 haec

139 2199 404 2235 continerentur
423 2197 542 2235 “muni
565 2207 602 2236 te
625 2202 758 2248 ipsum,
782 2203 989 2249 imperator-2
1017 2215 1093 2238 nam
1118 2204 1184 2238 hac
1206 2209 1309 2238 nocte
1330 2203 1398 2238 tibi
1420 2203 1613 2250 periculum

139 2244 233 2280 haud
255 2246 336 2282 leve
357 2244 574 2292 impendet.'’
619 2260 678 2283 eas
713 2249 833 2285 literas
856 2250 918 2284 alii
940 2251 1083 2285 tradunt
1105 2249 1350 2296 imperatorem
1374 2261 1443 2284 non
1467 2249 1612 2295 legisse,

139 2291 320 2337 opinatum
353 2304 396 2327 eo
427 2293 630 2339 petitionem
654 2294 802 2340 aliquam
827 2296 1014 2331 contineri.
1061 2295 1120 2330 alii
1152 2297 1281 2341 legisse
1310 2296 1427 2340 aiunt,
1462 2296 1525 2331 sed
1555 2295 1612 2331 sui

139 2337 361 2374 custodiendi
383 2340 553 2374 rationem
577 2352 646 2375 non
669 2341 812 2376 duxisse
836 2341 956 2387 ullam,
981 2342 1057 2377 fato
1081 2342 1304 2388 impeditum;
1336 2354 1466 2388 easque
1489 2342 1613 2378 literas

138 2383 220 2430 ipso
242 2384 360 2420 occiso
383 2384 546 2420 inventas
570 2386 694 2422 fuisse.
741 2400 811 2423 nou
846 2389 975 2424 desunt
1006 2388 1066 2435 qui
1090 2388 1136 2423 iis
1159 2388 1259 2423 lectis
1283 2389 1526 2434 imperatorem
1552 2400 1612 2423 as-

138 2436 259 2466 serant
280 2431 542 2487 inquisitionem
567 2439 604 2468 et
629 2435 809 2470 custodiae
831 2447 954 2470 munus
974 2435 1246 2480 protovestiario
1266 2436 1469 2478 mandasse3
1491 2435 1612 2470 simul-

139 2488 211 2523 que
233 2477 337 2512 fratri
357 2489 421 2513 suo
445 2478 560 2513 Leoni
582 2479 673 2514 domi
697 2491 783 2516 suae
811 2481 953 2526 degenti
983 2481 1171 2527 scripsisse
1193 2487 1231 2516 ut
1255 2493 1330 2515 cum
1355 2487 1488 2516 armata
1509 2493 1614 2516 manu

138 2524 185 2559 ad
241 2523 379 2559 alatium
413 2524 595 2560 celerrime
625 2526 757 2562 veniat.
805 2526 957 2562 Leonem
988 2527 1109 2563 literas
1139 2533 1303 2573 acceptas
1328 2539 1397 2562 non
1419 2527 1614 2574 aperuisse,

138 2535 238 2615 quos
269 2577 341 2606 tum
376 2572 470 2606 forte
499 2571 582 2607 talis
611 2583 686 2608 cum
718 2573 834 2619 aliquo
864 2579 1016 2609 certaret
1042 2580 1078 2609 et
1105 2573 1360 2621 impensissime
1383 2573 1452 2608 isto
1477 2573 1613 2609 ludicro

138 2616 396 2663 delectaretur,
429 2619 494 2653 sed
517 2630 578 2653 eas
602 2618 639 2653 in
662 2619 718 2654 sui
740 2619 859 2655 lectuli
881 2620 1017 2667 sponda
1039 2621 1258 2665 deposuisse.
1306 2620 1388 2655 ludo
1413 2620 1514 2655 finito
1538 2627 1614 2656 sta-

138 2662 202 2697 tim
230 2662 380 2708 legisse,
415 2670 453 2699 et
484 2670 654 2711 percepta
681 2666 858 2701 sententia
880 2667 1042 2712 coegisse
1064 2673 1226 2712 quantam
1250 2678 1306 2701 res
1329 2666 1442 2702 ferret
1464 2679 1613 2712 manum,

138 2719 182 2743 ao
213 2708 258 2744 ad
290 2709 454 2755 palatium
489 2712 724 2747 contendisse.
771 2713 834 2748 sed
859 2725 935 2748 cum
963 2714 1007 2748 ad
1031 2713 1189 2748 Fundam
1214 2713 1312 2747 Circi
1334 2712 1511 2758 venisset,
1549 2726 1613 2749 au-

138 2754 234 2790 disse
257 2757 423 2801 quosdam
446 2756 542 2792 inter
563 2770 603 2793 se
626 2759 671 2793 de
694 2759 881 2795 interfecto
903 2760 1117 2805 imperatore
1139 2759 1342 2805 Nicephoro
1361 2759 1613 2806 colloquentes,

139 2812 207 2835 nee
228 2812 297 2836 non
320 2808 359 2837 et
379 2802 417 2837 in
439 2803 570 2849 palatio
594 2810 631 2840 et
654 2805 850 2852 angiportis
879 2806 1088 2841 Tzimiscam
1119 2805 1364 2852 imperatorem
1418 2806 1613 2842 roclaman-

139 2846 225 2882 tium
249 2859 355 2884 voces
378 2850 604 2897 percepisse;
630 2851 750 2899 itaque
772 2864 813 2889 re
835 2852 1014 2901 insperata
1037 2857 1298 2889 consternatum
1319 2852 1393 2889 nihi
1429 2853 1613 2900 magnoni?
