1890 3236
324 197 422 247 940
931 201 1176 246 FABROTI

435 313 473 350 Σ
483 324 508 348 υ
520 323 543 348 κ
555 307 607 348 αἰ
632 309 767 358 Sucae,
797 309 928 358 Syene.
986 311 1198 350 Cedrenus:
1237 307 1524 363 προσῶρμησεν
1541 311 1587 354 ἐν
1604 316 1768 362 Συκαῖς.

326 366 535 404 Anastasius
552 364 713 402 biblioth.
734 368 770 403 in
790 366 885 404 Hist.
911 367 1069 408 Ecclesst
1101 374 1139 404 et
1157 367 1355 438 applicuit
1373 382 1419 405 ex
1441 368 1605 407 adverso
1626 371 1770 409 eivita-

326 424 374 459 tis
392 423 434 458 in
456 421 581 471 Sycis.
609 420 863 471 Nicephorus³
854 435 891 460 m
913 423 1238 474 Chronographia·
1271 439 1387 472 ουτος
1407 422 1544 478 ἑτέραν
1561 424 1771 492 ἐκκλησίαν

326 475 376 518 ἄν
380 479 532 528 ίστησιν
550 475 594 516 ἐν
611 479 923 534 παραθαλασσίω
940 494 995 519 τω
1015 478 1276 536 ἐπιλεγομένω
1298 483 1468 530 Συκαῖς,
1497 476 1683 535 Εἰρήνην
1696 496 1771 524 εον

327 530 439 575 οἶκον
458 532 720 585 ἐπονομάσας.

438 623 461 652 σ
471 610 500 651 v'
509 627 532 651 ν
543 626 565 651 τ
576 626 594 652 ε
603 626 626 651 κ
637 626 661 651 ν
673 627 694 652 ο
705 626 733 654 ι.
787 625 823 651 v.
843 611 1068 651 Glossarium
1093 611 1254 652 Meursii.

437 685 704 741 σχολαριοι
732 691 918 739 scholarii,
954 689 1156 738 scholares,
1199 691 1367 730 cohortes
1391 691 1540 732 militum
1559 693 1623 743 qui
1640 692 1692 732 ad
1709 706 1772 733 cu·

327 746 484 784 stodiam
504 747 629 797 palatii
653 748 818 798 deputati
837 750 951 785 erant.
1007 746 1207 797 Procopius
1227 748 1345 788 8.οἷ
1359 748 1446 801 περὶ
1467 751 1539 800 τῆς
1557 751 1632 790 τοῦ
1647 751 1772 790 παλα-

326 804 413 842 τὶου
443 805 624 853 φυλακης
653 800 788 871 λόχοι,
822 799 969 853 οὕσπερ
997 798 1138 852 σχολὰς
1168 798 1420 854 ὄνομαζουσι.
1478 811 1517 844 et
1542 805 1581 843 in
1611 799 1768 874 ἆνεζιδυ·

329 858 450 910 ἕτεροι
479 871 710 910 στρατιωται
738 855 823 927 ου’χ,1
841 856 990 909 ἥσσους
1009 854 1037 910 ἢ
1056 855 1306 900 πεντακόσιοι
1333 860 1399 900 καὶ
1403 861 1632 926 τρισχίλιοι
1657 856 1706 901 τὰ
1730 861 1772 911 ἐξ

329 911 452 967 α’ρχῆς
476 914 540 955 ἐπὶ
565 917 725 970 φυλακῇ
750 918 823 955 τοῦ
848 914 1039 956 παλατιου
1064 914 1326 966 κατέστησαν,
1363 913 1510 986 οὕσπερ
1541 917 1772 970 σχολαρίονς

327 973 507 1011 καλοῦσι.
565 972 732 1010 Chronic.
753 973 969 1010 Alexandr.-
1012 986 1080 1010 και
1108 967 1263 1023 ἐκαύθη
1286 971 1329 1013 τὸ
1356 969 1451 1024 μετὰ
1481 975 1553 1014 τοῦ
1581 973 1772 1024 πορτίκου

327 1031 405 1067 τῶν
424 1028 640 1078 σχολαρίων
658 1028 726 1068 καὶ
744 1024 1024 1087 προτηκτόρων
1050 1026 1115 1067 και
1143 1025 1405 1070 κανδιδοιτων.
1460 1030 1626 1081 Septima
1651 1030 1773 1080 Syno-

328 1085 395 1122 dus
414 1085 504 1134 Cp..
536 1081 798 1125 εἰσελθόντων
817 1087 892 1124 οὐν
912 1099 992 1124 των
1010 1083 1204 1136 βασιλέων
1223 1085 1290 1125 καὶ
1310 1088 1384 1125 τοῦ
1403 1087 1503 1126 λαου
1521 1088 1602 1126 τοῖν
1621 1081 1773 1137 ταγμά-

326 1155 419 1190 τωι,
447 1142 676 1192 σχολαρίωι,
705 1138 989 1193 ε’ξκουβιτόρων
1019 1155 1060 1179 τε
1090 1140 1158 1180 καὶ
1184 1143 1264 1181 τῶν
1295 1143 1446 1181 λοιπῶν
1474 1138 1773 1193 στρατευμάτων

326 1199 407 1236 τῶν
429 1196 746 1248 στρατευομένων
766 1197 810 1238 ἐν
828 1200 879 1253 τῇ
899 1197 1072 1249 βασιλίδι
1090 1191 1217 1237 πόλει.
1276 1197 1485 1236 Anastasius
1514 1198 1772 1249 interpretatur

328 1252 534 1291 scholarios.
589 1254 641 1292 sic
659 1254 759 1305 apud
782 1238 986 1292 Marcellin.
1006 1254 1137 1292 Comit.
1165 1254 1203 1291 in
1221 1254 1422 1292 Chronico:
1459 1254 1630 1291 rusticus
1647 1267 1772 1292 comes

326 1309 624 1347 scholariorum.
685 1310 773 1347 alias
790 1309 985 1356 scholares,
1012 1313 1053 1346 ut
1075 1310 1229 1348 Concilii
1253 1310 1474 1348 Chalcedon.
1500 1314 1573 1350 act.
1593 1309 1632 1351 3.
1687 1310 1773 1348 Sul-

327 1367 437 1417 pitius
456 1366 612 1404 Severus
640 1366 688 1403 de
714 1367 788 1404 vita
817 1367 857 1404 S.
875 1365 1024 1403 Martini
1049 1379 1080 1403 c.
1105 1369 1145 1406 1:
1184 1367 1267 1415 ipse
1295 1372 1494 1404 armatam
1521 1365 1706 1403 militiam
1729 1367 1773 1405 in

326 1422 588 1459 adolescentia
621 1428 776 1459 secutus
811 1423 915 1459 inter
946 1420 1143 1459 scholares
1173 1421 1264 1459 alas
1295 1421 1368 1459 suh
1401 1435 1493 1474 rege
1529 1422 1773 1469 Constantio,

328 1478 467 1516 deinde
484 1477 556 1515 sub
576 1478 735 1516 Iuliano
761 1479 925 1515 Caesare
944 1477 1144 1515 militavit.
1204 1479 1257 1516 sic
1280 1479 1390 1516 ctiam
1419 1479 1458 1516 in
1486 1479 1615 1517 codice
1626 1478 1772 1518 Theod.

330 1540 366 1572 et
397 1535 521 1574 lustin.
553 1539 591 1572 et
621 1534 700 1572 aliis
727 1536 934 1573 auctoribus
961 1535 1096 1585 passim
1130 1536 1251 1584 legere
1279 1538 1345 1572 est.
1401 1534 1580 1572 scholares
1606 1537 1727 1573 autem
1749 1546 1773 1572 a

328 1590 459 1628 scholis
478 1590 688 1628 militaribus
711 1591 818 1638 dicti,
848 1603 943 1642 quae
961 1590 1081 1640 plures
1106 1596 1221 1631 erant.
1255 1590 1418 1628 Malchus
1439 1591 1488 1629 de
1508 1590 1619 1639 legat.
1642 1603 1680 1641 p.
1697 1592 1773 1633 76:

327 1646 394 1685 καὶ
412 1644 482 1692 τοὶς
501 1643 641 1696 σχολας
659 1642 829 1693 ἁπάσας.
885 1646 1131 1697 Theophanes
1155 1646 1191 1683 in
1217 1646 1433 1684 iustiniano:
1480 1645 1525 1686 αἰ
1550 1644 1683 1696 σχολαὶ
1707 1644 1774 1686 καὶ

327 1702 368 1741 οἷ
389 1698 651 1753 προτήκτορες
670 1717 736 1741 και
759 1718 799 1742 οι
819 1697 1002 1756 αριθμοὶ.
1057 1714 1090 1740 v.
1116 1702 1311 1740 Meursium
1333 1703 1370 1740 in
1394 1701 1514 1740 Gloss.
1534 1707 1573 1742 et
1593 1701 1714 1744 Vales.
1735 1702 1774 1740 in

329 1758 528 1797 Marcellini
551 1758 574 1798 l.
602 1756 705 1810 l4p·
724 1760 793 1801 32·

443 1820 779 1874 σχολαστικός
812 1823 1065 1873 scholasticus,
1099 1837 1289 1863 causarum
1315 1827 1500 1875 patronus.
1556 1824 1598 1862 S.
1619 1823 1774 1863 Basilius

331 1881 438 1931 epist.
457 1879 559 1921 242·
601 1880 637 1920 εἰ
667 1880 710 1921 δέ
737 1896 826 1921 τινα
856 1881 973 1946 diunv
1002 1877 1188 1933 γυμνάζει
1207 1879 1230 1920 ό
1250 1877 1499 1931 σχολαστικος
1519 1877 1544 1920 ὅ
1563 1880 1674 1919 δεῖνα
1697 1879 1774 1931 ἔχει

331 1934 564 1988 δικαστηρια
583 1937 754 1988 δημοσία
775 1952 840 1976 και
863 1933 1030 1988 νόμους.
1088 1937 1299 1975 Anastasius
1314 1937 1458 1975 Sinaita
1484 1934 1636 1987 ὁδηγοῦ
1660 1949 1774 1986 quae-

330 1994 450 2031 stione
470 1996 512 2033 3·
541 1990 602 2034 ότι
620 2009 678 2040 τις
697 1991 944 2045 σχολαστικός
965 1990 1089 2033 πολλοὶ
1107 2005 1366 2045 κατηρασατο.
1425 1991 1579 2030 loannes
1598 1993 1774 2030 Hieroso-

328 2050 521 2100 lymitanus
555 2051 593 2088 in
623 2050 845 2089 Matthaeum
872 2050 994 2091 homil.
1023 2048 1098 2089 24:
1141 2056 1187 2086 ut
1207 2049 1302 2086 dum
1323 2047 1492 2098 apostoli
1514 2054 1773 2094 accus-antur,

330 2106 427 2143 (lum
445 2106 692 2156 respondent,
721 2108 765 2143 in
781 2106 952 2157 singulis
968 2105 1266 2157 quibuscunque
1281 2105 1489 2155 praetorii-v
1509 2103 1655 2141 Christi
1670 2106 1773 2140 ven·-

332 2169 393 2198 tas
405 2163 656 2211 praedicetur
682 2170 718 2198 et
735 2163 974 2199 Iudaeorum
1000 2162 1172 2212 pelstdla
1200 2162 1497 2205 demonstretur,
1536 2166 1572 2196 et
1587 2159 1774 2211 gentibus

330 2218 395 2255 vel
408 2216 467 2254 ad
481 2219 648 2255 salutem
667 2218 910 2256 credentibus
922 2220 1083 2269 pietatis
1103 2219 1326 2267 mysterium
1343 2217 1547 2253 reveletur.
1606 2216 1773 2253 audien·-

333 2281 388 2310 tes
406 2281 539 2311 autem
559 2275 751 2325 apostoli,
789 2276 884 2325 quia
908 2288 1040 2312 coram
1063 2273 1221 2324 regibus
1251 2281 1288 2310 et
1315 2272 1512 2310 iudicibus
1539 2278 1642 2309 stare
1662 2271 1773 2308 iube—

334 2329 480 2367 bantur
490 2359 504 2376 ,
545 2345 593 2368 ne
609 2332 718 2382 jbrte
736 2331 872 2368 dicant
893 2332 950 2368 ad
971 2331 1192 2369 Christum:
1234 2337 1278 2366 tu
1302 2330 1383 2380 ipse
1405 2330 1481 2366 scis
1506 2328 1602 2379 quia
1621 2328 1664 2364 in
1681 2327 1776 2365 itto-

333 2400 423 2422 rum
440 2387 598 2425 iudiciis
615 2387 839 2425 scholastici
852 2395 1057 2438 praesunt.
1121 2387 1308 2425 Usuardus
1327 2387 1364 2423 iu
1385 2383 1650 2434 Martyrologio
1663 2384 1773 2422 Febr.

334 2443 372 2480 d.
390 2445 436 2483 6:
473 2444 516 2480 in
543 2458 655 2481 czuus
677 2445 915 2496 confessione
942 2443 1106 2494 quidam
1141 2441 1378 2492 Theophilus
1398 2439 1654 2478 scholasticus
1679 2452 1774 2476 con-

334 2511 481 2536 versus.
541 2502 579 2539 in
610 2502 724 2550 gestis
753 2501 959 2539 Dorotheae
986 2501 1022 2538 in
1054 2500 1185 2549 quibus
1216 2499 1377 2536 eiusdem
1408 2497 1529 2549 passio
1559 2496 1774 2541 continetur,

333 2556 532 2594 advocatus
552 2557 694 2595 dicitur.
750 2556 1015 2623 Theophanes:
1045 2550 1242 2605 Ευσέβιός
1262 2569 1319 2599 τις
1344 2548 1593 2603 σχολαστικὸς
1609 2553 1679 2600 τῆς
1700 2551 1774 2602 βα·

334 2611 507 2662 σιλείσης
523 2607 985 2659 Κωνσταντινουπόλεως.
1042 2612 1094 2650 sic
1118 2624 1185 2649 ms.
1225 2610 1324 2662 apud
1342 2610 1548 2647 cedrenum
1568 2609 1639 2656 τῆς
1660 2607 1774 2657 βασι-

333 2667 468 2716 λίσσης
488 2667 626 2718 legitur.
679 2669 894 2707 Franciscus
920 2668 1091 2707 Pithoeus
1120 2668 1156 2704 in
1173 2665 1360 2703 Glossario
1381 2665 1504 2702 iuliani
1526 2661 1775 2701 Antecessoris

334 2735 367 2760 v.
386 2723 540 2762 Basilica
558 2724 705 2773 legebat
724 2726 940 2776 βασιλικῆς,
969 2723 1151 2762 basilicae.
1209 2721 1422 2759 Anastasius
1440 2719 1628 2758 biblioth·
1622 2731 1659 2755 ιιι
1679 2718 1774 2755 Hist.

334 2777 582 2817 Ecclesiastica
603 2781 654 2817 sic
675 2783 804 2818 vertit:
834 2778 1030 2817 Eusebius
1052 2778 1217 2830 quidam
1242 2776 1497 2814 scholasticus
1519 2772 1776 2824 imperatrici-s

340 2833 514 2883 Cpoleos.
575 2836 773 2874 advocatus
794 2838 903 2886 igitur
923 2837 1020 2875 urbis
1039 2837 1164 2887 regiae
1179 2847 1243 2873 seu
1257 2828 1546 2886 βασιλευούσης
1568 2833 1777 2869 Κωνσταν-
