1916 3210
343 179 374 226 9
382 181 405 226 1
412 180 442 226 8
942 182 1189 227 FABROTI

351 289 557 327 Orientem.
617 286 787 328 Anastas.
801 289 967 330 biblioth.
986 291 1023 329 in
1041 291 1257 329 Hormisda:
1286 304 1375 328 cum
1392 291 1580 331 militibus
1596 294 1633 330 εἰ
1644 294 1776 346 magi-

343 347 516 382 strianis.
576 343 668 383 Acta
693 344 833 383 Abercii
859 347 958 396 apud
985 348 1092 387 eund.
1113 347 1272 386 Baron.:
1306 347 1563 386 Valerianum
1577 356 1615 386 et
1627 349 1777 388 Basia-

343 414 440 438 num
482 401 779 450 magisterianos
815 400 1036 439 divinorum
1076 409 1295 440 nostrorum
1331 404 1545 454 officiorum
1583 406 1774 444 misimus.

344 457 432 494 alias
461 457 668 507 magistros
696 456 840 506 legitur.
895 459 1050 528 priorem
1078 459 1267 497 lectionem
1298 460 1485 498 confirmat
1513 461 1661 499 Simeon
1691 461 1779 502 Me-

342 512 578 580 taphraste's
568 525 606 550 ιιι
626 511 797 551 Abercio:
826 511 892 553 καὶ
921 509 1137 577 Ουάλέριον
1165 514 1232 554 καὶ
1259 513 1455 556 Βασιανόν
1479 515 1780 569 μαγιστριανούς

345 564 470 614 εὐθύς
492 564 800 620 ευτρεπισθῆναι
819 566 1023 619 κελεύσας,
1051 575 1089 609 et
1112 572 1231 638 paulo
1246 576 1350 622 post:
1382 567 1596 625 Οὐαλέριον
1616 571 1694 614 καὶ
1701 575 1780 614 Βα-

344 620 480 663 σιανὸν
505 621 807 676 μαγιστριανους
826 627 922 665 τῶν
916 627 1051 666 θείων
1073 624 1188 678 ἡμῶν
1210 622 1411 676 όφφικίων
1430 615 1674 680 ἐπέμψαμεν.
1729 630 1781 668 sic
1800 657 1804 661 -

342 679 474 728 legitur
505 681 543 718 in
573 680 714 718 duobus
744 693 830 719 mss.
886 682 1081 722 meminere
1112 682 1342 721 Marcellinus
1371 683 1504 722 Comes
1533 688 1571 723 et
1593 684 1715 723 Victor
1740 686 1780 724 in

344 735 544 773 Chronicis.
600 736 649 774 de
687 741 822 785 agente
859 737 897 775 in
932 739 1041 776 rebus
1081 738 1290 776 Ammianus
1330 738 1568 778 Marcellinus.
1625 736 1782 780 Glossae

342 790 549 829 Philoxeni:
578 804 701 842 agens
732 793 775 828 in
805 791 918 830 rebus
946 790 1234 846 μαγιστριανός.
1291 795 1426 835 concil.
1451 795 1623 834 Chalced.
1646 801 1715 835 act.
1739 801 1781 838 1:

343 849 645 894 Κωνσταντῖνος
673 846 698 888 ο
724 848 1031 901 καθωσιωμένος
1057 847 1342 919 μαγιστριανός.
1399 855 1470 890 vet.
1501 853 1564 890 int.
1594 865 1716 903 agens
1739 853 1783 889 in

342 901 471 940 rebus.
532 907 572 942 et
605 917 643 955 p.
672 906 726 946 76
763 905 801 943 in
833 905 905 944 fine
940 907 1022 946 eod.
1059 903 1338 955 Βερονικιανός
1375 905 1663 959 μαγιστριανός.
1717 909 1783 949 int.

343 959 641 1010 magistrianus.
701 963 744 998 ut
769 964 839 1000 act.
866 964 890 1002 3
920 975 956 1013 Ρ.
981 964 1061 1003 229
1087 963 1123 1001 d
1179 963 1256 1001 Leo
1276 962 1328 1000 M.
1350 964 1451 1014 epist.
1471 966 1525 1004 70
1544 965 1592 1002 ad
1610 964 1783 1002 marcian.

343 1016 460 1064 Auge
507 1022 552 1052 ut
581 1015 784 1066 confestim
810 1016 1045 1054 Nectarium
1072 1025 1251 1070 agentem
1280 1019 1324 1055 in
1349 1018 1463 1056 rebus
1488 1018 1784 1057 Alexandriam
1813 1035 1817 1038 ·

346 1072 525 1108 mitteret.
585 1071 730 1110 Lucifer
757 1073 986 1112 Caralitanus
1015 1075 1119 1126 epist.
1149 1076 1198 1112 ad
1224 1074 1445 1113 Florentium
1467 1077 1678 1126 magistrum
1697 1075 1784 1138 offi-

343 1128 500 1165 ciorum:
525 1127 682 1165 Bonoso
703 1129 746 1164 in
763 1127 877 1166 rebus
894 1131 1030 1180 agenti
1040 1130 1318 1182 perferendum
1335 1130 1536 1168 traditum.
1579 1121 1729 1195 synod}⁴
1740 1131 1790 1172 5·

351 1183 523 1220 Comitas
543 1183 653 1221 dicor
669 1197 792 1236 agens
809 1186 853 1222 in
868 1185 995 1223 rebus.
1057 1187 1265 1225 Anastasius
1290 1187 1328 1224 in
1352 1186 1519 1226 Liberio:
1549 1193 1643 1224 tune
1665 1187 1786 1225 missa

345 1241 576 1277 anctoritate
599 1254 676 1291 per
711 1241 940 1279 catulinum
971 1249 1150 1294 agentem
1182 1244 1225 1280 in
1253 1241 1381 1280 rebus.
1441 1243 1540 1281 adde
1569 1243 1603 1282 b.
1631 1242 1784 1293 August.

347 1296 556 1335 confess.1.
576 1298 601 1337 8
622 1311 653 1338 c.
674 1300 700 1339 6
725 1297 805 1338 etl.
828 1298 852 1338 9
872 1311 902 1337 c.
922 1299 968 1347 8,
997 1299 1032 1338 Ι).
1063 1298 1230 1338 Ambros.
1258 1300 1364 1350 epist.
1397 1300 1445 1336 ad
1475 1298 1717 1338 Mareellinam
1746 1303 1787 1338 et

347 1352 394 1390 de
412 1352 509 1390 offic.
529 1352 552 1392 l.
571 1352 612 1392 3.
661 1354 701 1390 S.
720 1352 892 1392 Athanas.
912 1353 1067 1406 Apolog.
1085 1356 1132 1393 ad
1150 1355 1382 1393 Constantin.
1398 1355 1505 1406 imp..
1530 1349 1727 1406 Ἀντίοχός
1745 1369 1787 1396 τε

344 1406 412 1447 καὶ
431 1403 631 1461 Εὕοὲγριος
650 1404 980 1478 ἆγεντισηρίκονς.
1037 1412 1217 1462 interpres
1236 1412 1342 1449 vertit
1354 1410 1546 1475 praesim-ti
1561 1411 1801 1449 sericorum.-

346 1465 414 1502 sed
442 1464 500 1501 alii
529 1466 610 1504 cod.
638 1465 773 1504 habent
798 1462 1148 1518 ἆγεντησηρίβους,
1176 1468 1213 1505 id
1239 1471 1295 1505 est
1321 1473 1480 1518 agentes
1501 1468 1543 1504 in
1564 1466 1691 1504 rebus.
1751 1479 1787 1506 v.

344 1524 420 1558 not
444 1520 623 1559 Fronton.
643 1521 782 1560 Dueaei
800 1523 848 1560 ad
866 1523 960 1561 hom.
986 1525 1033 1563 13
1059 1523 1094 1564 Ι).
1113 1523 1241 1588 Chrys.
1260 1523 1308 1560 ad
1333 1523 1498 1562 Antioch.
1553 1528 1657 1562 vetus
1675 1523 1787 1562 inter-

344 1588 429 1626 pres
461 1575 638 1615 Novellae
672 1580 723 1617 17
759 1590 789 1614 c.
817 1574 854 1616 4.
912 1575 1191 1630 μαγιστριανόν
1221 1592 1330 1629 mag-c
1294 1579 1542 1615 cisterianum
1574 1579 1703 1626 vertit,
1747 1582 1787 1618 et

343 1630 444 1669 Nov.
467 1628 546 1672 124
574 1645 606 1669 c.
624 1634 661 1672 3.
719 1632 876 1671 lulianus
909 1640 1029 1672 autem
1060 1633 1156 1672 Nov.
1187 1636 1238 1674 21
1273 1647 1303 1672 c.
1334 1637 1355 1674 1
1381 1640 1561 1685 agentem
1586 1635 1629 1671 in
1654 1633 1787 1680 rebus,

344 1686 444 1725 Nov.
459 1689 538 1727 122
555 1701 583 1724 c.
597 1690 622 1727 2
644 1689 1250 1738 mag1strta-nam.Theodoretus
1269 1690 1374 1741 epist.
1391 1693 1445 1732 79
1465 1687 1787 1742 στρατηλατιανόν

345 1745 471 1789 vocat,
508 1743 660 1793 epistola
689 1748 810 1781 autem
839 1747 916 1784 186
950 1741 1240 1797 μαγιστριανόν.
1296 1750 1447 1810 agentes
1473 1750 1593 1785 autem
1618 1746 1656 1784 ἰιι
1680 1747 1787 1785 rebus

346 1799 458 1843 dicti,
500 1799 586 1847 quia
614 1799 650 1836 in
680 1800 788 1837 rebus
818 1805 856 1839 et
885 1800 923 1837 in
953 1805 1032 1839 actu
1062 1801 1228 1839 militant.
1285 1806 1408 1850 erant,
1436 1801 1604 1852 inquam,
1633 1805 1674 1840 ut
1701 1803 1788 1851 dixi,

344 1853 569 1903 magistriani
613 1854 784 1896 officiales
830 1856 991 1910 magistri
1032 1856 1251 1908 officiorum,
1298 1858 1346 1896 de
1378 1870 1452 1909 quo
1482 1857 1578 1896 infra
1608 1858 1647 1896 in
1677 1854 1790 1911 μάγι-

345 1921 471 1964 στρος.

458 1961 755 2020 μα’γιστρος,
785 1971 1106 2022 μαγιστερία,
1134 1968 1481 2037 μαγιστέριον.
1509 1969 1690 2021 magister.
1731 1970 1791 2008 di-

344 2021 510 2060 vinorum
539 2035 602 2061 seu
631 2024 825 2063 aulicorum
853 2023 1058 2064 officiorum
1082 2028 1274 2076 magister,
1317 2023 1526 2078 μαγιστρος
1554 2028 1636 2066 ταῖν
1663 2025 1790 2065 θείων

344 2072 571 2127 ὄφφικίων,
601 2079 722 2118 Chalc.
744 2082 858 2120 Conc.
880 2087 948 2120 act.
971 2083 1009 2122 1.
1043 2083 1213 2132 magister
1233 2095 1413 2121 sacrorum
1431 2082 1650 2121 officiorum·
1679 2083 1794 2126 Sexta

344 2134 486 2184 Synod.
512 2135 582 2184 Cp.
606 2140 678 2173 act.
699 2136 722 2175 1
751 2138 945 2191 μαγίσι-ρῳ
963 2154 1043 2178 των
1064 2139 1276 2190 βασιλικῶν
1297 2135 1513 2188 σ’φφικίων.
1570 2138 1694 2189 palatii
1714 2149 1792 2176 ma·

345 2190 472 2239 gister.
529 2191 571 2231 S.
600 2190 817 2231 Athanasius
844 2195 988 2245 apolog.
1008 2195 1086 2232 ad
1078 2208 1164 2246 imp.
1183 2195 1396 2233 Constant:
1432 2190 1655 2240 Παλλάδιος
1680 2191 1705 2233 ο
1731 2207 1794 2244 γε·
1820 2218 1826 2225 ·

346 2240 518 2294 νόμενος
538 2248 610 2285 τοῦ
630 2249 820 2289 παλατίου
840 2246 1060 2302 μάγιστρος.
1115 2251 1210 2288 inter
1233 2251 1402 2301 epistolas
1425 2252 1464 2288 S.
1485 2250 1609 2288 Basilii
1628 2247 1682 2290 84
1711 2251 1792 2291 329

347 2300 430 2342 416
459 2302 654 2368 inscriptae
682 2308 764 2342 sunt
791 2307 1015 2375 Σωφρονίῳ
1042 2306 1250 2371 μαγίστρω.
1305 2306 1510 2361 Stephanus
1531 2304 1619 2358 περὶ
1638 2302 1794 2346 πόλεων

348 2357 386 2394 in
407 2352 568 2397 οἷκόναι.·
595 2358 840 2411 διαφέρουσα
861 2359 933 2412 μὲν
950 2365 1005 2417 τῷ
1024 2359 1275 2416 πανενφήμῳ
1293 2363 1483 2416 πατρικίςι)
1504 2361 1571 2402 καὶ
1589 2363 1644 2415 τῷ
1661 2375 1793 2400 wavra

349 2409 566 2466 σοφωτάτῳ
591 2415 786 2471 μαγίσι-ρῳ
818 2417 963 2471 Πέτρῳ.
1020 2431 1055 2459 v.
1082 2419 1118 2459 b.
1145 2419 1392 2468 Chrysostomi
1414 2418 1533 2456 homil.
1566 2419 1615 2458 17
1645 2417 1696 2455 ad
1717 2416 1794 2454 An-

347 2468 534 2507 tiochenos
563 2474 599 2508 et
627 2477 746 2511 notas.
807 2474 938 2512 Graeci
968 2475 1180 2524 magistrum
1208 2475 1491 2525 interpretantur
1512 2469 1690 2539 ’ἡγεμόνα
1713 2475 1794 2512 τῶν

348 2522 391 2562 ἐν
423 2527 474 2579 τῇ
510 2521 614 2579 αυλῇ
646 2525 807 2576 τάξεων.
862 2530 1013 2567 Suidas:
1044 2528 1250 2579 Ρουφῖνος
1277 2526 1422 2577 Κελτός
1447 2528 1559 2582 γένος
1584 2540 1795 2581 μαγιστρος

347 2594 427 2618 των
452 2580 495 2619 ἐν
518 2584 569 2636 τῇ
592 2578 693 2638 αὐλῇ
715 2580 863 2632 ταξεων
882 2581 1093 2632 καταστάς..
1123 2599 1166 2624 ex
1183 2586 1331 2624 Zosimo
1350 2600 1388 2650 Ρ
1406 2588 1500 2627 773.
1558 2585 1616 2622 alii
1638 2585 1794 2622 strictius

317 2680 320 2682 ,
348 2636 531 2704 accipiunt
564 2641 725 2687 magistri
758 2641 938 2689 officium,
966 2647 1007 2679 ut
1040 2642 1195 2692 Procop.
1226 2642 1321 2680 Gaz.
1349 2642 1386 2679 in
1414 2641 1438 2681 l.
1467 2644 1491 2682 3
1525 2641 1668 2690 Regum
1691 2653 1721 2678 c
1745 2641 1793 2681 8-

349 2705 370 2729 ⁰
400 2706 519 2738 αυτθς
544 2691 585 2732 δὲ
605 2696 659 2745 ἠν
680 2690 794 2743 οὗτος
813 2699 867 2752 τῷ
887 2699 965 2736 νῦν
985 2712 1091 2747 παρα
1111 2696 1313 2746 Ῥωμαίοις
1332 2698 1550 2750 μαγίστρω,
1575 2710 1653 2735 των
1671 2710 1797 2748 φρου-

349 2742 530 2795 ρούντων
563 2765 633 2789 τον
670 2738 850 2802 βασιλέα
865 2753 1145 2818 στρατοπέδων
1170 2750 1404 2820 ηγούμενος,
1483 2753 1659 2802 Agathias
1694 2751 1717 2789 l.
1747 2750 1796 2792 4³

346 2800 371 2841 ὅ
394 2799 466 2853 μὲν
489 2801 564 2857 γάρ
587 2805 629 2845 ἐν
654 2809 836 2860 λοχαγοῖς
858 2807 1016 2851 ἐτέλει’
996 2826 1016 2851 ο
1034 2805 1237 2862 Βαρὰζης,
1264 2806 1401 2863 ἅτερος
1423 2806 1482 2850 δὲ
1477 2823 1570 2849 των
1595 2804 1667 2860 μ’ἓν
1685 2805 1728 2848 ἐν
1745 2806 1797 2860 τῇ

1784 1452 1807 1476 ἢ
