<?xml version="1.0" encoding="UTF-8"?>
<!DOCTYPE html PUBLIC "-//W3C//DTD XHTML 1.0 Transitional//EN"
    "http://www.w3.org/TR/xhtml1/DTD/xhtml1-transitional.dtd">
<html xmlns="http://www.w3.org/1999/xhtml" xml:lang="en" lang="en">
 <head>
  <title>
</title>
<meta http-equiv="Content-Type" content="text/html;charset=utf-8" />
  <meta name='ocr-system' content='tesseract 3.04.00' />
  <meta name='ocr-capabilities' content='ocr_page ocr_carea ocr_par ocr_line ocrx_word'/>
</head>
<body>
  <div class='ocr_page' id='page_1' title='image "./corpusscriptorum14niebuoft/corpusscriptorum14niebuoft_0463.png"; bbox 0 0 1890 3236; ppageno 0'>
   <div class='ocr_carea' id='block_1_1' title="bbox 495 154 1643 208">
    <p class='ocr_par' dir='ltr' id='par_1_1' title="bbox 495 154 1643 208">
     <span class='ocr_line' id='line_1_1' title="bbox 495 154 1643 208; baseline -0.003 -1"><span class='ocrx_word' id='word_1_1' title='bbox 495 161 895 208; x_wconf 82' lang='lat' dir='ltr'>HISTORIARUM</span> <span class='ocrx_word' id='word_1_2' title='bbox 922 159 1314 208; x_wconf 82' lang='lat' dir='ltr'><strong>COMPENDIUM.</strong></span> <span class='ocrx_word' id='word_1_3' title='bbox 1545 154 1643 203; x_wconf 84' lang='lat'><strong><em>453</em></strong></span> 
     </span>
    </p>
   </div>
   <div class='ocr_carea' id='block_1_2' title="bbox 99 268 1790 1923">
    <p class='ocr_par' dir='ltr' id='par_1_2' title="bbox 99 268 1790 1923">
     <span class='ocr_line' id='line_1_2' title="bbox 175 268 1642 338; baseline -0.006 -14"><span class='ocrx_word' id='word_1_4' title='bbox 175 277 370 338; x_wconf 72' lang='grc' dir='ltr'><strong><em>λιοριιίαν.</em></strong></span> <span class='ocrx_word' id='word_1_5' title='bbox 439 279 662 336; x_wconf 70' lang='grc' dir='ltr'><strong><em>φιλοτίμως</em></strong></span> <span class='ocrx_word' id='word_1_6' title='bbox 680 278 723 321; x_wconf 77' lang='grc' dir='ltr'><strong><em>δὲ</em></strong></span> <span class='ocrx_word' id='word_1_7' title='bbox 746 281 819 321; x_wconf 83' lang='grc' dir='ltr'><strong><em>τοῦ</em></strong></span> <span class='ocrx_word' id='word_1_8' title='bbox 841 275 1042 332; x_wconf 82' lang='grc' dir='ltr'><strong><em>βασιλέως</em></strong></span> <span class='ocrx_word' id='word_1_9' title='bbox 1055 275 1316 335; x_wconf 77' lang='grc' dir='ltr'><strong><em>χρησαμένου</em></strong></span> <span class='ocrx_word' id='word_1_10' title='bbox 1343 271 1447 332; x_wconf 79' lang='grc' dir='ltr'><strong><em>αὖτῇ</em></strong></span> <span class='ocrx_word' id='word_1_11' title='bbox 1470 268 1577 316; x_wconf 72' lang='grc' dir='ltr'><strong><em>ἑάλω</em></strong></span> <span class='ocrx_word' id='word_1_12' title='bbox 1596 272 1642 316; x_wconf 82' lang='grc' dir='ltr'><strong><em>τὸ</em></strong></span> 
     </span>
     <span class='ocr_line' id='line_1_3' title="bbox 176 341 1644 408; baseline -0.006 -16"><span class='ocrx_word' id='word_1_13' title='bbox 176 346 377 408; x_wconf 68' lang='grc' dir='ltr'><strong><em>φρούριον</em></strong></span> <span class='ocrx_word' id='word_1_14' title='bbox 402 348 472 390; x_wconf 82' lang='grc' dir='ltr'><strong><em>καὶ</em></strong></span> <span class='ocrx_word' id='word_1_15' title='bbox 500 347 624 398; x_wconf 74' lang='grc' dir='ltr'><strong><em>αὐτὸς</em></strong></span> <span class='ocrx_word' id='word_1_16' title='bbox 655 345 958 399; x_wconf 77' lang='grc' dir='ltr'><strong><em>ὃΝικολιτζιῖς·</em></strong></span> <span class='ocrx_word' id='word_1_17' title='bbox 1006 348 1074 388; x_wconf 84' lang='grc' dir='ltr'><strong><em>καὶ</em></strong></span> <span class='ocrx_word' id='word_1_18' title='bbox 1102 346 1332 402; x_wconf 85' lang='grc' dir='ltr'><strong><em>μετοικίσας</em></strong></span> <span class='ocrx_word' id='word_1_19' title='bbox 1362 344 1516 387; x_wconf 75' lang='grc' dir='ltr'><strong><em>ἐκεῖθεν</em></strong></span> <span class='ocrx_word' id='word_1_20' title='bbox 1549 341 1644 392; x_wconf 77' lang='grc' dir='ltr'><strong><em>τοὺς</em></strong></span> 
     </span>
     <span class='ocr_line' id='line_1_4' title="bbox 173 412 1643 475; baseline -0.005 -14"><span class='ocrx_word' id='word_1_21' title='bbox 173 414 444 475; x_wconf 63' lang='grc' dir='ltr'><strong><em>Βουλκγᾶρους</em></strong></span> <span class='ocrx_word' id='word_1_22' title='bbox 465 414 488 460; x_wconf 82' lang='grc' dir='ltr'><strong>ὅ</strong></span> <span class='ocrx_word' id='word_1_23' title='bbox 503 414 941 472; x_wconf 71' lang='grc' dir='ltr'><strong><em>βασιλεὺς“Ρωμαιόυς</em></strong></span> <span class='ocrx_word' id='word_1_24' title='bbox 963 414 1178 473; x_wconf 74' lang='grc' dir='ltr'><em>φυλάττειν</em></span> <span class='ocrx_word' id='word_1_25' title='bbox 1196 414 1400 469; x_wconf 71' lang='grc' dir='ltr'><strong><em>ἐπέστησε.</em></strong></span> <span class='ocrx_word' id='word_1_26' title='bbox 1430 412 1496 454; x_wconf 80' lang='grc' dir='ltr'><strong><em>καὶ</em></strong></span> <span class='ocrx_word' id='word_1_27' title='bbox 1513 415 1643 454; x_wconf 78' lang='grc' dir='ltr'><strong><em>ταῦτα</em></strong></span> 
     </span>
     <span class='ocr_line' id='line_1_5' title="bbox 177 479 1693 544; baseline -0.005 -15"><span class='ocrx_word' id='word_1_28' title='bbox 177 485 336 544; x_wconf 78' lang='grc' dir='ltr'><strong><em>δράσας</em></strong></span> <span class='ocrx_word' id='word_1_29' title='bbox 353 484 532 529; x_wconf 73' lang='grc' dir='ltr'><strong><em>ἐπάνεισι</em></strong></span> <span class='ocrx_word' id='word_1_30' title='bbox 552 484 657 543; x_wconf 86' lang='grc' dir='ltr'><strong><em>πρὸς</em></strong></span> <span class='ocrx_word' id='word_1_31' title='bbox 675 484 748 540; x_wconf 85' lang='grc' dir='ltr'><strong><em>τὴν</em></strong></span> <span class='ocrx_word' id='word_1_32' title='bbox 764 485 982 539; x_wconf 85' lang='grc' dir='ltr'><strong><em>βασιλίδα,</em></strong></span> <span class='ocrx_word' id='word_1_33' title='bbox 1017 482 1260 540; x_wconf 75' lang='grc' dir='ltr'><strong><em>ἐπαγόμενος</em></strong></span> <span class='ocrx_word' id='word_1_34' title='bbox 1279 481 1382 538; x_wconf 76' lang='grc' dir='ltr'><strong><em>μεθ’</em></strong></span> <span class='ocrx_word' id='word_1_35' title='bbox 1406 479 1554 524; x_wconf 61' lang='grc' dir='ltr'><strong><em>ἑαυτοῦ</em></strong></span> <span class='ocrx_word' id='word_1_36' title='bbox 1573 480 1639 522; x_wconf 79' lang='grc' dir='ltr'><strong><em>καὶ</em></strong></span> <span class='ocrx_word' id='word_1_37' title='bbox 1662 493 1693 528; x_wconf 86' lang='lat' dir='ltr'>D</span> 
     </span>
     <span class='ocr_line' id='line_1_6' title="bbox 141 548 1644 610; baseline -0.006 -11"><span class='ocrx_word' id='word_1_38' title='bbox 141 554 248 599; x_wconf 70' lang='grc' dir='ltr'><strong><em>στὸν</em></strong></span> <span class='ocrx_word' id='word_1_39' title='bbox 276 556 535 607; x_wconf 80' lang='grc' dir='ltr'><strong><em>Νικολιτζᾶν,</em></strong></span> <span class='ocrx_word' id='word_1_40' title='bbox 580 553 626 598; x_wconf 78' lang='grc' dir='ltr'><strong><em>ὃν</em></strong></span> <span class='ocrx_word' id='word_1_41' title='bbox 656 555 725 597; x_wconf 86' lang='grc' dir='ltr'><strong><em>καὶ</em></strong></span> <span class='ocrx_word' id='word_1_42' title='bbox 748 550 1024 610; x_wconf 83' lang='grc' dir='ltr'><strong><em>πατρικιότητι</em></strong></span> <span class='ocrx_word' id='word_1_43' title='bbox 1057 553 1254 608; x_wconf 80' lang='grc' dir='ltr'><strong><em>ἐτίμησεν.</em></strong></span> <span class='ocrx_word' id='word_1_44' title='bbox 1323 550 1418 596; x_wconf 78' lang='grc' dir='ltr'><strong><em>ἀλλ’</em></strong></span> <span class='ocrx_word' id='word_1_45' title='bbox 1449 548 1644 604; x_wconf 79' lang='grc' dir='ltr'><strong><em>ἀβεβαίου</em></strong></span> 
     </span>
     <span class='ocr_line' id='line_1_7' title="bbox 173 616 1645 681; baseline -0.005 -13"><span class='ocrx_word' id='word_1_46' title='bbox 173 621 339 681; x_wconf 72' lang='grc' dir='ltr'><strong><em>γνώμης</em></strong></span> <span class='ocrx_word' id='word_1_47' title='bbox 369 616 488 676; x_wconf 72' lang='grc' dir='ltr'><strong><em>οὗτος</em></strong></span> <span class='ocrx_word' id='word_1_48' title='bbox 515 620 663 680; x_wconf 79' lang='grc' dir='ltr'><strong><em>τυχών,</em></strong></span> <span class='ocrx_word' id='word_1_49' title='bbox 707 623 862 666; x_wconf 75' lang='grc' dir='ltr'><strong><em>ἐκεῖθεν</em></strong></span> <span class='ocrx_word' id='word_1_50' title='bbox 883 619 1088 680; x_wconf 80' lang='grc' dir='ltr'><strong><em>ἀποδράς,</em></strong></span> <span class='ocrx_word' id='word_1_51' title='bbox 1121 621 1268 664; x_wconf 67' lang='grc' dir='ltr'><strong><em>ἔλαθεν</em></strong></span> <span class='ocrx_word' id='word_1_52' title='bbox 1290 619 1520 669; x_wconf 74' lang='grc' dir='ltr'><strong><em>ἀνασωθεὶς</em></strong></span> <span class='ocrx_word' id='word_1_53' title='bbox 1543 617 1645 676; x_wconf 86' lang='grc' dir='ltr'><strong><em>πρὸς</em></strong></span> 
     </span>
     <span class='ocr_line' id='line_1_8' title="bbox 172 685 1645 749; baseline -0.005 -13"><span class='ocrx_word' id='word_1_54' title='bbox 172 691 246 736; x_wconf 75' lang='grc' dir='ltr'><strong><em>τὸν</em></strong></span> <span class='ocrx_word' id='word_1_55' title='bbox 265 690 478 748; x_wconf 81' lang='grc' dir='ltr'><strong><em>Σαμουήλ,</em></strong></span> <span class='ocrx_word' id='word_1_56' title='bbox 512 694 579 734; x_wconf 81' lang='grc' dir='ltr'><strong><em>καὶ</em></strong></span> <span class='ocrx_word' id='word_1_57' title='bbox 598 690 693 746; x_wconf 73' lang='grc' dir='ltr'><strong><em>μετ’</em></strong></span> <span class='ocrx_word' id='word_1_58' title='bbox 715 691 841 734; x_wconf 73' lang='grc' dir='ltr'><strong><em>αὐτοῦ</em></strong></span> <span class='ocrx_word' id='word_1_59' title='bbox 859 690 996 733; x_wconf 70' lang='grc' dir='ltr'><strong><em>ἐλθὼν</em></strong></span> <span class='ocrx_word' id='word_1_60' title='bbox 1019 689 1243 749; x_wconf 72' lang='grc' dir='ltr'><strong><em>ἐπολιόρκει</em></strong></span> <span class='ocrx_word' id='word_1_61' title='bbox 1263 688 1314 732; x_wconf 80' lang='grc' dir='ltr'><strong><em>τὰ</em></strong></span> <span class='ocrx_word' id='word_1_62' title='bbox 1332 689 1498 746; x_wconf 80' lang='grc' dir='ltr'><strong><em>Σέρβια.</em></strong></span> <span class='ocrx_word' id='word_1_63' title='bbox 1539 685 1645 729; x_wconf 76' lang='grc' dir='ltr'><strong><em>ἀλλὰ</em></strong></span> 
     </span>
     <span class='ocr_line' id='line_1_9' title="bbox 175 756 1645 818; baseline -0.005 -14"><span class='ocrx_word' id='word_1_64' title='bbox 175 759 300 805; x_wconf 79' lang='grc' dir='ltr'><strong><em>πάλιν</em></strong></span> <span class='ocrx_word' id='word_1_65' title='bbox 320 759 342 805; x_wconf 83' lang='grc' dir='ltr'><strong>ὃ</strong></span> <span class='ocrx_word' id='word_1_66' title='bbox 359 761 556 817; x_wconf 81' lang='grc' dir='ltr'><strong><em>βασιλεὺς</em></strong></span> <span class='ocrx_word' id='word_1_67' title='bbox 572 760 667 812; x_wconf 56' lang='lat' dir='ltr'><strong>agag</strong></span> <span class='ocrx_word' id='word_1_68' title='bbox 688 760 896 818; x_wconf 70' lang='grc' dir='ltr'><strong><em>ἐπιφανεὶς</em></strong></span> <span class='ocrx_word' id='word_1_69' title='bbox 912 759 986 815; x_wconf 85' lang='grc' dir='ltr'><strong><em>τὴν</em></strong></span> <span class='ocrx_word' id='word_1_70' title='bbox 1002 764 1075 815; x_wconf 78' lang='grc' dir='ltr'><strong><em>τῆς</em></strong></span> <span class='ocrx_word' id='word_1_71' title='bbox 1091 758 1246 812; x_wconf 86' lang='grc' dir='ltr'><strong><em>πόλεως</em></strong></span> <span class='ocrx_word' id='word_1_72' title='bbox 1263 757 1380 803; x_wconf 74' lang='grc' dir='ltr'><strong><em>ἔλυσε</em></strong></span> <span class='ocrx_word' id='word_1_73' title='bbox 1396 756 1645 813; x_wconf 80' lang='grc' dir='ltr'><strong><em>πολιορκίαν,</em></strong></span> 
     </span>
     <span class='ocr_line' id='line_1_10' title="bbox 173 823 1643 891; baseline -0.002 -17"><span class='ocrx_word' id='word_1_74' title='bbox 173 833 349 891; x_wconf 71' lang='grc' dir='ltr'><strong><em>δρασμῷ·</em></strong></span> <span class='ocrx_word' id='word_1_75' title='bbox 373 831 637 887; x_wconf 79' lang='grc' dir='ltr'><strong><em>χρησαμένου</em></strong></span> <span class='ocrx_word' id='word_1_76' title='bbox 658 833 732 872; x_wconf 75' lang='grc' dir='ltr'><strong><em>τοῦ</em></strong></span> <span class='ocrx_word' id='word_1_77' title='bbox 751 830 971 881; x_wconf 83' lang='grc' dir='ltr'><strong><em>Νικολιτζᾶ</em></strong></span> <span class='ocrx_word' id='word_1_78' title='bbox 994 829 1069 873; x_wconf 71' lang='grc' dir='ltr'><strong><em>σὺν</em></strong></span> <span class='ocrx_word' id='word_1_79' title='bbox 1088 834 1146 888; x_wconf 75' lang='grc' dir='ltr'><strong><em>τῷ</em></strong></span> <span class='ocrx_word' id='word_1_80' title='bbox 1166 827 1378 885; x_wconf 79' lang='grc' dir='ltr'><strong><em>Σαμουήλ.</em></strong></span> <span class='ocrx_word' id='word_1_81' title='bbox 1450 825 1543 870; x_wconf 74' lang='grc' dir='ltr'><strong><em>ἀλλ’</em></strong></span> <span class='ocrx_word' id='word_1_82' title='bbox 1570 823 1643 871; x_wconf 77' lang='grc' dir='ltr'><strong><em>οὔκ</em></strong></span> 
     </span>
     <span class='ocr_line' id='line_1_11' title="bbox 119 894 1644 958; baseline -0.002 -16"><span class='ocrx_word' id='word_1_83' title='bbox 119 905 163 942; x_wconf 77' lang='lat'><strong><em>10</em></strong></span> <span class='ocrx_word' id='word_1_84' title='bbox 175 894 370 950; x_wconf 69' lang='grc' dir='ltr'><strong><em>εἶξτέλος</em></strong></span> <span class='ocrx_word' id='word_1_85' title='bbox 395 899 538 956; x_wconf 87' lang='grc' dir='ltr'><strong><em>διέδρα</em></strong></span> <span class='ocrx_word' id='word_1_86' title='bbox 568 896 589 942; x_wconf 83' lang='grc' dir='ltr'><strong>ὅ</strong></span> <span class='ocrx_word' id='word_1_87' title='bbox 624 896 815 948; x_wconf 78' lang='grc' dir='ltr'><strong><em>ἄπιστος·</em></strong></span> <span class='ocrx_word' id='word_1_88' title='bbox 850 895 958 956; x_wconf 80' lang='grc' dir='ltr'><strong><em>λόχῳ</em></strong></span> <span class='ocrx_word' id='word_1_89' title='bbox 979 896 1059 956; x_wconf 77' lang='grc' dir='ltr'><strong><em>γάρ</em></strong></span> <span class='ocrx_word' id='word_1_90' title='bbox 1085 916 1163 942; x_wconf 87' lang='grc' dir='ltr'><strong><em>τινι</em></strong></span> <span class='ocrx_word' id='word_1_91' title='bbox 1178 897 1399 958; x_wconf 65' lang='grc' dir='ltr'><strong><em>εΡωμαϊκῷ</em></strong></span> <span class='ocrx_word' id='word_1_92' title='bbox 1419 897 1644 955; x_wconf 77' lang='grc' dir='ltr'><strong><em>περιπεσών</em></strong></span> 
     </span>
     <span class='ocr_line' id='line_1_12' title="bbox 171 965 1643 1026; baseline -0.002 -14"><span class='ocrx_word' id='word_1_93' title='bbox 171 965 436 1026; x_wconf 77' lang='grc' dir='ltr'><strong><em>συνελήφθη,</em></strong></span> <span class='ocrx_word' id='word_1_94' title='bbox 483 969 551 1010; x_wconf 81' lang='grc' dir='ltr'><strong><em>καὶ</em></strong></span> <span class='ocrx_word' id='word_1_95' title='bbox 583 966 687 1024; x_wconf 80' lang='grc' dir='ltr'><strong><em>πρὸς</em></strong></span> <span class='ocrx_word' id='word_1_96' title='bbox 712 966 784 1010; x_wconf 85' lang='grc' dir='ltr'><strong><em>τὸν</em></strong></span> <span class='ocrx_word' id='word_1_97' title='bbox 813 967 986 1021; x_wconf 75' lang='grc' dir='ltr'><strong><em>βασιλέα</em></strong></span> <span class='ocrx_word' id='word_1_98' title='bbox 1016 967 1181 1023; x_wconf 80' lang='grc' dir='ltr'><strong><em>δέσμιος</em></strong></span> <span class='ocrx_word' id='word_1_99' title='bbox 1205 967 1348 1023; x_wconf 83' lang='grc' dir='ltr'><strong><em>ἀχθεὶς</em></strong></span> <span class='ocrx_word' id='word_1_100' title='bbox 1375 968 1430 1018; x_wconf 79' lang='grc' dir='ltr'><strong><em>εἷς</em></strong></span> <span class='ocrx_word' id='word_1_101' title='bbox 1457 965 1643 1024; x_wconf 73' lang='grc' dir='ltr'><strong><em>φυλακὴν</em></strong></span> 
     </span>
     <span class='ocr_line' id='line_1_13' title="bbox 172 1034 1643 1094; baseline -0.001 -14"><span class='ocrx_word' id='word_1_102' title='bbox 172 1035 377 1093; x_wconf 72' lang='grc' dir='ltr'><strong><em>ἐνεβλήθη</em></strong></span> <span class='ocrx_word' id='word_1_103' title='bbox 400 1037 442 1079; x_wconf 75' lang='grc' dir='ltr'><strong><em>ἓν</em></strong></span> <span class='ocrx_word' id='word_1_104' title='bbox 460 1034 887 1080; x_wconf 81' lang='grc' dir='ltr'><strong><em>Κωνσταντινουπόλει</em></strong></span> <span class='ocrx_word' id='word_1_105' title='bbox 904 1039 1123 1094; x_wconf 85' lang='grc' dir='ltr'><strong><em>πεμφθείς.</em></strong></span> <span class='ocrx_word' id='word_1_106' title='bbox 1188 1035 1210 1080; x_wconf 83' lang='grc' dir='ltr'><strong><em>ὃ</em></strong></span> <span class='ocrx_word' id='word_1_107' title='bbox 1238 1037 1282 1080; x_wconf 80' lang='grc' dir='ltr'><strong><em>δὲ</em></strong></span> <span class='ocrx_word' id='word_1_108' title='bbox 1296 1035 1488 1090; x_wconf 76' lang='grc' dir='ltr'><strong><em>βασιλεὺς</em></strong></span> <span class='ocrx_word' id='word_1_109' title='bbox 1508 1035 1643 1078; x_wconf 73' lang='grc' dir='ltr'><strong><em>ἐλθὼν</em></strong></span> 
     </span>
     <span class='ocr_line' id='line_1_14' title="bbox 99 1103 1643 1164; baseline -0.001 -16"><span class='ocrx_word' id='word_1_110' title='bbox 99 1127 106 1132; x_wconf 89' lang='grc'><em>·</em></span> <span class='ocrx_word' id='word_1_111' title='bbox 171 1107 228 1157; x_wconf 76' lang='grc' dir='ltr'><strong><em>εἶς</em></strong></span> <span class='ocrx_word' id='word_1_112' title='bbox 251 1105 477 1148; x_wconf 77' lang='grc' dir='ltr'><strong><em>Θετταλίαν</em></strong></span> <span class='ocrx_word' id='word_1_113' title='bbox 495 1105 547 1149; x_wconf 81' lang='grc' dir='ltr'><strong><em>τὰ</em></strong></span> <span class='ocrx_word' id='word_1_114' title='bbox 566 1106 609 1148; x_wconf 75' lang='grc' dir='ltr'><strong><em>ἓν</em></strong></span> <span class='ocrx_word' id='word_1_115' title='bbox 628 1105 733 1163; x_wconf 79' lang='grc' dir='ltr'><strong><em>αὐτῇ</em></strong></span> <span class='ocrx_word' id='word_1_116' title='bbox 756 1103 936 1162; x_wconf 78' lang='grc' dir='ltr'><strong><em>φρούρια</em></strong></span> <span class='ocrx_word' id='word_1_117' title='bbox 957 1105 1037 1161; x_wconf 75' lang='grc' dir='ltr'><strong><em>ἤδη</em></strong></span> <span class='ocrx_word' id='word_1_118' title='bbox 1064 1105 1178 1164; x_wconf 79' lang='grc' dir='ltr'><strong><em>παρὰ</em></strong></span> <span class='ocrx_word' id='word_1_119' title='bbox 1202 1111 1276 1149; x_wconf 77' lang='grc' dir='ltr'><strong><em>τοῦ</em></strong></span> <span class='ocrx_word' id='word_1_120' title='bbox 1298 1105 1496 1161; x_wconf 81' lang='grc' dir='ltr'><strong><em>Σαμουὴλ</em></strong></span> <span class='ocrx_word' id='word_1_121' title='bbox 1516 1121 1643 1147; x_wconf 86' lang='grc' dir='ltr'><strong><em>κατα-</em></strong></span> 
     </span>
     <span class='ocr_line' id='line_1_15' title="bbox 170 1171 1647 1233; baseline -0.003 -14"><span class='ocrx_word' id='word_1_122' title='bbox 170 1175 378 1233; x_wconf 80' lang='grc' dir='ltr'><strong><em>σκαφέντα</em></strong></span> <span class='ocrx_word' id='word_1_123' title='bbox 397 1172 679 1233; x_wconf 83' lang='grc' dir='ltr'><strong><em>ἀνωρθῶσατο</em></strong></span> <span class='ocrx_word' id='word_1_124' title='bbox 691 1206 705 1226; x_wconf 87' lang='lat'><strong>,</strong></span> <span class='ocrx_word' id='word_1_125' title='bbox 740 1176 807 1216; x_wconf 83' lang='grc' dir='ltr'><strong><em>καὶ</em></strong></span> <span class='ocrx_word' id='word_1_126' title='bbox 827 1173 879 1217; x_wconf 81' lang='grc' dir='ltr'><strong><em>τὰ</em></strong></span> <span class='ocrx_word' id='word_1_127' title='bbox 898 1175 1012 1231; x_wconf 83' lang='grc' dir='ltr'><strong><em>παρὰ</em></strong></span> <span class='ocrx_word' id='word_1_128' title='bbox 1031 1180 1112 1218; x_wconf 77' lang='grc' dir='ltr'><strong><em>τῶν</em></strong></span> <span class='ocrx_word' id='word_1_129' title='bbox 1129 1172 1380 1232; x_wconf 75' lang='grc' dir='ltr'><strong><em>Βουλγάρων</em></strong></span> <span class='ocrx_word' id='word_1_130' title='bbox 1397 1171 1647 1229; x_wconf 83' lang='grc' dir='ltr'><strong><em>κατεχόμενα</em></strong></span> 
     </span>
     <span class='ocr_line' id='line_1_16' title="bbox 115 1240 1790 1302; baseline -0.003 -15"><span class='ocrx_word' id='word_1_131' title='bbox 115 1249 159 1287; x_wconf 82' lang='lat'><strong><em>15</em></strong></span> <span class='ocrx_word' id='word_1_132' title='bbox 170 1242 489 1302; x_wconf 70' lang='grc' dir='ltr'><strong><em>ἐκπολιορκήσας</em></strong></span> <span class='ocrx_word' id='word_1_133' title='bbox 518 1244 616 1294; x_wconf 80' lang='grc' dir='ltr'><strong><em>τοὺς</em></strong></span> <span class='ocrx_word' id='word_1_134' title='bbox 645 1243 720 1299; x_wconf 74' lang='grc' dir='ltr'><strong><em>μὲν</em></strong></span> <span class='ocrx_word' id='word_1_135' title='bbox 743 1240 1010 1300; x_wconf 78' lang='grc' dir='ltr'><strong><em>Βουλγάρους</em></strong></span> <span class='ocrx_word' id='word_1_136' title='bbox 1038 1244 1079 1294; x_wconf 74' lang='grc' dir='ltr'><strong><em>ἐς</em></strong></span> <span class='ocrx_word' id='word_1_137' title='bbox 1107 1243 1178 1287; x_wconf 85' lang='grc' dir='ltr'><strong><em>τὸν</em></strong></span> <span class='ocrx_word' id='word_1_138' title='bbox 1208 1241 1421 1300; x_wconf 78' lang='grc' dir='ltr'><strong><em>λεγόμενον</em></strong></span> <span class='ocrx_word' id='word_1_139' title='bbox 1447 1240 1643 1301; x_wconf 76' lang='grc' dir='ltr'><strong><em>μετῴκισε</em></strong></span> <span class='ocrx_word' id='word_1_140' title='bbox 1664 1245 1694 1280; x_wconf 89' lang='lat' dir='ltr'>P</span> <span class='ocrx_word' id='word_1_141' title='bbox 1719 1246 1790 1282; x_wconf 82' lang='lat'><strong><em>705</em></strong></span> 
     </span>
     <span class='ocr_line' id='line_1_17' title="bbox 174 1310 1644 1371; baseline -0.001 -16"><span class='ocrx_word' id='word_1_142' title='bbox 174 1310 364 1371; x_wconf 87' lang='grc' dir='ltr'><strong><em>Βολερόν,</em></strong></span> <span class='ocrx_word' id='word_1_143' title='bbox 399 1312 586 1371; x_wconf 77' lang='grc' dir='ltr'><strong><em>φρουρὰν</em></strong></span> <span class='ocrx_word' id='word_1_144' title='bbox 607 1314 652 1356; x_wconf 78' lang='grc' dir='ltr'><strong><em>δὲ</em></strong></span> <span class='ocrx_word' id='word_1_145' title='bbox 670 1314 712 1356; x_wconf 75' lang='grc' dir='ltr'><strong><em>ἐν</em></strong></span> <span class='ocrx_word' id='word_1_146' title='bbox 730 1317 830 1355; x_wconf 80' lang='grc' dir='ltr'><strong><em>πᾶσι</em></strong></span> <span class='ocrx_word' id='word_1_147' title='bbox 849 1313 1082 1355; x_wconf 79' lang='grc' dir='ltr'><strong><em>καταλιπὼν</em></strong></span> <span class='ocrx_word' id='word_1_148' title='bbox 1100 1310 1322 1368; x_wconf 80' lang='grc' dir='ltr'><strong><em>ἀξιόμαχον</em></strong></span> <span class='ocrx_word' id='word_1_149' title='bbox 1340 1313 1568 1366; x_wconf 74' lang='grc' dir='ltr'><strong><em>ἐπανῆλθεν</em></strong></span> <span class='ocrx_word' id='word_1_150' title='bbox 1588 1314 1644 1362; x_wconf 75' lang='grc' dir='ltr'><strong><em>εἷς</em></strong></span> 
     </span>
     <span class='ocr_line' id='line_1_18' title="bbox 167 1378 1644 1439; baseline -0.002 -14"><span class='ocrx_word' id='word_1_151' title='bbox 167 1382 220 1426; x_wconf 77' lang='grc' dir='ltr'><strong><em>τὰ</em></strong></span> <span class='ocrx_word' id='word_1_152' title='bbox 238 1380 435 1438; x_wconf 84' lang='grc' dir='ltr'><strong><em>λεγόμενα</em></strong></span> <span class='ocrx_word' id='word_1_153' title='bbox 455 1379 625 1438; x_wconf 76' lang='grc' dir='ltr'><strong><em>Βοδηνά</em></strong></span> <span class='ocrx_word' id='word_1_154' title='bbox 639 1395 650 1406; x_wconf 85' lang='grc'><strong><em>·</em></strong></span> <span class='ocrx_word' id='word_1_155' title='bbox 687 1380 885 1439; x_wconf 73' lang='grc' dir='ltr'><strong><em>φρούριον</em></strong></span> <span class='ocrx_word' id='word_1_156' title='bbox 909 1382 952 1423; x_wconf 74' lang='grc' dir='ltr'><strong><em>δὲ</em></strong></span> <span class='ocrx_word' id='word_1_157' title='bbox 973 1381 1025 1424; x_wconf 80' lang='grc' dir='ltr'><strong><em>τὰ</em></strong></span> <span class='ocrx_word' id='word_1_158' title='bbox 1043 1381 1209 1437; x_wconf 81' lang='grc' dir='ltr'><strong><em>Βοδηνά</em></strong></span> <span class='ocrx_word' id='word_1_159' title='bbox 1231 1382 1294 1423; x_wconf 75' lang='grc' dir='ltr'><strong><em>ἐπὶ</em></strong></span> <span class='ocrx_word' id='word_1_160' title='bbox 1322 1381 1471 1436; x_wconf 87' lang='grc' dir='ltr'><strong><em>πέτρας</em></strong></span> <span class='ocrx_word' id='word_1_161' title='bbox 1491 1378 1644 1422; x_wconf 83' lang='grc' dir='ltr'><strong><em>ἀποτό-</em></strong></span> 
     </span>
     <span class='ocr_line' id='line_1_19' title="bbox 166 1445 1643 1507; baseline -0.003 -12"><span class='ocrx_word' id='word_1_162' title='bbox 166 1468 251 1506; x_wconf 88' lang='grc' dir='ltr'><strong><em>μου</em></strong></span> <span class='ocrx_word' id='word_1_163' title='bbox 280 1451 483 1506; x_wconf 83' lang='grc' dir='ltr'><strong><em>κείμενον,</em></strong></span> <span class='ocrx_word' id='word_1_164' title='bbox 533 1450 592 1493; x_wconf 70' lang='grc' dir='ltr'><strong><em>δι’</em></strong></span> <span class='ocrx_word' id='word_1_165' title='bbox 626 1445 677 1505; x_wconf 69' lang='grc' dir='ltr'><strong><em>ἧς</em></strong></span> <span class='ocrx_word' id='word_1_166' title='bbox 707 1456 907 1507; x_wconf 79' lang='grc' dir='ltr'><strong><em>καταρρεῖ</em></strong></span> <span class='ocrx_word' id='word_1_167' title='bbox 943 1450 990 1492; x_wconf 86' lang='grc' dir='ltr'><strong><em>τὸ</em></strong></span> <span class='ocrx_word' id='word_1_168' title='bbox 1028 1454 1101 1504; x_wconf 82' lang='grc' dir='ltr'><strong><em>τῆς</em></strong></span> <span class='ocrx_word' id='word_1_169' title='bbox 1128 1451 1270 1506; x_wconf 81' lang='grc' dir='ltr'><strong><em>λίμνης</em></strong></span> <span class='ocrx_word' id='word_1_170' title='bbox 1302 1454 1375 1493; x_wconf 81' lang='grc' dir='ltr'><strong><em>τοῦ</em></strong></span> <span class='ocrx_word' id='word_1_171' title='bbox 1414 1448 1643 1506; x_wconf 80' lang='grc' dir='ltr'><strong><em>Ὀστροβοῦ</em></strong></span> 
     </span>
     <span class='ocr_line' id='line_1_20' title="bbox 166 1515 1643 1578; baseline -0.003 -15"><span class='ocrx_word' id='word_1_172' title='bbox 166 1519 280 1578; x_wconf 75' lang='grc' dir='ltr'><strong><em>ὕδωρ</em></strong></span> <span class='ocrx_word' id='word_1_173' title='bbox 289 1551 305 1572; x_wconf 91' lang='grc'><strong><em>,</em></strong></span> <span class='ocrx_word' id='word_1_174' title='bbox 338 1517 418 1562; x_wconf 69' lang='grc' dir='ltr'><strong><em>ὑπὸ</em></strong></span> <span class='ocrx_word' id='word_1_175' title='bbox 435 1524 510 1576; x_wconf 77' lang='grc' dir='ltr'><strong><em>γῆς</em></strong></span> <span class='ocrx_word' id='word_1_176' title='bbox 529 1517 718 1564; x_wconf 77' lang='grc' dir='ltr'><strong><em>κάτωθεν</em></strong></span> <span class='ocrx_word' id='word_1_177' title='bbox 738 1517 828 1576; x_wconf 84' lang='grc' dir='ltr'><strong><em>ῥέον</em></strong></span> <span class='ocrx_word' id='word_1_178' title='bbox 849 1519 1017 1576; x_wconf 80' lang='grc' dir='ltr'><strong><em>ἀφανῶς</em></strong></span> <span class='ocrx_word' id='word_1_179' title='bbox 1035 1519 1192 1562; x_wconf 81' lang='grc' dir='ltr'><strong><em>κάκεῖσε</em></strong></span> <span class='ocrx_word' id='word_1_180' title='bbox 1213 1515 1334 1561; x_wconf 82' lang='grc' dir='ltr'><strong><em>πάλιν</em></strong></span> <span class='ocrx_word' id='word_1_181' title='bbox 1352 1515 1643 1571; x_wconf 70' lang='grc' dir='ltr'><strong><em>ὑποδυόμενον.</em></strong></span> 
     </span>
     <span class='ocr_line' id='line_1_21' title="bbox 109 1586 1642 1646; baseline -0.003 -15"><span class='ocrx_word' id='word_1_182' title='bbox 109 1590 237 1633; x_wconf 66' lang='grc' dir='ltr'><strong><em>Ξῠκαὶ</em></strong></span> <span class='ocrx_word' id='word_1_183' title='bbox 265 1589 348 1632; x_wconf 69' lang='grc' dir='ltr'><strong><em>ἐπεὶ</em></strong></span> <span class='ocrx_word' id='word_1_184' title='bbox 374 1587 433 1645; x_wconf 83' lang='grc' dir='ltr'><strong><em>μὴ</em></strong></span> <span class='ocrx_word' id='word_1_185' title='bbox 460 1586 653 1639; x_wconf 73' lang='grc' dir='ltr'><strong><em>ἑκουσίως</em></strong></span> <span class='ocrx_word' id='word_1_186' title='bbox 680 1589 953 1644; x_wconf 77' lang='grc' dir='ltr'><strong><em>παρεδίδοσαν</em></strong></span> <span class='ocrx_word' id='word_1_187' title='bbox 983 1586 1152 1638; x_wconf 75' lang='grc' dir='ltr'><strong><em>ἑαυτοὺς</em></strong></span> <span class='ocrx_word' id='word_1_188' title='bbox 1181 1587 1219 1630; x_wconf 77' lang='grc' dir='ltr'><strong><em>οἳ</em></strong></span> <span class='ocrx_word' id='word_1_189' title='bbox 1248 1587 1382 1639; x_wconf 65' lang='grc' dir='ltr'><strong><em>ἔνδον,</em></strong></span> <span class='ocrx_word' id='word_1_190' title='bbox 1430 1587 1642 1646; x_wconf 67' lang='grc' dir='ltr'><strong><em>πολιορκία</em></strong></span> 
     </span>
     <span class='ocr_line' id='line_1_22' title="bbox 166 1654 1641 1713; baseline -0.005 -10"><span class='ocrx_word' id='word_1_191' title='bbox 166 1663 287 1703; x_wconf 80' lang='grc' dir='ltr'><strong><em>τοῦτο</em></strong></span> <span class='ocrx_word' id='word_1_192' title='bbox 317 1658 499 1713; x_wconf 86' lang='grc' dir='ltr'><strong><em>κατέσχε.</em></strong></span> <span class='ocrx_word' id='word_1_193' title='bbox 567 1659 636 1700; x_wconf 87' lang='grc' dir='ltr'><strong><em>καὶ</em></strong></span> <span class='ocrx_word' id='word_1_194' title='bbox 663 1655 832 1708; x_wconf 81' lang='grc' dir='ltr'><strong><em>τούτους</em></strong></span> <span class='ocrx_word' id='word_1_195' title='bbox 861 1654 1010 1711; x_wconf 80' lang='grc' dir='ltr'><strong><em>ὁμοίως</em></strong></span> <span class='ocrx_word' id='word_1_196' title='bbox 1038 1659 1094 1708; x_wconf 79' lang='grc' dir='ltr'><strong><em>εἰς</em></strong></span> <span class='ocrx_word' id='word_1_197' title='bbox 1115 1657 1185 1700; x_wconf 88' lang='grc' dir='ltr'><strong><em>τὸν</em></strong></span> <span class='ocrx_word' id='word_1_198' title='bbox 1208 1655 1390 1713; x_wconf 79' lang='grc' dir='ltr'><strong><em>Βολερὸν</em></strong></span> <span class='ocrx_word' id='word_1_199' title='bbox 1413 1654 1641 1706; x_wconf 77' lang='grc' dir='ltr'><strong><em>ἀποικίσας,</em></strong></span> 
     </span>
     <span class='ocr_line' id='line_1_23' title="bbox 167 1723 1642 1789; baseline -0.003 -19"><span class='ocrx_word' id='word_1_200' title='bbox 167 1730 334 1788; x_wconf 78' lang='grc' dir='ltr'><strong><em>φρουρᾷ</em></strong></span> <span class='ocrx_word' id='word_1_201' title='bbox 359 1727 404 1770; x_wconf 80' lang='grc' dir='ltr'><strong><em>δὲ</em></strong></span> <span class='ocrx_word' id='word_1_202' title='bbox 432 1731 551 1770; x_wconf 76' lang='grc' dir='ltr'><strong><em>τοῦτο</em></strong></span> <span class='ocrx_word' id='word_1_203' title='bbox 583 1724 895 1784; x_wconf 83' lang='grc' dir='ltr'><strong><em>ὀχυρωσάμενος</em></strong></span> <span class='ocrx_word' id='word_1_204' title='bbox 927 1724 1148 1786; x_wconf 74' lang='grc' dir='ltr'><strong><em>ἀξιολόγῳ,</em></strong></span> <span class='ocrx_word' id='word_1_205' title='bbox 1182 1724 1382 1789; x_wconf 79' lang='grc' dir='ltr'><strong><em>ἐπάνεισιν</em></strong></span> <span class='ocrx_word' id='word_1_206' title='bbox 1404 1727 1459 1775; x_wconf 79' lang='grc' dir='ltr'><strong><em>εἷς</em></strong></span> <span class='ocrx_word' id='word_1_207' title='bbox 1478 1723 1642 1767; x_wconf 84' lang='grc' dir='ltr'><strong><em>Θεσσα-</em></strong></span> 
     </span>
     <span class='ocr_line' id='line_1_24' title="bbox 164 1798 759 1852; baseline -0.005 -12"><span class='ocrx_word' id='word_1_208' title='bbox 164 1798 339 1852; x_wconf 82' lang='grc' dir='ltr'><strong><em>λονίκην.</em></strong></span> <span class='ocrx_word' id='word_1_209' title='bbox 756 1802 759 1804; x_wconf 80' lang='grc'><strong>’</strong></span> 
     </span>
     <span class='ocr_line' id='line_1_25' title="bbox 297 1859 1640 1923; baseline -0.004 -15"><span class='ocrx_word' id='word_1_210' title='bbox 297 1862 348 1908; x_wconf 87' lang='grc' dir='ltr'>Ὅ</span> <span class='ocrx_word' id='word_1_211' title='bbox 367 1864 414 1907; x_wconf 79' lang='grc' dir='ltr'><strong><em>δὲ</em></strong></span> <span class='ocrx_word' id='word_1_212' title='bbox 433 1867 508 1908; x_wconf 79' lang='grc' dir='ltr'><strong><em>τοῦ</em></strong></span> <span class='ocrx_word' id='word_1_213' title='bbox 527 1865 727 1923; x_wconf 80' lang='grc' dir='ltr'><strong><em>φρουρίου</em></strong></span> <span class='ocrx_word' id='word_1_214' title='bbox 749 1861 965 1922; x_wconf 82' lang='grc' dir='ltr'><strong><em>κατάρχων</em></strong></span> <span class='ocrx_word' id='word_1_215' title='bbox 983 1861 1222 1921; x_wconf 78' lang='grc' dir='ltr'><strong><em>Δραξάνος,</em></strong></span> <span class='ocrx_word' id='word_1_216' title='bbox 1258 1860 1361 1919; x_wconf 85' lang='grc' dir='ltr'><strong><em>ἀνὴρ</em></strong></span> <span class='ocrx_word' id='word_1_217' title='bbox 1383 1859 1640 1916; x_wconf 77' lang='grc' dir='ltr'><strong><em>πολεμιστής,</em></strong></span> 
     </span>
    </p>
   </div>
   <div class='ocr_carea' id='block_1_3' title="bbox 0 0 169 1248">
    <p class='ocr_par' dir='ltr' id='par_1_3' title="bbox 0 0 169 1248">
     <span class='ocr_line' id='line_1_26' title="bbox 0 0 169 640; baseline 0 0"><span class='ocrx_word' id='word_1_218' title='bbox 0 0 169 640; x_wconf 95' lang='lat' dir='ltr'><strong><em>  </em></strong></span> 
     </span>
     <span class='ocr_line' id='line_1_27' title="bbox 0 640 48 1248; baseline 0 1988"><span class='ocrx_word' id='word_1_219' title='bbox 0 640 48 1248; x_wconf 95' lang='lat' dir='ltr'><strong><em> </em></strong></span> 
     </span>
    </p>
   </div>
   <div class='ocr_carea' id='block_1_4' title="bbox 0 1415 22 1665">
    <p class='ocr_par' dir='ltr' id='par_1_4' title="bbox 0 1415 22 1665">
     <span class='ocr_line' id='line_1_28' title="bbox 0 1415 22 1665; baseline 0 -161"><span class='ocrx_word' id='word_1_220' title='bbox 0 1415 22 1665; x_wconf 52' lang='grc' dir='ltr'><em>ᾗ</em></span> 
     </span>
    </p>
   </div>
   <div class='ocr_carea' id='block_1_5' title="bbox 259 1992 1027 2042">
    <p class='ocr_par' dir='ltr' id='par_1_5' title="bbox 259 1992 1027 2042">
     <span class='ocr_line' id='line_1_29' title="bbox 259 1992 1027 2042; baseline -0.005 -9"><span class='ocrx_word' id='word_1_221' title='bbox 259 1998 305 2033; x_wconf 88' lang='grc'><strong><em>10</em></strong></span> <span class='ocrx_word' id='word_1_222' title='bbox 326 1993 519 2042; x_wconf 81' lang='grc' dir='ltr'><strong><em>διέδρασεν</em></strong></span> <span class='ocrx_word' id='word_1_223' title='bbox 545 1995 576 2030; x_wconf 90' lang='lat' dir='ltr'>C</span> <span class='ocrx_word' id='word_1_224' title='bbox 716 1994 762 2030; x_wconf 72' lang='lat'><strong><em>24</em></strong></span> <span class='ocrx_word' id='word_1_225' title='bbox 786 1992 973 2040; x_wconf 77' lang='grc' dir='ltr'><strong><em>ὃραξᾶνης</em></strong></span> <span class='ocrx_word' id='word_1_226' title='bbox 997 1994 1027 2029; x_wconf 85' lang='lat' dir='ltr'>C</span> 
     </span>
    </p>
   </div>
   <div class='ocr_carea' id='block_1_6' title="bbox 0 2106 1639 2898">
    <p class='ocr_par' dir='ltr' id='par_1_6' title="bbox 0 2106 1639 2841">
     <span class='ocr_line' id='line_1_30' title="bbox 163 2106 1638 2158; baseline -0.005 -9"><span class='ocrx_word' id='word_1_227' title='bbox 163 2114 210 2149; x_wconf 83' lang='lat' dir='ltr'><strong>ab</strong></span> <span class='ocrx_word' id='word_1_228' title='bbox 241 2111 458 2158; x_wconf 77' lang='lat' dir='ltr'><strong>imperatore</strong></span> <span class='ocrx_word' id='word_1_229' title='bbox 486 2110 526 2146; x_wconf 84' lang='lat' dir='ltr'><strong>vi</strong></span> <span class='ocrx_word' id='word_1_230' title='bbox 555 2109 699 2148; x_wconf 87' lang='lat' dir='ltr'><strong>castello</strong></span> <span class='ocrx_word' id='word_1_231' title='bbox 732 2112 933 2156; x_wconf 85' lang='lat' dir='ltr'><strong>expugnato</strong></span> <span class='ocrx_word' id='word_1_232' title='bbox 969 2108 1071 2144; x_wconf 85' lang='lat' dir='ltr'><strong>simul</strong></span> <span class='ocrx_word' id='word_1_233' title='bbox 1104 2111 1140 2144; x_wconf 89' lang='lat' dir='ltr'><strong><em>et</em></strong></span> <span class='ocrx_word' id='word_1_234' title='bbox 1160 2108 1239 2155; x_wconf 86' lang='lat' dir='ltr'><strong>ipse</strong></span> <span class='ocrx_word' id='word_1_235' title='bbox 1267 2107 1306 2143; x_wconf 84' lang='lat' dir='ltr'><strong>in</strong></span> <span class='ocrx_word' id='word_1_236' title='bbox 1330 2106 1406 2143; x_wconf 86' lang='lat' dir='ltr'><strong>eius</strong></span> <span class='ocrx_word' id='word_1_237' title='bbox 1429 2108 1638 2153; x_wconf 85' lang='lat' dir='ltr'><strong>potestatem</strong></span> 
     </span>
     <span class='ocr_line' id='line_1_31' title="bbox 162 2152 1639 2202; baseline -0.005 -9"><span class='ocrx_word' id='word_1_238' title='bbox 162 2158 276 2194; x_wconf 78' lang='lat' dir='ltr'><strong>venit.</strong></span> <span class='ocrx_word' id='word_1_239' title='bbox 322 2157 360 2193; x_wconf 81' lang='lat' dir='ltr'><strong>id</strong></span> <span class='ocrx_word' id='word_1_240' title='bbox 383 2156 581 2202; x_wconf 76' lang='lat' dir='ltr'><strong>castellum,</strong></span> <span class='ocrx_word' id='word_1_241' title='bbox 614 2155 794 2191; x_wconf 80' lang='lat' dir='ltr'><strong>translatis</strong></span> <span class='ocrx_word' id='word_1_242' title='bbox 824 2155 892 2190; x_wconf 84' lang='lat' dir='ltr'><strong>alio</strong></span> <span class='ocrx_word' id='word_1_243' title='bbox 920 2155 1101 2200; x_wconf 85' lang='lat' dir='ltr'><strong>Balgaris,</strong></span> <span class='ocrx_word' id='word_1_244' title='bbox 1136 2155 1327 2201; x_wconf 85' lang='lat' dir='ltr'><strong>imperator</strong></span> <span class='ocrx_word' id='word_1_245' title='bbox 1348 2155 1505 2188; x_wconf 89' lang='lat' dir='ltr'><strong>Romano</strong></span> <span class='ocrx_word' id='word_1_246' title='bbox 1529 2152 1639 2187; x_wconf 88' lang='lat' dir='ltr'><strong>munit</strong></span> 
     </span>
     <span class='ocr_line' id='line_1_32' title="bbox 191 2198 1638 2248; baseline -0.005 -9"><span class='ocrx_word' id='word_1_247' title='bbox 191 2203 364 2247; x_wconf 84' lang='lat' dir='ltr'><strong>raesidi03</strong></span> <span class='ocrx_word' id='word_1_248' title='bbox 399 2215 440 2238; x_wconf 86' lang='lat' dir='ltr'><strong>ac</strong></span> <span class='ocrx_word' id='word_1_249' title='bbox 462 2204 546 2238; x_wconf 90' lang='lat' dir='ltr'><strong>inde</strong></span> <span class='ocrx_word' id='word_1_250' title='bbox 568 2203 695 2248; x_wconf 88' lang='lat' dir='ltr'><strong>Cpolin</strong></span> <span class='ocrx_word' id='word_1_251' title='bbox 719 2203 830 2246; x_wconf 85' lang='lat' dir='ltr'><strong>redit,</strong></span> <span class='ocrx_word' id='word_1_252' title='bbox 859 2213 901 2236; x_wconf 91' lang='lat' dir='ltr'><strong><em>eo</em></strong></span> <span class='ocrx_word' id='word_1_253' title='bbox 925 2202 1028 2236; x_wconf 86' lang='lat' dir='ltr'><strong>etiam</strong></span> <span class='ocrx_word' id='word_1_254' title='bbox 1053 2201 1230 2237; x_wconf 83' lang='lat' dir='ltr'><strong>Nicolitza</strong></span> <span class='ocrx_word' id='word_1_255' title='bbox 1255 2200 1405 2235; x_wconf 85' lang='lat' dir='ltr'><strong>abducto</strong></span> <span class='ocrx_word' id='word_1_256' title='bbox 1430 2211 1471 2234; x_wconf 83' lang='lat' dir='ltr'><strong>ac</strong></span> <span class='ocrx_word' id='word_1_257' title='bbox 1494 2198 1638 2244; x_wconf 86' lang='lat' dir='ltr'><strong>patricii</strong></span> 
     </span>
     <span class='ocr_line' id='line_1_33' title="bbox 162 2217 1638 2292; baseline -0.005 -6"><span class='ocrx_word' id='word_1_258' title='bbox 162 2217 298 2286; x_wconf 60' lang='lat' dir='ltr'><strong>genere</strong></span> <span class='ocrx_word' id='word_1_259' title='bbox 322 2255 460 2286; x_wconf 86' lang='lat' dir='ltr'><strong>ornato.</strong></span> <span class='ocrx_word' id='word_1_260' title='bbox 511 2259 630 2284; x_wconf 84' lang='lat' dir='ltr'><strong>verum</strong></span> <span class='ocrx_word' id='word_1_261' title='bbox 656 2248 849 2283; x_wconf 68' lang='lat' dir='ltr'><strong>Nicolitzas</strong></span> <span class='ocrx_word' id='word_1_262' title='bbox 875 2247 977 2282; x_wconf 88' lang='lat' dir='ltr'><strong>homo</strong></span> <span class='ocrx_word' id='word_1_263' title='bbox 1007 2248 1209 2282; x_wconf 82' lang='lat' dir='ltr'><strong>inconstans</strong></span> <span class='ocrx_word' id='word_1_264' title='bbox 1240 2248 1328 2281; x_wconf 83' lang='lat' dir='ltr'><strong>urbe</strong></span> <span class='ocrx_word' id='word_1_265' title='bbox 1349 2245 1526 2292; x_wconf 83' lang='lat' dir='ltr'>profugit,</span> <span class='ocrx_word' id='word_1_266' title='bbox 1560 2245 1638 2279; x_wconf 84' lang='lat' dir='ltr'><strong>fur-</strong></span> 
     </span>
     <span class='ocr_line' id='line_1_34' title="bbox 162 2290 1636 2342; baseline -0.005 -10"><span class='ocrx_word' id='word_1_267' title='bbox 162 2297 296 2342; x_wconf 85' lang='lat' dir='ltr'><strong>timque</strong></span> <span class='ocrx_word' id='word_1_268' title='bbox 319 2297 364 2332; x_wconf 84' lang='lat' dir='ltr'><strong>ad</strong></span> <span class='ocrx_word' id='word_1_269' title='bbox 389 2295 585 2330; x_wconf 82' lang='lat' dir='ltr'><strong>Samuelum</strong></span> <span class='ocrx_word' id='word_1_270' title='bbox 623 2295 762 2339; x_wconf 86' lang='lat' dir='ltr'><strong>elapsus</strong></span> <span class='ocrx_word' id='word_1_271' title='bbox 795 2304 872 2327; x_wconf 87' lang='lat' dir='ltr'><strong><em>cum</em></strong></span> <span class='ocrx_word' id='word_1_272' title='bbox 899 2305 942 2328; x_wconf 90' lang='lat' dir='ltr'><strong><em>eo</em></strong></span> <span class='ocrx_word' id='word_1_273' title='bbox 966 2293 1094 2328; x_wconf 85' lang='lat' dir='ltr'><strong>Servia</strong></span> <span class='ocrx_word' id='word_1_274' title='bbox 1117 2296 1307 2339; x_wconf 82' lang='lat' dir='ltr'><strong>oppugnat.</strong></span> <span class='ocrx_word' id='word_1_275' title='bbox 1355 2303 1456 2337; x_wconf 88' lang='lat' dir='ltr'><strong>quam</strong></span> <span class='ocrx_word' id='word_1_276' title='bbox 1480 2290 1636 2325; x_wconf 87' lang='lat' dir='ltr'><strong>obsidio-</strong></span> 
     </span>
     <span class='ocr_line' id='line_1_35' title="bbox 161 2337 1634 2388; baseline -0.005 -10"><span class='ocrx_word' id='word_1_277' title='bbox 161 2354 242 2378; x_wconf 86' lang='lat' dir='ltr'><strong><em>nem</em></strong></span> <span class='ocrx_word' id='word_1_278' title='bbox 266 2341 428 2378; x_wconf 76' lang='lat' dir='ltr'><strong>celeriter</strong></span> <span class='ocrx_word' id='word_1_279' title='bbox 449 2340 704 2388; x_wconf 81' lang='lat' dir='ltr'><strong>superveniens</strong></span> <span class='ocrx_word' id='word_1_280' title='bbox 726 2339 919 2386; x_wconf 85' lang='lat' dir='ltr'><strong>imperator</strong></span> <span class='ocrx_word' id='word_1_281' title='bbox 936 2339 1041 2374; x_wconf 85' lang='lat' dir='ltr'><strong>facile</strong></span> <span class='ocrx_word' id='word_1_282' title='bbox 1057 2339 1233 2384; x_wconf 83' lang='lat' dir='ltr'><strong>discussit,</strong></span> <span class='ocrx_word' id='word_1_283' title='bbox 1255 2338 1404 2373; x_wconf 89' lang='lat' dir='ltr'><strong>Nicolao</strong></span> <span class='ocrx_word' id='word_1_284' title='bbox 1420 2342 1456 2372; x_wconf 90' lang='lat' dir='ltr'><strong><em>et</em></strong></span> <span class='ocrx_word' id='word_1_285' title='bbox 1470 2337 1634 2371; x_wconf 77' lang='lat' dir='ltr'><strong>samuelo</strong></span> 
     </span>
     <span class='ocr_line' id='line_1_36' title="bbox 162 2382 1635 2439; baseline -0.006 -13"><span class='ocrx_word' id='word_1_286' title='bbox 162 2388 445 2434; x_wconf 84' lang='lat' dir='ltr'><strong>diffugientibus.</strong></span> <span class='ocrx_word' id='word_1_287' title='bbox 471 2393 508 2422; x_wconf 86' lang='lat' dir='ltr'><strong><em>et</em></strong></span> <span class='ocrx_word' id='word_1_288' title='bbox 522 2386 701 2422; x_wconf 81' lang='lat' dir='ltr'><strong>Nicolitza</strong></span> <span class='ocrx_word' id='word_1_289' title='bbox 721 2398 744 2420; x_wconf 83' lang='lat' dir='ltr'><strong>a</strong></span> <span class='ocrx_word' id='word_1_290' title='bbox 767 2387 916 2430; x_wconf 87' lang='lat' dir='ltr'><strong>quodam</strong></span> <span class='ocrx_word' id='word_1_291' title='bbox 938 2386 1172 2420; x_wconf 85' lang='lat' dir='ltr'><strong>Romanorum</strong></span> <span class='ocrx_word' id='word_1_292' title='bbox 1196 2383 1383 2439; x_wconf 80' lang='lat' dir='ltr'><strong>manipulo,</strong></span> <span class='ocrx_word' id='word_1_293' title='bbox 1406 2384 1444 2418; x_wconf 91' lang='lat' dir='ltr'><strong>in</strong></span> <span class='ocrx_word' id='word_1_294' title='bbox 1459 2395 1560 2428; x_wconf 90' lang='lat' dir='ltr'><strong>quem</strong></span> <span class='ocrx_word' id='word_1_295' title='bbox 1576 2382 1635 2417; x_wconf 85' lang='lat' dir='ltr'><strong>in-</strong></span> 
     </span>
     <span class='ocr_line' id='line_1_37' title="bbox 161 2431 1633 2481; baseline -0.005 -10"><span class='ocrx_word' id='word_1_296' title='bbox 161 2435 312 2481; x_wconf 85' lang='lat' dir='ltr'><strong>ciderat,</strong></span> <span class='ocrx_word' id='word_1_297' title='bbox 335 2439 459 2480; x_wconf 81' lang='lat' dir='ltr'><strong>captus</strong></span> <span class='ocrx_word' id='word_1_298' title='bbox 482 2438 518 2468; x_wconf 91' lang='lat' dir='ltr'><strong><em>et</em></strong></span> <span class='ocrx_word' id='word_1_299' title='bbox 541 2433 578 2467; x_wconf 85' lang='lat' dir='ltr'><strong>iu</strong></span> <span class='ocrx_word' id='word_1_300' title='bbox 601 2431 749 2467; x_wconf 87' lang='lat' dir='ltr'><strong>vinculis</strong></span> <span class='ocrx_word' id='word_1_301' title='bbox 774 2431 955 2477; x_wconf 80' lang='lat' dir='ltr'><strong>adductus,</strong></span> <span class='ocrx_word' id='word_1_302' title='bbox 986 2431 1114 2478; x_wconf 87' lang='lat' dir='ltr'><strong>Cpolin</strong></span> <span class='ocrx_word' id='word_1_303' title='bbox 1137 2431 1262 2466; x_wconf 85' lang='lat' dir='ltr'><strong>missus</strong></span> <span class='ocrx_word' id='word_1_304' title='bbox 1286 2442 1324 2465; x_wconf 85' lang='lat' dir='ltr'><strong><em>1n</em></strong></span> <span class='ocrx_word' id='word_1_305' title='bbox 1348 2441 1523 2466; x_wconf 85' lang='lat' dir='ltr'><strong>carcerem</strong></span> <span class='ocrx_word' id='word_1_306' title='bbox 1547 2440 1633 2464; x_wconf 88' lang='lat' dir='ltr'><strong>con—</strong></span> 
     </span>
     <span class='ocr_line' id='line_1_38' title="bbox 161 2475 1632 2525; baseline -0.005 -8"><span class='ocrx_word' id='word_1_307' title='bbox 161 2481 296 2518; x_wconf 85' lang='lat' dir='ltr'><strong>iicitur.</strong></span> <span class='ocrx_word' id='word_1_308' title='bbox 355 2479 438 2515; x_wconf 82' lang='lat' dir='ltr'><strong>inde</strong></span> <span class='ocrx_word' id='word_1_309' title='bbox 461 2479 498 2514; x_wconf 89' lang='lat' dir='ltr'><strong>in</strong></span> <span class='ocrx_word' id='word_1_310' title='bbox 522 2477 740 2514; x_wconf 85' lang='lat' dir='ltr'><strong>Thessaliam</strong></span> <span class='ocrx_word' id='word_1_311' title='bbox 763 2478 945 2524; x_wconf 86' lang='lat' dir='ltr'><strong>profectus</strong></span> <span class='ocrx_word' id='word_1_312' title='bbox 968 2478 1157 2525; x_wconf 88' lang='lat' dir='ltr'><strong>imperator</strong></span> <span class='ocrx_word' id='word_1_313' title='bbox 1180 2476 1324 2513; x_wconf 89' lang='lat' dir='ltr'><strong>castella</strong></span> <span class='ocrx_word' id='word_1_314' title='bbox 1347 2488 1368 2510; x_wconf 86' lang='lat' dir='ltr'><strong>a</strong></span> <span class='ocrx_word' id='word_1_315' title='bbox 1391 2475 1552 2511; x_wconf 88' lang='lat' dir='ltr'><strong>Samuelo</strong></span> <span class='ocrx_word' id='word_1_316' title='bbox 1576 2475 1632 2509; x_wconf 87' lang='lat' dir='ltr'><strong><em>di-</em></strong></span> 
     </span>
     <span class='ocr_line' id='line_1_39' title="bbox 0 2521 1633 2572; baseline -0.006 -8"><span class='ocrx_word' id='word_1_317' title='bbox 0 2547 6 2572; x_wconf 85' lang='lat'>;</span> <span class='ocrx_word' id='word_1_318' title='bbox 162 2533 246 2564; x_wconf 83' lang='lat' dir='ltr'><strong>ruta</strong></span> <span class='ocrx_word' id='word_1_319' title='bbox 266 2526 396 2572; x_wconf 82' lang='lat' dir='ltr'><strong>reficit,</strong></span> <span class='ocrx_word' id='word_1_320' title='bbox 419 2536 511 2572; x_wconf 87' lang='lat' dir='ltr'><strong>quae</strong></span> <span class='ocrx_word' id='word_1_321' title='bbox 534 2537 556 2560; x_wconf 82' lang='lat' dir='ltr'><strong>a</strong></span> <span class='ocrx_word' id='word_1_322' title='bbox 574 2524 738 2570; x_wconf 86' lang='lat' dir='ltr'><strong>Bulgaris</strong></span> <span class='ocrx_word' id='word_1_323' title='bbox 760 2525 971 2560; x_wconf 84' lang='lat' dir='ltr'><strong>tenebantur</strong></span> <span class='ocrx_word' id='word_1_324' title='bbox 993 2528 1182 2570; x_wconf 78' lang='lat' dir='ltr'><strong>expugnat,</strong></span> <span class='ocrx_word' id='word_1_325' title='bbox 1207 2523 1448 2569; x_wconf 84' lang='lat' dir='ltr'><strong>Bulgarosque</strong></span> <span class='ocrx_word' id='word_1_326' title='bbox 1470 2521 1633 2556; x_wconf 77' lang='lat' dir='ltr'><strong>Boletum</strong></span> 
     </span>
     <span class='ocr_line' id='line_1_40' title="bbox 0 2567 1633 2618; baseline -0.005 -7"><span class='ocrx_word' id='word_1_327' title='bbox 0 2575 9 2611; x_wconf 61' lang='grc' dir='ltr'>ἰ</span> <span class='ocrx_word' id='word_1_328' title='bbox 163 2573 262 2618; x_wconf 87' lang='lat' dir='ltr'><strong>(loci</strong></span> <span class='ocrx_word' id='word_1_329' title='bbox 282 2572 350 2608; x_wconf 87' lang='lat' dir='ltr'><strong><em>hoc</em></strong></span> <span class='ocrx_word' id='word_1_330' title='bbox 371 2573 520 2618; x_wconf 87' lang='lat' dir='ltr'><strong>nomeu)</strong></span> <span class='ocrx_word' id='word_1_331' title='bbox 543 2573 727 2606; x_wconf 79' lang='lat' dir='ltr'><strong>transfert.</strong></span> <span class='ocrx_word' id='word_1_332' title='bbox 776 2571 1005 2616; x_wconf 87' lang='lat' dir='ltr'><strong>omnibusque</strong></span> <span class='ocrx_word' id='word_1_333' title='bbox 1038 2570 1193 2605; x_wconf 81' lang='lat' dir='ltr'><strong>castellis</strong></span> <span class='ocrx_word' id='word_1_334' title='bbox 1223 2569 1400 2616; x_wconf 86' lang='lat' dir='ltr'><strong>praesidio</strong></span> <span class='ocrx_word' id='word_1_335' title='bbox 1423 2567 1564 2604; x_wconf 87' lang='lat' dir='ltr'><strong>munitis</strong></span> <span class='ocrx_word' id='word_1_336' title='bbox 1586 2567 1633 2603; x_wconf 88' lang='lat' dir='ltr'><strong>ad</strong></span> 
     </span>
     <span class='ocr_line' id='line_1_41' title="bbox 0 2615 1631 2665; baseline -0.006 -9"><span class='ocrx_word' id='word_1_337' title='bbox 0 2630 6 2660; x_wconf 72' lang='grc' dir='ltr'>ἰ</span> <span class='ocrx_word' id='word_1_338' title='bbox 163 2620 310 2656; x_wconf 86' lang='lat' dir='ltr'><strong>Bodena</strong></span> <span class='ocrx_word' id='word_1_339' title='bbox 330 2618 507 2665; x_wconf 84' lang='lat' dir='ltr'><strong>pervenit.</strong></span> <span class='ocrx_word' id='word_1_340' title='bbox 552 2619 700 2653; x_wconf 85' lang='lat' dir='ltr'><strong>Bodena</strong></span> <span class='ocrx_word' id='word_1_341' title='bbox 722 2616 902 2652; x_wconf 87' lang='lat' dir='ltr'><strong>castellum</strong></span> <span class='ocrx_word' id='word_1_342' title='bbox 923 2622 978 2651; x_wconf 84' lang='lat' dir='ltr'><strong><em>est</em></strong></span> <span class='ocrx_word' id='word_1_343' title='bbox 1002 2628 1088 2652; x_wconf 86' lang='lat' dir='ltr'><strong>saxo</strong></span> <span class='ocrx_word' id='word_1_344' title='bbox 1110 2620 1300 2663; x_wconf 87' lang='lat' dir='ltr'><strong>praerupto</strong></span> <span class='ocrx_word' id='word_1_345' title='bbox 1322 2615 1519 2662; x_wconf 88' lang='lat' dir='ltr'><strong>impositum</strong></span> <span class='ocrx_word' id='word_1_346' title='bbox 1532 2640 1542 2659; x_wconf 90' lang='lat'><strong>‚</strong></span> <span class='ocrx_word' id='word_1_347' title='bbox 1566 2624 1631 2660; x_wconf 90' lang='lat' dir='ltr'><strong><em>per</em></strong></span> 
     </span>
     <span class='ocr_line' id='line_1_42' title="bbox 1 2661 1632 2713; baseline -0.006 -10"><span class='ocrx_word' id='word_1_348' title='bbox 1 2668 5 2670; x_wconf 73' lang='grc'><em>”</em></span> <span class='ocrx_word' id='word_1_349' title='bbox 163 2667 259 2713; x_wconf 90' lang='lat' dir='ltr'><strong>quod</strong></span> <span class='ocrx_word' id='word_1_350' title='bbox 291 2676 412 2700; x_wconf 83' lang='lat' dir='ltr'><strong>saxum</strong></span> <span class='ocrx_word' id='word_1_351' title='bbox 435 2675 527 2712; x_wconf 86' lang='lat' dir='ltr'><strong>aqua</strong></span> <span class='ocrx_word' id='word_1_352' title='bbox 548 2664 687 2710; x_wconf 85' lang='lat' dir='ltr'><strong>paludis</strong></span> <span class='ocrx_word' id='word_1_353' title='bbox 712 2663 859 2698; x_wconf 87' lang='lat' dir='ltr'><strong>Ostrobi</strong></span> <span class='ocrx_word' id='word_1_354' title='bbox 881 2662 1017 2698; x_wconf 86' lang='lat' dir='ltr'><strong>occulte</strong></span> <span class='ocrx_word' id='word_1_355' title='bbox 1038 2662 1134 2698; x_wconf 83' lang='lat' dir='ltr'><strong>infra</strong></span> <span class='ocrx_word' id='word_1_356' title='bbox 1153 2668 1281 2698; x_wconf 83' lang='lat' dir='ltr'><strong>terram</strong></span> <span class='ocrx_word' id='word_1_357' title='bbox 1305 2661 1448 2707; x_wconf 88' lang='lat' dir='ltr'><strong>defluit,</strong></span> <span class='ocrx_word' id='word_1_358' title='bbox 1479 2661 1632 2705; x_wconf 90' lang='lat' dir='ltr'><strong>indeque</strong></span> 
     </span>
     <span class='ocr_line' id='line_1_43' title="bbox 161 2706 1629 2757; baseline -0.005 -9"><span class='ocrx_word' id='word_1_359' title='bbox 161 2724 301 2749; x_wconf 81' lang='lat' dir='ltr'><strong>rursum</strong></span> <span class='ocrx_word' id='word_1_360' title='bbox 323 2710 485 2757; x_wconf 81' lang='lat' dir='ltr'><strong>emergit.</strong></span> <span class='ocrx_word' id='word_1_361' title='bbox 531 2721 677 2756; x_wconf 91' lang='lat' dir='ltr'><strong>cumque</strong></span> <span class='ocrx_word' id='word_1_362' title='bbox 699 2709 833 2744; x_wconf 89' lang='lat' dir='ltr'><strong>deditio</strong></span> <span class='ocrx_word' id='word_1_363' title='bbox 858 2721 928 2744; x_wconf 91' lang='lat' dir='ltr'><strong><em>non</em></strong></span> <span class='ocrx_word' id='word_1_364' title='bbox 950 2709 1077 2754; x_wconf 88' lang='lat' dir='ltr'><strong>fieret,</strong></span> <span class='ocrx_word' id='word_1_365' title='bbox 1110 2708 1147 2744; x_wconf 80' lang='lat' dir='ltr'><strong>vi</strong></span> <span class='ocrx_word' id='word_1_366' title='bbox 1177 2713 1376 2755; x_wconf 86' lang='lat' dir='ltr'><strong>expugnat,</strong></span> <span class='ocrx_word' id='word_1_367' title='bbox 1410 2706 1629 2752; x_wconf 84' lang='lat' dir='ltr'><strong>Bulgaricum</strong></span> 
     </span>
     <span class='ocr_line' id='line_1_44' title="bbox 97 2753 1630 2841; baseline -0.005 -46"><span class='ocrx_word' id='word_1_368' title='bbox 97 2805 101 2808; x_wconf 16' lang='grc' dir='ltr'><strong>ν</strong></span> <span class='ocrx_word' id='word_1_369' title='bbox 161 2757 376 2841; x_wconf 54' lang='grc' dir='ltr'><strong><em>Ρέιαεείᾱὶιιιιι</em></strong></span> <span class='ocrx_word' id='word_1_370' title='bbox 393 2756 560 2839; x_wconf 43' lang='lat' dir='ltr'><strong>&amp;domm</strong></span> <span class='ocrx_word' id='word_1_371' title='bbox 583 2757 760 2804; x_wconf 85' lang='lat' dir='ltr'><strong>deportat,</strong></span> <span class='ocrx_word' id='word_1_372' title='bbox 785 2761 821 2792; x_wconf 84' lang='lat' dir='ltr'><strong><em>et</em></strong></span> <span class='ocrx_word' id='word_1_373' title='bbox 843 2755 987 2791; x_wconf 74' lang='lat' dir='ltr'><strong>castello</strong></span> <span class='ocrx_word' id='word_1_374' title='bbox 1009 2754 1187 2802; x_wconf 84' lang='lat' dir='ltr'><strong>praesidio</strong></span> <span class='ocrx_word' id='word_1_375' title='bbox 1203 2754 1320 2790; x_wconf 83' lang='lat' dir='ltr'><strong>valido</strong></span> <span class='ocrx_word' id='word_1_376' title='bbox 1336 2753 1500 2801; x_wconf 84' lang='lat' dir='ltr'><strong>imposito</strong></span> <span class='ocrx_word' id='word_1_377' title='bbox 1513 2753 1630 2789; x_wconf 84' lang='lat' dir='ltr'><strong>Thes-</strong></span> 
     </span>
    </p>

    <p class='ocr_par' dir='ltr' id='par_1_7' title="bbox 161 2803 1632 2898">
     <span class='ocr_line' id='line_1_45' title="bbox 161 2803 462 2841; baseline -0.01 0"><span class='ocrx_word' id='word_1_378' title='bbox 161 2817 179 2841; x_wconf 86' lang='lat' dir='ltr'><strong>a</strong></span> <span class='ocrx_word' id='word_1_379' title='bbox 217 2805 350 2841; x_wconf 77' lang='lat' dir='ltr'><strong>unicam</strong></span> <span class='ocrx_word' id='word_1_380' title='bbox 372 2815 394 2839; x_wconf 87' lang='lat' dir='ltr'><strong>a</strong></span> <span class='ocrx_word' id='word_1_381' title='bbox 419 2803 462 2839; x_wconf 90' lang='lat' dir='ltr'><strong><em>it.</em></strong></span> 
     </span>
     <span class='ocr_line' id='line_1_46' title="bbox 255 2845 1632 2898; baseline -0.005 -12"><span class='ocrx_word' id='word_1_382' title='bbox 255 2850 328 2894; x_wconf 80' lang='lat' dir='ltr'><strong><em>Qui</em></strong></span> <span class='ocrx_word' id='word_1_383' title='bbox 350 2849 553 2898; x_wconf 78' lang='lat' dir='ltr'><strong>praefuerat</strong></span> <span class='ocrx_word' id='word_1_384' title='bbox 576 2848 611 2885; x_wconf 89' lang='lat' dir='ltr'><strong><em>ei</em></strong></span> <span class='ocrx_word' id='word_1_385' title='bbox 633 2847 776 2884; x_wconf 84' lang='lat' dir='ltr'><strong>castello</strong></span> <span class='ocrx_word' id='word_1_386' title='bbox 801 2848 1007 2894; x_wconf 70' lang='lat' dir='ltr'><strong>Draxamoe,</strong></span> <span class='ocrx_word' id='word_1_387' title='bbox 1039 2848 1097 2884; x_wconf 70' lang='lat' dir='ltr'><strong><em>vir</em></strong></span> <span class='ocrx_word' id='word_1_388' title='bbox 1117 2846 1323 2894; x_wconf 80' lang='lat' dir='ltr'><strong>bellicosus,</strong></span> <span class='ocrx_word' id='word_1_389' title='bbox 1352 2847 1398 2883; x_wconf 85' lang='lat' dir='ltr'><strong>ab</strong></span> <span class='ocrx_word' id='word_1_390' title='bbox 1420 2845 1632 2894; x_wconf 81' lang='lat' dir='ltr'><strong>imperatore</strong></span> 
     </span>
    </p>
   </div>
  </div>
 </body>
</html>
