1890 3236
336 196 436 244 926
929 191 1175 237 FABROTI

339 304 400 345 ad
416 314 831 373 paracoemumenum.
889 302 940 340 sic
957 301 1123 352 legitur'
1113 315 1150 340 in
1171 301 1314 341 duobus
1340 314 1426 342 mss.
1446 315 1578 354 magua
1593 304 1777 356 dignitas:

336 358 602 415 παράκοπος,
632 361 793 426 πρᾶγμα
815 356 1028 408 Ῥωμαίοις
1050 356 1167 411 μέγα,
1196 358 1399 398 Manasses.
1454 372 1491 398 v.
1503 360 1733 412 gmwsium.

450 432 480 456 π
492 432 515 455 α
526 431 547 467 ρ
561 431 584 454 α
595 431 621 466 μ
631 431 661 481 'Z
667 431 688 466 ρ
701 430 713 453 ι
726 430 746 454 ο
757 429 782 454 ν
810 415 943 465 pugio,
973 415 1059 453 sica.
1117 415 1325 453 Cedrenus:
1368 417 1424 468 τῷ
1451 415 1687 471 παραμηρίφ
1705 413 1780 469 τὴν

335 469 516 522 κεφαλὴν
538 467 661 510 αὐτοῦ
681 469 842 521 ἐξέτεμε.
900 467 1024 508 auctor
1052 470 1259 510 Miscellae:
1301 472 1476 521 pugione
1501 485 1578 523 quo
1603 478 1688 513 emt
1708 486 1782 510 ac·-

338 531 491 567 cinctas
517 534 640 578 caput
668 528 753 563 eius
782 527 1023 576 amputavit.
1082 526 1234 564 Glossae
1256 526 1397 576 Cyrilli:
1439 526 1611 580 μάχαιρα
1639 523 1682 570 τὸ
1703 542 1782 568 πα-

340 582 548 636 ραμήριον,
591 584 676 623 sica.
735 586 884 620 utuntur
917 582 991 620 Leo
1025 585 1063 620 et
1093 583 1350 621 Constantinus
1379 584 1418 621 in
1447 582 1555 622 Tact.
1587 581 1782 624 Concilium

338 640 562 679 Chalcedon.
580 644 650 676 act.
677 639 750 678 11·
778 634 989 690 γυμνώσας
1008 635 1276 690 παραμηᾝριον

451 710 546 746 παρ
559 710 621 733 απ
635 691 657 734 ό
670 710 691 746 ρ
703 709 723 732 τ
735 709 784 733 ια
810 699 938 744 portae
962 694 1152 744 parvulae,
1180 692 1374 759 portellae,
1411 706 1505 744 quae
1523 695 1632 733 dictio
1646 696 1781 770 passim

341 755 460 790 exstat
488 751 588 802 apud
611 749 776 788 Anastas.
798 750 891 791 Bibl.
918 750 1038 790 Gloss.
1066 750 1150 801 Cyr.
1185 745 1437 815 παραπύλιον
1459 750 1681 801 portella.
1702 751 1780 790 Leo

339 809 447 846 Tact.
473 820 505 846 c.
527 806 577 846 15
602 805 627 857 ἓ
647 807 691 848 4:
723 805 780 853 εἰς
799 820 846 844 τα
867 802 1117 859 παραπόρτια
1135 808 1206 858 τῆς
1226 802 1386 854 πόλεως.
1426 805 1688 886 Theophanes·
1716 806 1783 848 ἐπὶ

339 878 383 904 το
410 860 493 902 ἅνω
517 876 598 901 των
625 861 864 913 Καλλινίκης
887 863 1156 916 παραπορτίςο.

455 916 740 983 παρασκευή
773 919 851 956 dies
873 919 1024 957 veneris.
1066 918 1298 956 Eustathius:
1323 915 1412 969 περὶ
1434 931 1582 970 χρονικ.
1602 917 1783 970 διαστημ.

343 989 375 1015 c.
404 973 452 1015 4.
493 970 638 1026 μεγάλη
663 970 915 1026 παρασκευή,
966 975 1063 1025 apud
1095 974 1317 1021 cedrenum,
1357 974 1392 1010 le
1418 971 1559 1024 grand
1584 972 1782 1013 vendredi.

343 1044 459 1081 quare
491 1031 631 1068 dicatur
661 1027 890 1083 παρασκευή
926 1031 1031 1068 docet
1060 1031 1275 1069 Theodorus
1307 1029 1524 1069 Metochites
1555 1030 1592 1068 in
1621 1030 1784 1068 Historia

344 1087 512 1125 Romana
532 1100 568 1138 p.
592 1088 644 1128 83
665 1090 702 1125 et
722 1099 799 1137 seq.
810 1114 823 1137 ‚
861 1087 961 1125 Ioan.
992 1088 1158 1125 Damasc.
1192 1090 1285 1127 orat.
1314 1086 1352 1123 iu
1379 1086 1492 1127 Sabb.
1522 1084 1568 1134 5,
1609 1090 1646 1125 et
1669 1085 1781 1126 Mich.

344 1143 492 1193 Glycas.

458 1212 661 1251 παραφο
675 1195 946 1238 σσατεύειν
974 1203 1093 1237 castra
1112 1200 1209 1238 iuxta
1227 1199 1358 1238 locare.

457 1269 583 1306 παρο
597 1255 712 1293 ικία.
769 1256 958 1305 paroeciae
982 1255 1186 1306 Ephesinae
1206 1256 1415 1306 episeopus:
1445 1253 1630 1292 cedrenus
1646 1265 1684 1304 p.
1702 1249 1783 1294 247

343 1326 374 1350 c.
396 1312 600 1364 paroeciam
620 1312 678 1348 vel
697 1312 913 1357 parrochiam
934 1325 1000 1362 pro
1019 1311 1177 1350 dioecesi
1194 1312 1280 1362 poni
1299 1310 1553 1362 pervulgatum
1574 1314 1643 1349 est.

456 1364 790 1418 πατριάρχης,
832 1371 1205 1419 πατριαρχεῖον.
1259 1367 1474 1417 patriarcha.
1530 1365 1612 1403 hinc
1649 1378 1785 1417 πατρι-

344 1427 502 1474 αρχεῖον
526 1424 653 1460 domus
671 1423 908 1474 patriarchae.
966 1424 1079 1462 Sexta
1101 1423 1271 1472 Synodus
1289 1423 1353 1474 Cp.
1372 1427 1442 1461 act.
1462 1419 1507 1462 4:
1532 1417 1784 1462 Ἀναστασίου

345 1477 609 1530 πρεσβυτέρου
644 1477 711 1518 καὶ
742 1481 920 1529 μοναχοῦ
950 1482 1030 1518 τῶν
1062 1475 1276 1531 εὖκτηρίων
1310 1480 1382 1518 τοῦ
1412 1477 1589 1518 ἐνταῦθα
1618 1472 1786 1529 εὖαγοῦς

343 1535 634 1586 πατριαρχείου.
699 1540 772 1574 vet.
801 1536 891 1575 int.:
939 1535 1172 1573 venerabilis
1208 1534 1464 1585 patriarchii.
1533 1534 1580 1571 de
1617 1533 1784 1570 Romano

341 1592 514 1642 pontifice
538 1596 575 1628 et
597 1591 798 1641 patriarcha
821 1591 1010 1641 Cpolitano
1039 1592 1119 1629 dico
1147 1593 1195 1629 ad
1219 1591 1472 1628 collectionem
1492 1589 1785 1627 constitutionum

343 1647 672 1694 ecclesiasticarum,
700 1647 798 1684 cuius
819 1651 943 1684 auctor
960 1647 1166 1695 Balsamon,
1194 1647 1256 1696 qui
1274 1650 1380 1684 antea
1400 1645 1647 1696 ignorabatur.

454 1702 729 1753 πατρίκιος
756 1703 936 1753 patricius.
991 1703 1131 1753 patricii
1160 1706 1247 1752 post
1271 1701 1474 1751 Augustum
1500 1701 1618 1752 primi.
1674 1700 1786 1738 Ioan—

342 1771 411 1797 nes
433 1757 591 1796 Tzetzes
612 1757 765 1795 Chiliad.
794 1760 812 1797 1
834 1758 920 1796 hist
940 1757 1012 1800 34:
1059 1754 1253 1807 Θεόφιλος
1275 1752 1529 1806 ἀνθύπατος,
1570 1755 1787 1823 πατρίκιος,

341 1813 567 1864 κοιαίστωρ.
629 1812 876 1863 Menologium
911 1813 1039 1852 Graec.
1073 1815 1110 1852 in
1133 1814 1318 1863 Augusto·
1360 1827 1407 1852 ου
1440 1807 1565 1863 μόνον
1599 1806 1788 1863 εὐγενοῦς

343 1869 484 1922 γένους
509 1865 606 1909 ἄλλα
625 1867 692 1908 καὶ
714 1870 918 1920 πατρικίας
941 1869 1118 1917 ἔξουσίας
1141 1868 1311 1917 ἔνδοξος.
1367 1872 1472 1934 pater
1486 1868 1709 1919 imperatoris
1729 1866 1789 1905 vel

343 1926 499 1976 imperii.
555 1925 816 1963 Constantinus
836 1926 1048 1965 Manasses:
1074 1924 1222 1977 πατέρα
1246 1924 1312 1964 καὶ
1322 1920 1570 1994 προφύλακα
1589 1926 1700 1963 ποιεῖ
1715 1924 1788 1974 τῆς

345 1981 558 2034 βασιλείας.
608 1980 756 2019 Priscus
783 1982 821 2019 in
851 1982 1038 2050 Excerptis
1060 1983 1107 2021 de
1133 1981 1267 2032 Legat.
1293 1977 1361 2021 τὸν
1384 1978 1427 2021 δὲ
1457 1980 1593 2031 Νόμον
1618 1993 1692 2029 την
1715 1992 1786 2018 του

647 2089 1008 2108 ἱὶἱὶἱὶἱὶ

345 2149 502 2200 Niceph.
525 2148 613 2188 Call.
639 2149 691 2189 13
723 2152 761 2189 1.

457 2201 794 2257 πατρικιότης
821 2206 1028 2257 patriciatus
1050 2206 1219 2256 dignitas.
1277 2205 1531 2243 Constantinus
1557 2204 1606 2242 de
1633 2202 1789 2241 admini-

346 2261 498 2299 strando
528 2261 643 2312 Imp.:
685 2260 752 2301 καὶ
783 2259 1059 2316 προεβιβασθη
1094 2257 1193 2316 παρ’
1227 2256 1354 2302 αὐτου
1386 2260 1442 2308 εἰς
1476 2256 1550 2311 την
1581 2254 1789 2337 πατρικιό-

345 2331 680 2438 τηταπατριμό
692 2388 809 2413 νιον
835 2375 1098 2425 patrimonium.
1156 2347 1397 2424 Theophanes
1425 2372 1463 2410 iu
1488 2370 1633 2409 Leone:
1674 2365 1721 2409 τὰ
1744 2365 1790 2409 δε

346 2423 535 2480 λεγόμενα
555 2426 794 2481 πατριμόνια
813 2444 894 2470 των
918 2428 1041 2482 ἁγίων
1060 2428 1126 2471 καὶ
1146 2428 1380 2480 κορυφαίων
1399 2422 1624 2467 ἆποστόλων
1643 2440 1723 2465 των
1745 2423 1789 2465 ἕν

345 2486 397 2537 τῇ
415 2483 656 2539 πρεσβυτέρα
676 2483 800 2549 Ῥώμῃ
820 2485 1068 2539 τιμωμένων,
1107 2489 1193 2534 ταῖς
1218 2484 1440 2536 ἐκκλησίαις
1471 2482 1634 2523 ἔκπαλαι
1654 2476 1789 2521 τελου-

347 2554 447 2590 μενα
465 2541 627 2590 χρυσίου
645 2538 817 2582 ταλαντα
835 2540 905 2592 νζ,
934 2544 990 2597 τῷ
1007 2542 1185 2597 δημοσίῳ
1204 2537 1305 2595 λόγῳ
1325 2543 1523 2580 τελεῖσθαι
1541 2535 1788 2590 προσέταξεν.

346 2608 382 2633 v.
401 2597 451 2633 ad
475 2596 622 2634 Glossas
642 2597 787 2636 Basilic.

458 2655 546 2690 πῖν
560 2667 584 2690 α
612 2651 736 2691 fames.
792 2667 827 2694 v.
851 2653 987 2694 Meurs.
1015 2653 1074 2691 alii
1099 2653 1258 2692 scribunt
1281 2655 1421 2701 πεῖνα,
1459 2654 1502 2690 ut
1522 2652 1646 2688 auctor
1663 2646 1788 2686 Lexici

347 2707 645 2745 Graecobarbari.
1108 2724 1109 2727 ¹

458 2777 488 2801 π
499 2778 512 2801 ι
523 2778 546 2801 ν
559 2779 583 2802 α
594 2778 618 2802 κ
628 2779 642 2802 ι
654 2779 674 2804 ο
686 2779 721 2804 ν.
780 2765 1012 2815 curopalates
1031 2778 1067 2816 p.
1086 2763 1168 2805 850
1189 2765 1226 2804 d.
1281 2776 1318 2802 v.
1336 2762 1474 2802 Meurs.

459 2833 489 2858 π
501 2815 609 2860 ινσό
618 2834 638 2867 ς
674 2820 750 2872 pila
774 2821 939 2873 lapidea,
979 2820 1137 2859 tumulus
1172 2820 1412 2859 manufactus.
1475 2788 1716 2870 Theophanes
1749 2814 1788 2851 iu
