1916 3210
658 148 720 170 ..Δῖ
731 149 734 153 ”
747 151 749 154 ⁴

366 175 465 231 606
736 197 746 212 .,
838 183 1072 230 esonen
1097 186 1336 232 cannam

1443 161 1508 182 Lam„

493 293 544 338 ‘O
567 293 611 337 δέ
626 290 843 346 σουλτάνος
860 294 1043 352 ἓγκοτῶν,
1077 295 1133 350 ὥς
1153 298 1316 356 ἐρρέθη,
1343 297 1548 360 Ἀβραμίῳ
1563 305 1621 363 τῷ
1639 300 1804 363 ἀδελφῷ

365 362 431 406 καὶ
460 362 529 406 διὰ
558 362 707 414 παντὸς
737 363 1004 418 ἐπιβουλεύων
1030 369 1080 424 τῇ
1106 365 1249 410 τούτου
1279 369 1382 425 ζωῇ,
1425 369 1588 422 ἐμελέτα
1615 373 1807 427 διηνεκῶς

365 430 514 472 ἀνελεῖν
534 428 669 473 αὐτόν.
735 428 832 488 ὅπερ
854 433 1051 489 προγνοὺς
1068 435 1212 485 ἐκεῖνος
1234 435 1387 492 ἀπέδρα
1407 436 1509 492 πρὸς
1525 439 1806 494 Κοντλουμοῦς

363 497 432 540 τὸν
454 496 599 540 ἑαυτοῦ
620 495 801 552 ἀνεψιόν,
829 501 895 541 καὶ
917 500 1004 555 ἅμα
1023 503 1155 560 ἐκείνῳ
1173 502 1242 545 τὸν
1259 503 1362 546 κατὰ
1379 508 1451 546 τοῦ
1471 503 1691 549 σουλτᾶνου
1702 506 1807 551 dm-

220 575 250 609 P
274 574 341 612 789
365 565 517 620 δέχεται
539 563 725 620 πόλεμον.
793 564 854 617 οἷς
870 569 1089 622 συμβαλὼν
1108 570 1212 613 κατὰ
1233 570 1279 614 τὸ
1302 569 1512 627 λεγόμενον
1531 570 1686 631 Πάσαρ
1709 574 1838 621 ἐκεῖ-5

361 650 430 683 νος
451 633 655 690 τρέπεται,
689 635 756 676 καὶ
777 634 846 678 τὸν
869 637 941 690 μὲν
956 635 1175 694 Ἀβράμιον
1197 637 1354 695 ἀναιρεῖ
1371 640 1690 695 κατασχεθέντα·
1722 639 1747 684 ὃ
1762 643 1809 685 δὲ

366 702 655 756 Κουτλουμοῦς
687 703 826 759 φυγὼν
857 703 958 757 μετὰ
982 703 1178 759 χιλιάδων
1209 705 1243 756 ς’
1271 708 1338 748 καὶ
1367 708 1507 762 Μέλεχ
1527 713 1599 750 τοῦ
1621 708 1712 751 υἱοῦ
1736 713 1810 751 τοῦ

361 769 599 827 Ἀβραμίου
620 769 945 827 διαπρεσβεύεται
964 773 1065 829 πρὸς
1082 775 1273 827 βασιλέα,
1310 772 1491 818 ἷκετεῦων
1508 777 1809 832 προσδεχθῆναι

367 839 433 880 καὶ
464 835 675 892 σύμμαχος
705 840 771 880 καὶ
801 840 918 897 φίλος
943 841 1130 896 γενέσθαι
1152 839 1380 896 ςΡωμαίων.
1457 843 1525 885 καὶ
1553 843 1688 887 ἐλθὼν
1709 844 1811 902 πρὸς

367 906 441 961 τὴν
465 907 773 962 Περσαρμενίαν
803 909 870 949 καὶ
904 907 950 950 τὸ
982 907 1190 964 λεγόμενον
1218 909 1358 966 Κάρσε
1388 911 1602 967 προσέμενε
1632 910 1707 962 τὰς
1735 915 1864 968 τῆς10

367 975 579 1030 πρεσβείας
601 973 849 1030 ἀποκρίσεις·
893 975 935 1018 ἒν
959 980 1018 1034 τῷ
1045 977 1193 1031 μεταξὺ
1221 979 1265 1020 δὲ
1287 977 1554 1035 πολιορκήσας
1580 978 1626 1022 τὸ
1653 977 1808 1036 Κάρσε,

365 1042 470 1095 πλὴν
490 1046 563 1096 τῆς
581 1040 856 1099 ἀκροπόλεως,
890 1043 1126 1102 παρειλήφει
1146 1045 1218 1100 τὴν
1238 1044 1365 1088 πόλιν.
1415 1044 1581 1089 κατόπιν
1602 1047 1646 1090 δὲ
1662 1046 1808 1090 τούτου

367 1107 522 1152 διώκων
542 1108 563 1151 ὅ
587 1108 803 1161 σουλτάνος
821 1105 925 1166 ἦλθε
950 1111 1054 1165 μετὰ
1079 1117 1158 1155 τῶν
1180 1113 1305 1156 αὐτοῦ
1330 1112 1536 1168 δυνάμεων
1565 1115 1607 1157 ἐν
1623 1115 1808 1176 Ἰβηρίᾳ·

315 1183 345 1219 Β
370 1176 465 1234 ὅπερ
483 1178 632 1232 μαθὼν
653 1175 675 1219 ὅ
695 1179 984 1233 Κουτλουμοῦς
1001 1179 1122 1237 ἔφυγε
1146 1181 1247 1236 πρὸς
1275 1182 1326 1223 τὰ
1347 1184 1467 1235 Σαβᾶ
1484 1183 1550 1224 καὶ
1575 1181 1653 1238 τὴν
1673 1183 1809 1226 εὐδαί-

362 1263 468 1301 μονα
484 1246 690 1303 Ἀραβίαν.
757 1244 779 1288 ὅ
801 1247 844 1289 δὲ
862 1245 1079 1298 σουλτάνος
1101 1249 1141 1290 ἐν
1158 1249 1321 1309 Ἰβηρίᾳ
1339 1246 1544 1305 γενόμενος
1562 1251 1735 1305 ἐληίζετο
1756 1250 1808 1293 τὰ
1822 1258 1864 1293 15

362 1311 645 1370 παρατυχόντα
667 1315 735 1357 καὶ
754 1313 980 1372 ἕπυρπόλει.
1048 1316 1111 1358 διὸ
1140 1319 1206 1359 καὶ
1235 1317 1337 1359 κατὰ
1364 1317 1544 1372 σπουδὴν
1571 1315 1592 1359 ὃ
1621 1318 1812 1372 βασιλεὺς

363 1381 433 1424 τὸν
449 1380 691 1425 Ἀκόλουθον
713 1383 886 1437 Μιχαὴλ
908 1383 1273 1438 μεταπεμψάμενος
1290 1385 1333 1426 ἐκ
1350 1389 1421 1440 τῆς
1441 1383 1609 1442 ἑσπέρας
1630 1386 1672 1436 ἐς
1692 1385 1814 1441 Ἰβη-

365 1450 456 1506 ρίαν
474 1449 684 1504 ἐκπέμπει·
731 1449 777 1500 ὃς
805 1451 888 1492 ἐκεῖ
910 1450 1117 1506 γενόμενος
1145 1454 1211 1494 καὶ
1241 1452 1336 1502 τοὺς
1365 1453 1674 1510 διεσπαρμένους
1701 1452 1742 1496 ἕν
1768 1470 1813 1496 τε

367 1518 535 1578 Χαλδία
562 1519 629 1560 καὶ
655 1516 818 1578 Ἰβηρίᾳ
840 1516 1054 1575 Φράγγους
1074 1522 1141 1562 καὶ
1159 1518 1399 1576 Βαράγγους
1421 1518 1621 1575 ἀγηοχώς,
1650 1519 1815 1563 κωλύειν

367 1585 546 1641 ἠπείγετο
571 1584 642 1628 τὸν
672 1584 810 1628 ἐνόντα
841 1584 989 1642 τρόπον
1009 1587 1081 1637 τὰς
1101 1588 1299 1643 ἐκδρομὰς
1319 1591 1390 1629 τοῦ
1413 1586 1645 1631 σουλτάνου.
1712 1588 1868 1633 nim-²20

369 1654 515 1703 ε’κεῖνος
542 1653 617 1708 τὴν
643 1652 773 1704 ὀξεῖαν
793 1653 940 1711 ἔφοδον
959 1653 1104 1697 τούτου
1126 1653 1289 1708 μαθών,
1324 1657 1390 1697 καὶ
1414 1654 1474 1698 ὅτι
1495 1655 1594 1698 λαὸν
1613 1655 1815 1712 ἀθροίσας

371 1719 532 1763 σπεύδει
563 1718 694 1779 τούτῳ
724 1721 1048 1775 συμπλέκεσθαι,
1095 1721 1355 1778 λογισάμενος
1390 1722 1485 1779 ὅπερ
1523 1718 1572 1777 ἦν
1601 1722 1724 1776 εἰκός,
1764 1723 1812 1767 τὸ

371 1787 620 1847 ἑκατέρωθεν
648 1793 719 1832 τοῦ
748 1787 983 1847 πράγματος
1015 1789 1175 1843 ἄδοξον,
1219 1792 1287 1833 καὶ
1308 1789 1371 1833 ὅτι
1393 1789 1559 1847 νικήσας
1575 1791 1648 1845 μὲν
1668 1793 1814 1835 δοῦλον

460 1929 485 1965 8
508 1925 796 1972 κοντλουμούσιν
817 1927 848 1963 C
949 1929 974 1964 7
995 1925 1287 1973 κουτλουμοῦσης
1316 1940 1454 1974 semper
1476 1929 1507 1963 C
1611 1928 1698 1965 υἱοῦ
1720 1929 1815 1976 τοῦ]

461 1974 549 2010 ὐἱοῦ
573 1972 692 2010 αὐτοῦ
717 1974 749 2009 G
886 1974 929 2011 12
946 1970 1061 2019 ἄκρας
1083 1986 1199 2020 margo
1221 1975 1250 2010 P
1389 1976 1434 2011 14
1454 1972 1496 2010 τὸ
1518 1972 1614 2020 σάβοι
1635 1975 1665 2009 C

458 2096 570 2133 Porro
602 2096 756 2132 sultanus
786 2108 882 2142 cum,
913 2101 951 2133 ut
981 2098 1148 2144 diximus,
1182 2097 1286 2133 fratri
1315 2109 1378 2133 suo
1400 2097 1564 2133 Abramio
1584 2102 1815 2143 succenseret,

369 2143 531 2178 adsiduos
553 2143 627 2178 eius
646 2144 740 2178 vitae
766 2144 931 2189 deinceps
955 2144 1083 2179 struxit
1103 2143 1261 2179 insidias.
1284 2144 1377 2189 quod
1399 2144 1552 2178 sentiens
1566 2142 1748 2178 Abramius
1770 2144 1816 2178 ad

368 2190 604 2224 Cutlumusum
628 2189 782 2233 aufugit,
805 2200 903 2224 suum
925 2190 1165 2224 consobrinum
1189 2196 1227 2224 et
1246 2189 1306 2223 illo
1329 2189 1515 2224 adiuvante
1537 2188 1662 2223 bellum
1678 2189 1814 2224 sultano

366 2235 475 2279 facit,
499 2235 559 2280 qui
581 2246 656 2269 cum
679 2235 724 2269 iis
747 2246 952 2279 congressus
974 2235 1107 2281 praelio
1131 2236 1222 2280 apud
1240 2235 1352 2269 Pasar
1373 2236 1487 2269 victor
1508 2234 1703 2269 Abramium
1723 2245 1818 2269 com-

368 2281 574 2326 prehensum
606 2280 756 2316 necavit.
804 2281 1023 2316 Cutlumusus
1053 2281 1191 2325 fugiens
1225 2292 1299 2315 cum
1333 2291 1396 2316 sex
1425 2280 1561 2316 milibus
1593 2284 1630 2314 et
1658 2279 1816 2315 Melecho

370 2327 526 2361 Abramii
547 2325 619 2360 filio
641 2338 705 2372 per
719 2330 852 2371 legatos
867 2326 958 2371 petit
975 2328 1019 2361 ab
1035 2327 1244 2372 imperatore
1257 2325 1369 2372 recipi
1383 2327 1419 2360 in
1434 2327 1536 2361 fidem
1549 2325 1818 2370 societatemque

369 2373 618 2414 Romanorum3
641 2373 887 2418 profectusque
909 2372 946 2405 in
966 2372 1238 2407 Persarmeniam
1262 2372 1306 2406 ad
1327 2372 1438 2406 Carse
1458 2382 1661 2416 responsum
1682 2371 1817 2415 legato-

371 2428 447 2452 rum
467 2423 659 2462 exspectat.
703 2417 910 2462 interimque
931 2418 1040 2453 Carse
1062 2429 1276 2464 oppugnans,
1300 2417 1438 2463 dempta
1460 2428 1551 2460 arce,
1574 2416 1681 2462 capit.
1726 2417 1818 2450 hunc

372 2474 395 2498 a
416 2468 515 2508 tergo
537 2464 721 2509 insequens
754 2463 909 2498 sultanus
941 2475 1017 2497 cum
1049 2464 1120 2498 suis
1146 2464 1255 2508 copiis
1289 2463 1326 2496 in
1348 2463 1496 2497 Iberiam
1519 2461 1637 2504 venit3
1667 2461 1818 2506 ideoque

374 2509 593 2543 Cutlumusus
628 2510 672 2544 ad
705 2510 831 2544 Sabam
869 2514 905 2543 et
934 2509 1070 2544 felicem
1102 2510 1261 2543 Arabiam
1293 2509 1396 2553 fugit.
1442 2508 1596 2543 sultanus
1629 2507 1666 2540 in
1701 2506 1817 2541 Iberia

373 2554 479 2588 obvia
502 2565 659 2599 quaeque
678 2554 875 2599 populando
895 2558 998 2601 atque
1020 2555 1190 2590 incendiis
1205 2559 1335 2590 vastat.
1381 2554 1500 2599 itaque
1523 2551 1685 2586 celeriter
1705 2552 1815 2596 impe-

377 2605 476 2633 rator
499 2599 704 2634 Michaelum
725 2599 928 2634 Acoluthum
959 2612 1003 2635 ex
1024 2601 1218 2639 Occidente
1247 2603 1444 2634 revocatum
1470 2599 1508 2633 in
1530 2597 1679 2632 Iberiam
1701 2597 1817 2632 mittit.

377 2644 438 2689 qui
461 2655 535 2678 cum
559 2656 600 2679 eo
625 2645 797 2690 venisset,
832 2645 985 2680 collectis
1006 2659 1070 2692 per
1088 2647 1266 2681 chaldiam
1288 2657 1330 2680 ac
1351 2645 1499 2679 Iberiam
1517 2643 1684 2688 dispersis
1702 2643 1818 2677 Fran-

374 2690 426 2724 cis
451 2701 491 2724 ac
514 2690 682 2735 Barangis
705 2703 923 2737 compescere
953 2702 1156 2737 quocunque
1185 2693 1286 2726 modo
1307 2690 1540 2736 grassationes
1565 2687 1691 2723 sultani
1712 2698 1819 2722 cona-

375 2740 445 2770 tur.
493 2736 645 2770 sultanus
682 2737 787 2770 celeri
821 2737 921 2771 huius
958 2738 1108 2773 adventu
1143 2737 1299 2782 cognito,
1338 2737 1560 2782 sentiensque
1599 2733 1688 2768 velle
1725 2732 1817 2766 illum

377 2781 533 2815 exercitu
562 2781 704 2816 collecto
738 2793 852 2816 secum
886 2793 1002 2827 pugna
1034 2783 1218 2827 congredi,
1254 2787 1419 2828 reputans
1450 2781 1487 2816 id
1517 2779 1608 2824 quod
1639 2789 1709 2831 res.
1729 2781 1818 2819 crat,

375 2831 558 2872 utrumque
579 2827 647 2862 sibi
670 2827 932 2872 ignominiosum
957 2829 1055 2875 fore,
1092 2829 1170 2865 sive
1193 2828 1352 2863 vinceret
1383 2825 1602 2873 imperatoris
1630 2826 1819 2866 ministrum
