1916 3210
744 182 1115 228 GLOSSARIUM.
1556 182 1657 230 915

202 292 291 333 vide
311 292 468 332 eundem
493 292 543 332 ad
568 304 599 331 c
616 289 683 335 24
736 290 767 345 ἦ
785 288 935 346 μεγάλη
953 288 1126 345 κυριακή
1146 293 1244 347 apud
1263 293 1483 334 Cedrenum.
1539 299 1578 335 et
1601 299 1660 334 est

202 349 283 389 (Res
299 349 494 400 paschatis.
550 348 636 387 item
655 350 755 400 apud
775 351 930 390 eundem
949 364 987 401 p.
1005 350 1086 393 295
1106 351 1142 389 (1.
1200 346 1373 401 κυριακή
1390 352 1448 390 vel
1466 349 1660 402 κυριακόν

202 409 262 445 est
291 405 480 457 templum.
535 404 690 456 Niceph.
721 405 859 445 Callist.
888 409 916 448 7
944 408 1011 450 38.
1069 406 1223 456 Cyrillus
1253 407 1404 446 Catech.
1430 421 1468 459 p.
1488 406 1571 449 494
1597 410 1658 448 ed.

201 461 242 501 in
264 461 304 504 4.
361 461 568 500 Chronicon
590 461 784 500 Alexandr
804 475 841 514 p.
859 464 952 504 660.
1008 463 1048 503 S.
1071 462 1245 504 Athanas.
1267 464 1305 501 in
1324 464 1400 502 vita
1420 464 1528 503 Ant-t
1559 463 1660 513 ἐξελ-

201 514 294 559 θων
314 511 438 564 εὐθυς
458 516 502 558 ἐκ
518 518 592 557 τοῦ
610 520 818 586 κυριακοῦ.
874 518 1023 557 Simeon
1053 517 1235 571 Metaphr.
1261 521 1299 558 in
1326 520 1499 572 Cypriani
1522 525 1662 572 marty-

200 575 273 613 rio.
304 572 360 620 εἰς
382 588 425 612 το
447 588 640 625 κυριακον
660 569 900 623 αφικνεῖται.
952 587 988 613 v.
1011 575 1145 613 Zonar.
1170 576 1218 614 ad
1239 589 1268 614 c.
1284 573 1350 617 74.
1405 577 1545 628 Synod.
1571 579 1596 617 6
1622 579 1660 616 in

201 627 344 669 Tmllo.
398 628 621 669 walafridus
645 631 780 670 Strabo
803 632 851 670 de
870 631 948 673 reb.
969 631 1094 670 eccles.
1113 645 1144 670 c.
1163 633 1205 672 7.
1262 632 1352 670 sicut
1378 633 1503 684 itaque
1529 635 1659 672 domus

200 685 264 724 dei
292 685 468 734 Basilica,
497 687 536 724 id
569 690 626 725 est
654 688 757 737 regia
785 700 809 726 a
835 699 946 738 rege,
974 688 1026 726 sic
1051 688 1160 727 etiam
1187 684 1377 739 κυριακοὶ,
1407 690 1446 727 ἱ(1
1467 693 1526 728 est
1543 690 1664 729 domi-

199 743 283 781 nica
311 754 336 781 a
365 743 513 781 domino
545 748 809 795 nuncupantur.
866 744 964 783 adde
991 743 1198 783 Aimoinum
1227 745 1276 784 de
1303 750 1398 795 gest.
1429 746 1605 787 Francor.
1632 750 1661 789 2

199 811 233 838 c.
254 802 320 842 11

310 849 495 908 πυρός,
524 850 639 909 κύρ,
669 858 828 908 κῦρις.
867 856 1050 894 dominus.
1090 856 1378 909 ininscriptione
1393 858 1514 909 operis
1531 860 1662 911 κυροιῒ

197 913 273 952 τοῦ
299 912 522 964 Κεδρηνοῦ.
577 912 753 964 Iosephus
779 913 970 964 episcopus
995 911 1247 951 Methonensis
1265 915 1316 952 sic
1333 915 1515 982 inscripsit
1530 915 1661 966 apolo-

197 968 296 1019 giam
327 969 504 1007 adversus
535 967 691 1007 libellum
719 969 834 1007 Marci
861 968 1114 1019 metropolitae
1138 969 1294 1021 Ephesi.
1326 965 1518 1039 οἷπολογία
1538 971 1594 1018 εἰς
1614 968 1661 1012 το

197 1020 447 1078 γραμμάτιον
484 1039 561 1078 κυρ
596 1020 776 1077 Μάρκου
806 1027 878 1065 τοῦ
905 1021 1134 1077 Εὕγενικου
1161 1027 1450 1093 μητροπολίτου
1474 1022 1657 1078 Ἐφέσου.

198 1080 337 1120 Concil.
374 1080 550 1121 Chalced.
585 1085 655 1119 act.
689 1084 732 1122 1:
778 1076 968 1132 ἀξιοῦμεν
995 1080 1064 1121 καὶ
1093 1079 1160 1122 τόν
1187 1085 1302 1135 κῦριν
1331 1078 1491 1135 Μαμαν
1521 1084 1660 1126 εἰπεῖν.

195 1141 272 1178 vet.
300 1138 455 1189 interpa
497 1137 770 1188 supplicamus
809 1145 846 1174 et
879 1137 1068 1175 domnum
1098 1139 1287 1176 Mamam
1315 1139 1453 1179 dicere.
1512 1142 1656 1190 Synod.

197 1194 271 1246 C..
297 1195 324 1234 6
353 1199 427 1234 act.
458 1193 527 1235 14:
563 1192 588 1235 o‘
605 1196 721 1247 κῦρις
751 1196 1066 1242 Κωνσταντῖνος.
1125 1200 1198 1234 vet.
1228 1196 1311 1234 int:
1351 1196 1520 1234 domnus
1553 1197 1657 1235 Con-

196 1250 407 1288 stantinus.
466 1254 502 1288 et
534 1252 643 1301 paulo
675 1254 777 1301 post:
821 1249 976 1291 δέδωκα
1012 1245 1114 1291 αὐτὰ
1153 1247 1264 1307 αυτῷ
1298 1253 1353 1307 τῷ
1391 1255 1505 1308 κυρῷ
1539 1256 1659 1294 Κων-

197 1307 401 1361 σταντίνω.
466 1305 1115 1348 coneil.Cha1ced.act.1.5w2
1152 1322 1224 1348 του
1263 1310 1390 1362 κυροῦ
1431 1310 1657 1351 Θαλασσίου

194 1362 262 1404 καὶ
285 1365 365 1405 ,τοῦ
392 1365 523 1416 κυροῦ
547 1358 752 1416 Εὔσεβίου
778 1359 974 1418 παρόντος
1002 1362 1072 1404 καὶ
1101 1365 1177 1404 τοῦ
1202 1365 1476 1419 Σιλεντιαρίου
1503 1365 1655 1420 ἐγένετο

243 1420 400 1473 πρᾶξις.
556 1435 558 1437 '

191 1436 221 1474 η
305 1475 486 1524 κώδιξ,
515 1476 782 1517 κωδίκιον.
838 1477 965 1517 codex.
1023 1478 1060 1517 b.
1082 1478 1362 1529 Chrysostomus
1379 1478 1501 1520 homil.
1520 1480 1558 1517 in
1572 1479 1657 1517 Sal-

159 1552 170 1563 ·
194 1533 333 1572 vetoris
353 1533 449 1571 diem
468 1537 563 1571 nata
592 1532 659 1574 καὶ
678 1537 760 1581 τοῖς
781 1528 961 1603 ἄρχαίοις
979 1537 1063 1583 τοῖς
1071 1535 1254 1600 δημοσία
1274 1533 1471 1586 κειμένοις
1488 1550 1546 1575 κω
1540 1532 1658 1584 ’διξιν

194 1587 261 1630 ἐπὶ
291 1591 365 1641 τῆς
389 1585 552 1640 Ῥωμης.
619 1590 884 1641 Theophanes:
913 1586 1170 1639 Ἀναστάσιος
1204 1590 1230 1632 o‘
1262 1589 1447 1643 βασιλευς
1477 1588 1582 1632 εἶδεν
1613 1592 1658 1633 ἐν

147 1689 150 1693 ,
195 1641 363 1699 ὁράματι
382 1641 510 1697 ἄνδρα
531 1643 710 1699 φοβερον
730 1642 973 1698 βασταζοντα
991 1643 1155 1687 namma.
1212 1647 1476 1698 Pachymeres.
1507 1644 1550 1689 τὸ
1581 1663 1659 1689 κω-

193 1703 325 1744 δίκιον
342 1704 414 1753 τῆς
432 1700 641 1754 ἐκκλησίας
661 1702 718 1751 εἰς
737 1704 870 1755 πίστιν
888 1704 1177 1756 προεκομίζετο.
1235 1705 1349 1744 Sexta
1379 1705 1552 1754 Synodus
1583 1706 1657 1756 Cp.

193 1763 266 1800 act.
289 1758 335 1800 5:
364 1772 412 1798 τα
443 1757 631 1823 εἰρημένα
657 1760 824 1800 κωδίκια
842 1757 1194 1812 ὖποδεχέσθωσαν.
1250 1764 1322 1798 vet.
1346 1761 1433 1799 int.:
1455 1761 1659 1812 praedicti

193 1815 346 1854 codices
361 1815 644 1865 suscipiantur.
688 1820 727 1855 et
745 1820 816 1856 act.
835 1819 863 1858 7
882 1821 952 1856 vet.
971 1818 1035 1856 int.
1050 1818 1160 1856 vertit
1179 1816 1426 1864 codicillum,
1456 1822 1494 1857 et
1514 1822 1583 1857 act.
1604 1821 1657 1861 13

186 1870 487 1924 polypbychwn.

305 1926 450 1978 λατέρ
462 1929 653 1968 κουλον
680 1927 901 1968 laterculum.
958 1929 1047 1979 q'uid
1067 1932 1165 1968 esset
1184 1928 1390 1967 laterculum
1409 1928 1566 1980 explicat
1581 1930 1655 1968 Ce-

192 1986 328 2025 drenus
347 1998 386 2036 p.
405 1982 485 2024 169
507 1985 543 2023 d.
602 1985 858 2024 Theodoretus
888 1985 1042 2029 Quaest.
1073 1987 1109 2023 in
1135 1985 1196 2024 lib.
1222 1985 1344 2035 Regu.
1373 1985 1547 2036 interrog.
1576 1985 1654 2027 40:

190 2042 385 2083 πλινθίον
411 2038 522 2093 οἶμαι
546 2044 775 2089 καλεῖσθαι,
806 2038 829 2082 ὃ
846 2037 958 2093 παραὶ,
974 2045 1058 2088 τοῖς
1079 2040 1228 2090 ἔξωθεν
1251 2043 1523 2094 συγγραφεῦσι
1539 2042 1656 2081 πλαί-

191 2108 283 2140 σιον
299 2094 545 2150 ὀνομάζεται.
575 2094 680 2145 εἶδος
699 2099 816 2137 τοῦτο
838 2099 1117 2150 στρατιωτικῆς
1134 2094 1389 2150 παρατάξεως
1407 2095 1654 2151 τετράγωνον

188 2151 359 2208 ἐχούσης
375 2151 420 2195 vo*
442 2157 584 2206 σχῆμα.
645 2155 729 2194 vide
748 2154 871 2192 Cuiac.
890 2154 938 2191 ad
958 2156 1014 2193 tit.
1034 2155 1130 2193 Cod.
1152 2155 1199 2193 de
1216 2155 1372 2206 proxim.
1392 2167 1524 2193 sacror.
1543 2155 1650 2194 scrin.

189 2211 302 2255 1.13.
359 2212 408 2250 ad
429 2210 570 2250 Novell.
593 2214 644 2260 8,
673 2218 711 2250 et
730 2212 777 2249 de
799 2210 863 2248 off.
886 2214 1030 2261 quaest.
1053 2211 1090 2249 in
1111 2210 1236 2251 Parat.
1260 2209 1363 2249 Cod.

301 2266 523 2321 λεγοὲτον
553 2268 726 2318 legatum.
755 2267 901 2305 Suidas.
950 2267 1101 2305 occurrit
1109 2268 1256 2334 passim
1274 2267 1312 2306 in
1326 2265 1501 2306 Basilicis.
1549 2266 1653 2306 Con-

187 2326 309 2369 cilimn
333 2325 582 2364 Florentinum
607 2337 699 2364 sess.
723 2326 770 2365 3.
800 2319 933 2376 ὥσπερ
962 2338 999 2363 τι
1025 2316 1191 2377 λεγᾶτον
1208 2323 1275 2364 καὶ
1293 2322 1562 2378 κληρονομίαν
1583 2339 1654 2364 αυ-

187 2386 274 2430 τοῖς
303 2379 539 2435 ἐγκατέλιπε.

298 2439 574 2486 λεκτίκιον
601 2438 743 2477 lectica.
798 2435 1046 2487 Menologium
1086 2434 1242 2486 Augusti
1283 2437 1343 2476 die
1375 2440 1422 2479 2.
1460 2433 1505 2476 το“
1538 2432 1651 2489 ἷερον

148 2495 384 2546 »λείψανον
427 2494 472 2536 ἐν
510 2495 691 2550 λεκτικίω
734 2492 799 2535 ἐπὶ
844 2490 925 2548 ὄνῳ
964 2496 1196 2534 καταθεῖσα.
1282 2493 1416 2533 Graeci
1449 2493 1500 2532 ad
1533 2492 1558 2531 l.
1596 2494 1651 2534 60

231 2554 257 2594 8
273 2552 322 2591 D.
339 2551 408 2590 loc.

187 2550 214 2605 S
298 2606 472 2648 λέσσα.
528 2620 562 2646 v.
590 2607 805 2647 Meursium.

298 2664 619 2717 λιβελλίσιος
651 2664 860 2703 libellensis.
916 2661 1013 2702 Nov.
1050 2665 1106 2705 20
1140 2675 1174 2701 ο.
1213 2663 1253 2703 9.
1296 2662 1359 2712 qui
1387 2661 1527 2700 libellos
1560 2674 1649 2700 con-

184 2721 328 2768 scribit,
359 2723 396 2760 in
422 2721 447 2759 l.
476 2721 543 2759 hac
569 2721 652 2771 lege
681 2721 724 2759 C.
756 2722 803 2760 de
829 2721 981 2772 proxim.
1008 2732 1100 2760 sacr.
1126 2719 1237 2760 scrin.
1261 2718 1285 2758 l.
1309 2718 1336 2758 3
1361 2718 1406 2758 C.
1436 2719 1498 2757 ubi
1526 2723 1647 2758 senat.

182 2777 341 2816 Iulianus
368 2777 589 2818 Antecessor
617 2776 713 2817 Nov.
739 2778 787 2817 de
807 2778 921 2817 adiut.
947 2777 1101 2825 Quaest.
1158 2776 1244 2816 vide
1264 2775 1314 2815 ad
1333 2774 1579 2828 Theophilum
1599 2776 1647 2815 de

183 2834 353 2875 satisdat.
