1916 3210
437 154 844 229 msromfflnu
861 151 1253 228 somnum.
1484 150 1583 199 537

125 271 239 333 φορὰ
264 268 402 330 ὅτιπερ
434 267 630 322 κακόνους
656 267 684 326 ἦ
714 255 930 335 Ζωῆὶαξέρῖ
955 266 1032 326 τὴν
1057 257 1278 330 βασιλειζιςινἱ
1299 265 1382 322 μου
1413 268 1586 324 φανεῖσα

125 339 336 399 ἐξαίρει-ται
362 338 465 398 παρ’
499 339 623 395 ἐμοῦ,
657 329 980 396 συμφροῑνόνῨδὲ
1006 334 1136 399 ταύτῃ
1151 330 1281 401 'saiz
1302 333 1476 387 Ἀλέξιος
1501 336 1587 387 ἕξε-

124 407 267 466 βλῆθη
298 412 372 466 τῆς
400 410 623 464 ἐκκλησίας.
687 405 803 463 ὑμεῖς
831 407 877 450 δὲ
900 403 928 463 5
956 405 1054 462 ἔμὸς
1081 402 1204 460 λαὸς,
1239 404 1275 448 εἲ
1298 404 1371 460 τὴν
1395 403 1496 460 ἐμὴν
1518 403 1588 448 εὕ-

125 495 240 522 νσιαν
257 478 508 536 διατηροίητε
527 467 633 534 πρὸς
650 475 744 532 ἐμέ,
776 473 963 534 μεγάλων
977 464 1192 530 τιμῶνῗκαὶ
1209 473 1380 531 ἀγαθῶν
1395 471 1588 525 τεύξεσθε

96 548 197 594 διαὶ
235 546 343 603 ζωὴν
382 545 537 590 ἄλυπον
566 547 634 588 καὶ
667 545 859 601 καθαρὰν
887 541 1075 600 ζήσεσθε.
1105 543 1108 547 ’
1143 541 1384 600 ἀναγνόντος
1415 536 1487 585 οὖν
1514 546 1588 586 τοῦ

126 613 305 674 ἐπάρχου
333 614 408 671 τὴν
431 614 650 673 ἀναφορὰν
673 615 728 665 εἷς
742 611 919 669 ’ἐπήκοον
937 616 1012 657 τοῦ
1030 615 1160 666 λαοῦ,
1192 609 1309 670 φωνή
1338 629 1400 664 τις
1423 607 1590 667 ἐξηκού-

127 689 239 741 σθη,
276 682 449 740 μηδενὸς
482 681 712 741 εὑρεθέντος
739 687 811 725 τοῦ
842 679 1105 740 κεκραγότος,
1140 678 1196 732 ὦς
1217 678 1334 736 ἡμεῖς
1354 675 1589 738 σταυροπά-

126 770 201 810 την
231 750 473 810 καλαφάτην
502 751 675 806 βασιλέα
707 751 754 795 οὗ
787 751 988 807 θέλομεν,
1031 750 1136 794 ἀλλὰ
1167 749 1241 806 τὴν
1273 748 1488 806 ἀρχέγονον
1520 749 1588 792 καὶ
1610 753 1640 790 Ρ
1662 752 1731 792 751

127 819 378 879 κληρονόμον
406 821 474 863 καὶ
498 818 696 877 ἡμετέραν
723 820 892 877 μητέρα·
907 816 1043 874 Ζωῆν.
1109 820 1177 862 καὶ
1205 817 1331 869 εὐθὺς
1352 815 1408 869 ὥς
1428 818 1472 861 ἐκ
1491 823 1591 873 μιᾶς

77 901 119 938 10
129 895 269 950 φωνῆς
287 889 395 941 ἅπας
411 886 433 932 ὃ
450 888 550 940 λαὸς
567 886 696 942 ἐβόων
714 886 994 946 κἀνασκαφειή
1013 888 1064 931 τὰ
1085 886 1188 930 ὃστιῖ
1204 891 1278 930 τοῦ
1298 884 1588 944 καλαφάτου.”

126 960 195 1003 καὶ
214 954 500 1014 ’ἀναλαβόντες
528 957 696 1008 ἕκαστος
720 959 865 1008 λίθους
887 959 954 1000 καὶ
975 956 1122 1014 βάθρα
1144 957 1211 1015 καὶ
1233 955 1287 999 τὰ
1306 953 1591 1013 παρατυχόντα

125 1026 230 1080 ξύλα
254 1026 326 1071 τὸν
349 1027 425 1082 μὲν
448 1024 624 1084 ἔπαρχον
658 1020 737 1085 (ἦν
763 1027 812 1070 ’δὲ
833 1016 1326 1080 Ἀναστάσιοςπατρίκιος
1346 1022 1367 1067 ὅ
1388 1029 1447 1084 τῷ
1468 1027 1592 1083 πατρὶ

126 1099 352 1152 τῆς·Ζωῆς
378 1093 761 1153 ῧπηρετησάμενος)
794 1099 944 1153 μικροῦ
974 1096 1057 1138 δεῖν
1088 1096 1155 1138 καὶ
1184 1094 1440 1147 ἀπέκτειναν,
1477 1096 1512 1137 εἰ
1533 1094 1592 1150 μὴ

130 1169 242 1223 φυγῇ
263 1161 521 1222 χρησάμενος
543 1165 758 1222 ἐπορίσατο
787 1163 862 1220 τὴν
888 1162 1035 1207 ἑαυτοῦ
1061 1165 1286 1221 σωτηρίαν·
1322 1162 1438 1206 αὐτοὶ
1466 1163 1511 1206 δὲ
1539 1165 1595 1214 εἰς

78 1243 120 1281 15
130 1234 204 1289 τὴν
224 1231 403 1291 μεγάλην
423 1231 645 1291 δραμόντες
665 1235 875 1288 ἐκκλησίαν
897 1259 949 1266 —-
973 1232 1084 1289 ἔτυχε
1108 1233 1187 1289 γὰρ
1210 1233 1279 1275 καὶ
1299 1229 1322 1274 ὃ
1343 1231 1597 1290 πατριάρχης

130 1303 206 1359 τὴν
224 1302 349 1346 αῧτοῦ
364 1300 628 1360 ὕποστροφὴν
649 1300 904 1357 ὠνησάμενος
916 1335 926 1352 ,
957 1303 1024 1345 καὶ
1043 1301 1115 1345 τὸν
1132 1301 1206 1356 μὲν
1223 1301 1396 1355 βασιλέα
1414 1300 1597 1359 {6220an-

130 1389 197 1428 μει
207 1403 221 1424 ,
254 1371 329 1426 τὴν
347 1372 392 1415 δέ
406 1376 482 1427 τῆς
494 1372 736 1426 βασιλίσσης
757 1370 879 1426 ἐζήτει
903 1369 1174 1426 ἀνακομιδήν·
1209 1370 1492 1427 προσέδραμον
1511 1371 1597 1413 τοί-

129 1457 204 1483 νυν
233 1438 380 1491 πάντες
404 1439 444 1483 οἱ
471 1445 545 1485 τοῦ
571 1439 726 1497 πατρὸς
747 1440 872 1495 αὐτῆς
892 1440 1073 1495 εὐνοῦχοι
1095 1440 1163 1482 καὶ
1185 1440 1489 1490 Κωνσταντῖνος
1512 1456 1594 1481 πα-

128 1509 281 1567 τρίκιος
305 1506 328 1552 ὅ
355 1507 599 1563 Καβάσιλας
623 1510 692 1551 καὶ
715 1508 761 1552 τὸ
789 1509 929 1552 λοιπὸν
951 1508 1058 1551 ἅπαν
1079 1511 1239 1564 πλῆθος
1259 1512 1332 1564 τῆς
1352 1507 1591 1565 συγκλήτου,
1615 1519 1646 1555 Β

6 1631 9 1636 ἱ
77 1578 201 1621 zona}
233 1581 347 1636 κοινῇ
375 1581 588 1635 συμβουλῇ
619 1578 852 1633 πέμψαντες
881 1577 1024 1634 ἄγουσι
1053 1577 1127 1631 τὴν
1158 1576 1378 1634 Θεοδώραν
1409 1577 1489 1620 ἀπὸ
1523 1582 1596 1620 τοῦ

129 1648 310 1704 Πετρίου
331 1649 388 1698 εἰς
407 1645 482 1702 τὴν
501 1643 680 1703 μεγάλην
696 1647 906 1702 ἐκκλησίαν
918 1679 931 1698 ,
957 1647 1024 1689 καὶ
1045 1644 1281 1696 ἐνδύσαντες
1299 1645 1426 1701 αὐτὴν
1445 1645 1597 1704 ἁλουρ-

130 1716 224 1772 γίδα
252 1715 468 1771 βασιλικὴν
493 1715 676 1760 ἄνασσαν
706 1715 931 1774 εὐφημοῦσι
959 1716 1034 1759 σὺν
1057 1718 1159 1773 Ζωῇ
1177 1719 1228 1773 τῇ
1247 1713 1398 1770 ταύτης
1424 1716 1595 1773 ἀδελφῇ.

131 1785 200 1827 καὶ
229 1782 478 1843 ὁρμήσαντες
503 1785 605 1844 πρὸς
623 1785 669 1829 τὸ
691 1783 886 1829 παλάτιον
907 1791 1146 1842 καταγαγεῖν
1162 1784 1369 1842 ἠπείγοντο
1391 1789 1472 1828 τῶν
1493 1785 1592 1828 ἀνα-

221 1927 267 1963 21
286 1924 350 1964 καὶ
371 1945 418 1954 -
437 1928 486 1965 22
505 1924 697 1974 βασιλικὴν
719 1938 774 1963 om
797 1927 830 1964 0

131 2051 351 2088 sententiam.
395 2050 539 2099 “Zoen,
573 2064 674 2100 quam
705 2064 782 2088 meo
808 2052 955 2099 imperio
978 2051 1162 2098 malignam
1185 2062 1264 2087 esse
1286 2050 1594 2097 deprehenderam,

130 2098 301 2144 relegavi.
348 2098 506 2135 Alexium
528 2111 603 2134 cum
628 2111 670 2135 ea
691 2099 899 2135 sentientem
923 2099 1070 2134 ecclesia
1092 2097 1221 2133 amovi.
1269 2109 1332 2132 vos
1351 2104 1486 2142 autem,
1510 2099 1597 2133 sub-

131 2145 198 2179 diti
215 2145 322 2190 mei„
343 2146 376 2181 si
398 2147 435 2181 in
458 2145 706 2182 benevolentia
728 2157 813 2191 erga
836 2158 890 2180 me
914 2144 1141 2191 perstiteritis
1155 2170 1165 2188 ‚
1201 2155 1343 2189 magnos
1365 2145 1515 2179 honores
1540 2149 1597 2178 at-

132 2202 202 2236 que
223 2191 396 2227 beneficia
419 2192 689 2236 consequemini,
717 2191 895 2236 vitamque
918 2196 1026 2226 tutam
1052 2195 1088 2226 et
1109 2190 1278 2236 placidam
1297 2187 1473 2235 degetis.'’
1518 2201 1596 2225 cum

131 2237 296 2273 audiente
318 2237 446 2295 populo
471 2238 657 2273 recitasset
679 2238 767 2272 haec
789 2238 1000 2283 praefectus,
1023 2248 1093 2272 vox
1117 2237 1284 2281 quaedam
1308 2236 1444 2270 exstitit
1460 2235 1595 2271 incerto

132 2289 277 2318 auctore
308 2280 317 2294 “
332 2284 487 2319 nolumus
523 2285 767 2329 Stauropatam
800 2283 1026 2329 Calaphatam
1057 2283 1299 2328 imperatorem
1332 2282 1484 2328 habere,
1532 2282 1595 2317 sed

130 2341 258 2377 parere
280 2330 398 2374 Zoae,
425 2330 483 2365 cui
506 2342 527 2364 a
549 2330 738 2365 maioribus
760 2329 941 2375 imperium
965 2330 1112 2364 debetur
1132 2330 1209 2363 iure
1233 2328 1467 2369 hereditario,
1493 2328 1598 2363 matri

129 2373 310 2412 nostrae.”
354 2376 472 2411 statim
492 2376 595 2422 quasi
617 2387 686 2410 una
707 2387 795 2410 voce
818 2377 862 2411 ab
887 2376 1044 2411 omnibus
1068 2375 1291 2410 acclamatum
1313 2380 1368 2410 est
1398 2371 1599 2410 “effodian-

132 2430 191 2459 tur
222 2434 302 2458 ossa
331 2419 584 2468 Calaphatae.”
631 2426 667 2457 et
703 2422 852 2468 arreptis
887 2427 927 2457 ut
955 2422 1082 2467 cuique
1113 2422 1187 2456 fors
1217 2422 1389 2456 offerebat
1419 2420 1598 2468 lapidibus

135 2468 307 2504 subselliis
330 2475 437 2514 atque
459 2468 588 2514 lignis,
622 2468 835 2514 praefectum
858 2469 956 2504 urbis
980 2468 1082 2512 (erat
1105 2468 1162 2502 hic
1183 2467 1388 2503 Anastasius
1413 2467 1597 2512 patricius,

133 2516 305 2562 quondam
327 2515 421 2550 zoes
443 2514 555 2560 patris
578 2514 758 2560 minister)
788 2514 1068 2559 interfecissent,
1107 2514 1176 2549 nisi
1198 2514 1228 2549 is
1254 2515 1338 2559 fuga
1360 2513 1428 2548 sibi
1454 2513 1598 2548 salutem

133 2561 344 2608 paravisset.
392 2572 595 2596 concursum
627 2562 745 2596 fecere
769 2562 814 2596 ad
838 2573 995 2607 magnum
1027 2561 1213 2608 templum,
1248 2572 1316 2606 quo
1340 2566 1377 2594 et
1399 2560 1599 2606 patriarcha

132 2612 304 2643 mercatus
327 2607 530 2653 aufugiendi
551 2607 727 2642 licentiam
749 2619 789 2643 se
809 2608 1004 2643 contulerat
1025 2613 1061 2642 et
1083 2608 1323 2642 detestabatur
1340 2607 1597 2652 imperatorem,

131 2654 344 2700 restituique
366 2655 556 2699 Augustam
581 2653 756 2699 cupiebat.
805 2655 925 2690 eodem
948 2658 1175 2689 accurrerunt
1201 2665 1317 2689 omnes
1340 2653 1436 2687 Zoae
1458 2652 1598 2699 paterni

133 2700 284 2735 eunuchi
307 2705 344 2735 et
366 2700 616 2735 Constantinus
642 2700 809 2746 patricius
835 2701 1036 2744 Cabasilas,
1061 2700 1266 2746 reliquaque
1288 2705 1486 2734 senatorum
1510 2698 1598 2733 mul-

133 2746 267 2790 titud03
302 2745 532 2792 unanimoque
560 2758 731 2782 consensu
754 2747 921 2784 miserunt
943 2747 1004 2794 qui
1028 2746 1249 2781 Theodoram
1274 2758 1295 2780 a
1320 2746 1440 2780 Petrio
1463 2745 1500 2779 in
1524 2756 1598 2779 ma-

133 2803 239 2837 gnum
271 2792 434 2838 templum
471 2793 696 2828 adducerent.
744 2794 793 2828 ibi
823 2806 898 2829 eam
922 2805 1074 2840 purpura
1097 2792 1278 2838 Augustali
1300 2792 1453 2827 indutam
1477 2791 1600 2836 Augu-

133 2840 223 2876 stam
254 2839 449 2875 salutarunt
477 2851 551 2874 cum
575 2839 650 2874 zoe
672 2851 812 2884 sorore3
850 2841 1050 2888 impetuque
1079 2840 1123 2876 ad
1147 2839 1313 2886 palatium
1335 2838 1417 2874 dato
1438 2838 1597 2874 Michae-
