1916 3210
757 181 1044 228 HISTORIA.
1535 182 1634 229 657

162 315 240 346 m
266 297 442 357 ὄλεθρον
469 300 528 358 τῷ
555 294 738 353 βασιλεῖ,
772 298 840 341 καὶ
862 294 1005 356 χώραν
1027 292 1222 351 λαβόντες
1243 295 1442 352 δημοσίαν
1460 294 1540 341 ἀπὸ
1562 302 1636 354 τῆς

166 367 460 424 Μακεδονικῆς
479 366 533 412 τὰ
546 365 756 422 Ῥωμαίων
774 364 1006 425 ἐφρόνησαν
1015 398 1030 419 ,
1065 367 1131 409 καὶ
1151 363 1358 421 σύμμαχοι
1376 367 1444 409 καὶ
1462 364 1634 423 ὑπήκοοι

167 435 324 483 τοῦτων
350 437 471 495 μέχρι
501 439 575 492 τῆς
604 438 724 494 δεῦρο
756 434 963 493 γεγόνασι,
997 437 1065 479 καὶ
1096 432 1336 490 ἀξιωμάτων
1363 440 1633 492 συγκλητικῶν
1655 438 1687 474 D

169 509 238 551 καὶ
267 510 467 564 λαμπρῶν
493 503 746 562 ἠξιώθησαν.
813 499 865 561 ἦν
895 505 940 547 δὲ
970 503 1017 549 τὸ
1047 508 1266 559 τηνικαῦτα
1296 503 1386 555 ’ἔτος
1415 505 1490 560 μὲν
1522 502 1636 549 ἕκτον

127 585 158 622 ’5
168 573 424 632 βασιλεύοντι
448 578 509 635 τῷ
536 574 690 628 Δουκί,
732 573 934 618 ἰνδικτιῶν
965 571 1018 631 γ’,
1057 571 1147 625 ἔτος
1178 570 1308 633 ,ςφοῃί
1337 578 1412 630 τῆς
1441 579 1637 632 κοσμικῆς

167 646 347 697 κτίσεως.
436 646 439 647 ’

303 734 401 794 Πρὸ
424 733 470 778 δὲ
491 730 640 778 τούτου
659 737 733 778 τοῦ
752 731 867 784 ξ’τους
885 733 989 778 κατὰ
1011 732 1081 777 τόν
1099 731 1375 792 Σεπτίμβριον
1395 738 1530 791 μῆνα,
1563 739 1637 791 τῆς

167 803 360 863 δευτέρας
386 801 675 859 ἔπινεμήσεως,
709 800 770 859 κγ’
797 802 965 860 ι’ίγοντος
992 807 1066 846 τοῦ
1097 801 1224 846 αὐτοῦ
1249 800 1399 858 μηνός,
1432 806 1521 863 περὶ
1543 806 1638 847 δευ-

166 872 288 932 τέραν
314 871 501 932 φυλακὴν
526 877 600 928 τῆς
625 869 795 924 νυκτός,
830 871 997 926 σεισμὸς
1025 872 1199 923 ἐξαίσιος
1216 871 1352 929 γέγονε
1372 876 1454 916 τῶν
1475 871 1637 917 πώποτε

113 935 387 1001 ἰογενομίνων
418 939 780 998 ἐκπληκτικώτερος
790 973 805 993 ,
839 940 883 983 ἐκ
912 946 993 984 τῶν
1024 938 1218 998 ἑσπερίων
1241 945 1377 999 μερῶν
1402 940 1638 999 ἀρξάμενος.

166 1015 360 1063 τοσοῦτος
389 1010 434 1054 δὲ
462 1004 514 1066 ἦν
542 1009 588 1054 τὸ
616 1010 794 1066 μέγεθος
822 1007 878 1061 ὥς
902 1012 969 1052 καὶ
991 1011 1120 1060 οἰκίας
1142 1008 1370 1067 ἀνατρέψαι
1392 1012 1546 1063 πολλὰς
1568 1013 1636 1054 καὶ

166 1080 292 1132 ναοὺς
318 1080 387 1123 καὶ
413 1079 562 1130 κίονας.
629 1078 683 1123 τὰ
709 1077 832 1134 ὅμοια
856 1079 900 1122 δὲ
922 1085 1006 1129 τοῖς
1029 1079 1251 1136 εἰρημένοις
1274 1076 1503 1124 πεπόνθασι
1526 1079 1636 1124 Ῥαι-

168 1146 310 1200 δεστός
335 1166 378 1193 τε
407 1150 476 1192 καὶ
504 1145 664 1191 Πάνιον
694 1149 762 1191 καὶ
794 1147 840 1191 τὸ
874 1145 1172 1206 Μυριόφυτον,
1208 1145 1264 1199 ὦς
1282 1149 1350 1191 καὶ
1367 1148 1471 1207 με’ρη
1491 1154 1632 1206 τειχῶν
1654 1157 1683 1193 P
1705 1159 1773 1195 817

168 1217 452 1276 ἀνατραπῆναι
479 1216 597 1275 ι’ίχρις
622 1215 872 1274 ὗποβάθρας
899 1219 968 1260 καὶ
995 1217 1184 1268 πλείστας
1210 1216 1363 1270 οῖκίας,
1408 1219 1475 1261 καὶ
1507 1217 1635 1276 φόνον

113 1298 158 1337 15
168 1272 358 1346 γὲνὲσθαι
378 1284 518 1330 πολύν.
587 1285 693 1329 ἀλλὰ
713 1286 796 1341 μὴν
816 1287 882 1329 καὶ
904 1285 931 1342 ἦ
950 1283 1147 1339 Κύζικος,
1182 1283 1302 1328 ὁπότε
1319 1288 1385 1329 καὶ
1403 1285 1450 1330 τὸ
1470 1287 1512 1330 ἓν
1530 1288 1636 1346 αὐτῇ

159 1355 395 1413 ’Ἑλληνικὸν
419 1355 528 1414 ἱερὸν
548 1356 791 1411 κατεσείσθη
814 1357 882 1398 καὶ
905 1360 964 1414 τῷ
985 1356 1155 1413 πλείστῳ
1177 1354 1289 1413 μέρει
1313 1356 1524 1408 κατέπεσε,
1557 1357 1635 1412 μέ-

166 1442 305 1485 γιστον
335 1423 382 1468 ὃν
408 1430 552 1482 χρῆμα
583 1424 686 1482 πρὸς
717 1425 821 1466 θέαν
842 1424 903 1466 δι’
930 1421 1154 1480 ὀχυρότητα
1174 1425 1241 1466 καὶ
1261 1424 1383 1467 λίθου
1401 1429 1474 1468 τοῦ
1494 1427 1635 1468 καλλί-

167 1512 267 1540 στου
295 1511 339 1538 τε
369 1494 438 1538 καὶ
467 1493 659 1550 μεγίστου
690 1490 887 1551 ἁρμονίαν
917 1496 985 1536 καὶ
1016 1491 1287 1548 ἄνοικοδομὴν
1316 1495 1382 1536 καὶ
1406 1492 1542 1549 ὕψους
1564 1497 1634 1538 καὶ

166 1563 369 1621 μεγέθους
396 1560 615 1620 διᾶρκειαν.
682 1564 749 1605 καὶ
774 1562 893 1619 μέχρι
917 1563 962 1605 δὲ
984 1559 1058 1605 δύο
1078 1562 1268 1605 ἐνιαυτῶν
1290 1560 1422 1606 ἔκτοτε
1445 1562 1634 1622 φοράδην

110 1633 389 1692 εοέπεφοίτων
411 1633 568 1687 σεισμοὶ
589 1632 764 1689 μηδαμῇ
782 1638 866 1682 τοῖς
886 1629 1142 1688 ἔξωροτὲροις
1160 1629 1514 1686 μνημονευόμενοι.
1581 1633 1634 1676 τὰ

168 1701 274 1746 αὗτᾶ
305 1701 351 1745 δέ
380 1702 449 1744 καὶ
478 1698 505 1757 ἦ
534 1702 687 1743 Νίκαια
713 1700 912 1743 πέπονθε“
945 1701 1186 1755 κατεσείσθη
1207 1699 1286 1757 γὰρ
1307 1702 1374 1742 καὶ
1397 1700 1524 1759 ταύτῃ
1545 1699 1569 1744 ὅ
1590 1719 1632 1745 τε

167 1770 235 1815 ἐπ’
269 1768 438 1826 ὀνόματι
465 1773 540 1827 τῆς
567 1767 683 1828 ἁγίας
711 1770 871 1828 Σοφίας
898 1769 996 1821 ναὸς
1025 1770 1094 1813 καὶ
1123 1766 1146 1812 ὅ
1173 1767 1385 1825 λεγόμενος
1404 1774 1485 1813 τῶν
1507 1768 1631 1828 ἁγίων

165 1922 257 1972 ipsis
279 1923 325 1960 ad
346 1922 590 1970 imperatorem
611 1935 652 1959 se
674 1923 872 1968 contulere,
906 1935 928 1959 a
951 1935 1020 1971 quo
1042 1923 1196 1970 acceptis
1220 1924 1316 1970 agris
1337 1923 1485 1970 publicis
1508 1925 1631 1961 Mace-

165 1971 294 2008 doniae
313 1970 480 2005 Romanis
504 1975 697 2015 steterunt,
731 1975 767 2005 et
788 1970 877 2005 socii
901 1970 1053 2016 ipsorum
1076 1976 1182 2016 atque
1205 1971 1257 2005 eis
1280 1970 1484 2005 obedientes
1510 1972 1631 2007 hacte-

162 2029 232 2055 ‚nua
252 2017 374 2062 fuere,
411 2016 602 2052 honoribus
625 2016 813 2052 senatoriis
835 2022 942 2062 atque
961 2016 1154 2051 illustribus
1178 2016 1327 2061 dignati.
1374 2018 1544 2061 agebatur
1566 2029 1632 2053 au-

164 2068 236 2147 tep:
257 2067 484 2143 tuucdsextus
506 2074 618 2098 annus
639 2062 826 2109 imperanti
844 2062 955 2108 Duci,
990 2062 1184 2098 indictione
1203 2063 1331 2109 tertia,
1361 2074 1451 2098 anno
1473 2063 1564 2100 6573
1586 2065 1631 2099 ab

163 2121 207 2147 or
232 2121 254 2146 e
279 2120 344 2145 con
369 2109 434 2146 'to.

256 2177 359 2214 Auno
378 2187 466 2212 vero
484 2175 668 2223 superiore
689 2176 782 2213 circa
801 2188 951 2213 mensem
969 2176 1229 2224 Septembrem,
1251 2174 1444 2212 indictione
1464 2176 1631 2223 secunda,

166 2223 338 2270 vigesima
358 2222 464 2258 tertia
486 2222 546 2257 die
566 2223 712 2268 mensis,
734 2224 830 2259 circa
849 2224 1035 2259 secundm
1053 2222 1165 2258 noctis
1184 2222 1357 2268 vigiliam,
1382 2227 1498 2258 terrae
1517 2229 1630 2259 motus

164 2272 292 2316 ingens
313 2270 428 2305 factus
450 2273 487 2304 et
508 2269 657 2304 omnium
679 2269 739 2315 qui
762 2281 910 2315 unquam
931 2270 1032 2305 fuere
1055 2269 1202 2304 maxime
1230 2268 1418 2314 terribilis,
1453 2270 1498 2305 ab
1522 2269 1631 2305 Occi-

167 2317 285 2353 dentis
317 2315 477 2362 partibus
508 2315 701 2361 incipiens,
743 2321 849 2361 atque
883 2316 970 2350 adeo
1001 2315 1189 2350 vehemens
1221 2320 1261 2350 ut
1292 2322 1329 2349 et
1358 2315 1477 2351 domos
1508 2315 1632 2351 multas

168 2361 340 2399 everterit
367 2366 406 2396 et
432 2360 563 2406 templa
583 2366 620 2395 et
642 2361 829 2396 columnas.
877 2367 914 2396 et
941 2361 1068 2396 similia
1092 2361 1138 2395 iis
1160 2372 1251 2408 quae
1273 2360 1341 2396 iam
1363 2361 1513 2397 diximus
1535 2361 1631 2397 acci-

165 2410 255 2446 dere
275 2407 453 2443 Raedesto
477 2413 514 2442 et
534 2406 644 2442 Panio
666 2413 771 2453 atque
793 2407 1044 2454 Myriophyto,
1066 2407 1117 2442 ita
1137 2412 1176 2442 ut
1196 2418 1366 2442 murorum
1385 2412 1503 2453 partes
1519 2419 1631 2454 usque

167 2456 214 2492 ad
230 2455 345 2501 ipsum
364 2454 622 2489 ¹fundamentum
645 2453 781 2488 dirutae
803 2453 875 2489 sint
898 2459 934 2488 et
956 2455 1075 2489 domus
1098 2453 1282 2499 plurimae,
1315 2458 1351 2488 et
1374 2453 1480 2489 multa
1502 2455 1630 2490 caedes

166 2503 277 2538 facta.
323 2499 511 2546 quinetiam
543 2499 695 2544 Cyzicus
731 2499 822 2534 haud
855 2511 981 2546 expers
1010 2499 1126 2535 damni
1149 2499 1238 2545 fuit,
1272 2499 1443 2545 siquidem
1465 2500 1629 2546 templum

167 2549 406 2590 Graecorum,
431 2546 524 2592 quod
547 2545 583 2580 in
608 2546 686 2592 ipsa
709 2551 805 2591 erat,
829 2552 1031 2581 commotum
1055 2551 1110 2581 est
1130 2545 1182 2581 ita
1200 2551 1240 2581 ut
1262 2545 1409 2581 maxima
1431 2545 1522 2580 illius
1544 2557 1628 2592 pars

167 2592 361 2637 deciderit,
400 2603 476 2627 cum
510 2596 604 2628 esset
634 2592 816 2629 maximum
848 2592 1102 2639 spectaculum,
1134 2597 1207 2627 tum
1240 2593 1334 2638 quod
1363 2592 1626 2627 munitissimum

167 2645 268 2685 erat,
290 2645 362 2674 tum
384 2639 477 2684 quod
500 2650 545 2674 ex
566 2638 798 2686 pulcherrimo
821 2638 939 2684 lapide
961 2645 996 2674 et
1015 2638 1162 2674 maximo
1179 2637 1412 2674 admirabilem
1430 2643 1627 2674 structurae

168 2686 325 2723 ordinem
359 2684 530 2730 habebat,
561 2691 634 2720 tum
665 2696 750 2720 vero
782 2685 875 2730 quod
907 2684 1104 2720 aedificium
1126 2684 1308 2720 videretur
1329 2689 1365 2720 et
1384 2684 1569 2720 altitudine
1591 2690 1627 2720 et
1654 2690 1659 2708 s

167 2730 406 2778 magnitudine
428 2730 555 2766 idonea
577 2731 614 2766 in
639 2736 842 2778 perpetuum
866 2742 1139 2778 permansurum.
1186 2737 1222 2766 et
1251 2741 1363 2776 usque
1387 2731 1430 2766 ad
1454 2731 1541 2766 duos
1564 2741 1627 2766 an-

167 2790 233 2815 nos
269 2789 314 2813 ex
348 2789 390 2812 eo
424 2782 582 2824 tempore
614 2777 817 2822 frequentes
847 2782 965 2813 terrae
995 2782 1107 2813 motus
1137 2778 1267 2812 fiebant
1297 2776 1385 2812 adeo
1407 2777 1567 2823 ingentes
1590 2782 1628 2812 ut

167 2824 338 2861 eiusmodi
359 2823 510 2859 maiores
532 2828 617 2859 natu
640 2824 779 2859 minime
801 2825 1048 2861 meminissent.
1096 2824 1214 2859 eadem
1241 2824 1365 2858 damna
1385 2835 1552 2869 perpessa
1575 2829 1629 2858 est

167 2871 323 2916 Nicaea,
356 2870 394 2906 in
425 2881 494 2916 qua
515 2870 677 2917 templum
699 2875 842 2907 sanctae
864 2870 1019 2919 Sophiae
1039 2870 1188 2907 dicatum
1212 2875 1249 2906 et
1273 2874 1469 2906 sanctorum
1492 2874 1627 2916 patrum

227 2924 357 2971 Georg.
389 2923 562 2959 Cedrenus
591 2927 674 2962 tom.
706 2925 754 2960 ΙΙ.
1296 2917 1348 2961 42
