1916 3210
332 186 429 233 834
750 183 1043 227 XYLANDRI
1077 183 1148 225 ET
1184 183 1360 228 GOARI

331 301 407 336 tum
423 296 461 334 in
479 294 668 340 addendis,
692 292 743 331 nil
761 295 886 332 tamen
904 292 1004 342 quod
1023 291 1191 328 vanielei
1204 304 1338 330 nomen
1356 292 1411 332 vel
1428 292 1587 335 officium
1603 299 1777 348 exponat.

334 358 524 400 utrumqne
557 350 717 387 breviter
745 361 938 398 exsequor.
995 347 1137 387 κανίον
1155 347 1348 414 explicant
1374 349 1529 389 Glossae
1548 351 1778 390 Graecobur-

334 410 444 446 barae
462 402 726 456 ἀλάβαστρον,
751 401 975 454 φωκάὸιον,
1004 399 1264 455 μυροθήκην,
1289 417 1362 441 vas
1380 406 1592 456 unguentis
1606 407 1779 444 conden-

336 464 398 500 dis
425 474 468 500 ex
497 461 676 498 alabastro
695 460 754 499 vel
771 461 932 511 pretioso
949 459 1053 498 fictili
1070 460 1261 498 metallove
1277 461 1499 499 confectum.
1526 459 1644 510 κλέος
1652 466 1780 507 num

334 531 414 557 cum
431 516 603 567 gloriam
623 521 748 565 sonet,
776 518 999 556 κανικλεῖον
1019 516 1087 553 erit
1104 528 1268 553 vasorum
1288 516 1491 555 huiusmodi
1510 512 1781 564 nobiliumn.

333 574 494 622 illudque
527 576 626 620 erat,
654 585 728 622 quo
761 572 894 610 rubeus
928 571 1047 620 liquor
1074 572 1150 610 sive
1179 572 1382 609 cinnabaris
1406 572 1615 624 imperatori
1635 573 1783 624 chryso-

334 629 431 668 bulla
449 629 626 679 scripturo
645 624 859 666 servabatur
880 631 919 667 et
938 627 1199 678 proferebatur.
1253 628 1420 678 vasisque
1438 627 1644 666 huiusmodi
1662 633 1782 668 eustos
1802 672 1805 675 ,

334 688 414 724 erat
440 681 461 723 ὅ
485 682 548 723 ἐπὶ
576 685 649 723 τοῦ
675 683 913 724 κανικλεὶου.
969 683 1075 720 dictis
1105 683 1269 733 suggerit
1293 684 1549 722 auctoritatem
1571 684 1755 724 Nicetes
1745 698 1784 724 m

334 739 506 779 Manuele
524 739 714 777 Comneno
736 742 756 781 1
787 742 838 787 4,
868 739 931 777 ubi
948 752 1028 777 cum
1047 739 1178 790 Stypio
1193 743 1323 777 natum
1344 739 1527 804 quendam
1545 739 1787 786 Theodorum,

337 796 393 844 εἷς
420 792 494 846 τήν
520 797 594 834 τοῦ
622 795 847 836 κανικλείου
875 796 1150 848 μεγαλοπρεπῆ
1175 789 1517 847 προβιβαζόμενον
1536 791 1658 847 τιμήν
1678 808 1784 836 asse-

334 852 488 898 ruisset,
516 852 688 889 Ioannem
720 851 1076 902 Hagiotheodoriten
1103 851 1187 889 ideo
1212 851 1349 889 invidia
1375 854 1514 890 motum
1541 852 1666 890 subdit
1689 853 1786 892 eius-

336 909 420 946 dem
447 907 628 945 Manuelis
655 910 679 948 3
710 906 756 948 4.
794 907 837 948 ἐκ
865 908 938 947 τοῦ
968 908 1023 960 τῷ
1049 902 1277 973 Στυπειώτῃ
1307 907 1484 957 δοθῆναι.
1511 907 1666 959 δοχεῖον
1694 907 1784 962 ἐρυ-

335 958 543 1015 θροδάνου
573 958 759 1003 διάλιθον
785 959 954 1018 χρύσεον
985 961 1051 1002 καὶ
1079 965 1163 1010 τοῖς
1189 958 1322 1015 ὅρκοις
1349 965 1491 1004 τοῦτον
1515 962 1784 1016 ἐκιστατῆσαι.

334 1020 472 1058 GoAn.

448 1079 476 1113 t
500 1075 535 1112 II
566 1088 602 1126 p.
633 1077 686 1116 66
718 1087 749 1112 v
774 1075 814 1115 3
873 1071 947 1126 την
975 1073 1112 1139 τρίτην
1141 1071 1327 1141 φυλακὴν
1354 1076 1426 1127 τῆς
1453 1069 1618 1126 νυκτός]
1659 1079 1783 1115 auctor

335 1131 444 1184 paulo
469 1131 580 1169 infra:
610 1127 693 1178 ω’ρα
721 1124 775 1182 ἦν
806 1147 861 1179 ως
890 1126 1032 1181 δεκάτη
1059 1146 1132 1181 της
1157 1126 1323 1179 νυκτός,
1350 1144 1373 1169 a
1391 1131 1566 1183 principio
1582 1132 1698 1170 noctis
1715 1131 1784 1170 ho·-

335 1199 455 1225 rarum
475 1191 513 1225 et
530 1187 754 1236 vigiliarum,
781 1199 933 1238 quarum
950 1187 1059 1226 tertia
1075 1188 1206 1226 circam
1223 1188 1400 1226 decimam
1416 1188 1647 1236 terminatur,
1674 1188 1784 1227 ducto
1850 1212 1853 1223 ι

334 1255 499 1281 numero.
555 1243 690 1281 GOAR.

448 1302 474 1337 t.
497 1298 532 1336 ΙΙ
560 1312 596 1350 p.
620 1299 674 1338 67
706 1311 742 1337 v,
769 1300 835 1339 21.
892 1294 959 1338 &toi
994 1294 1147 1338 σκύλων
1177 1302 1395 1350 suspectum.
1451 1310 1583 1337 nomen
1623 1301 1693 1338 est
1715 1300 1787 1337 loci

334 1354 542 1405 proprium,
571 1358 610 1393 et
638 1355 730 1393 verti
761 1367 836 1392 non
866 1355 1003 1393 debuit.
1060 1355 1174 1403 infra,
1205 1357 1267 1393 ubi
1293 1354 1508 1394 describitur
1537 1355 1575 1393 in
1603 1353 1784 1394 Michaelo

335 1410 529 1461 Theophili
569 1410 643 1448 filio
691 1410 894 1449 Theoctisti
934 1409 1119 1459 interitus,
1170 1412 1299 1449 eadem
1337 1423 1408 1449 vox
1445 1411 1635 1461 repetitur.
1692 1411 1784 1451 er..

335 1466 520 1517 praesenti
557 1466 733 1504 vocabulo
769 1478 948 1516 nusquam
984 1466 1112 1516 spolia
1143 1479 1222 1504 cum
1247 1458 1440 1516 'Xylandro
1469 1466 1670 1516 intelliges,
1717 1468 1785 1506 sed
1828 1489 1830 1492 >

336 1522 526 1559 custodiae
560 1523 786 1571 cai-cerisque
823 1522 954 1573 publici
989 1522 1127 1570 locum,
1173 1535 1246 1572 quo
1288 1522 1433 1560 maioris
1471 1522 1639 1562 infamiae
1675 1533 1785 1561 causa

334 1577 507 1614 trucidati
526 1576 660 1615 Leonis
679 1578 857 1615 cadaver‘
845 1578 1089 1642 ignominiose
1106 1581 1261 1616 tractum
1279 1578 1358 1615 suit.
1399 1581 1526 1615 auctor
1541 1579 1635 1617 infra
1651 1592 1690 1630 p.
1702 1576 1786 1620 543

338 1631 621 1670 'theoctistum
613 1634 756 1671 iamiam
776 1635 855 1671 neci
875 1634 1094 1671 tradendum
1119 1646 1163 1671 eo
1185 1634 1330 1671 ductum
1349 1636 1386 1671 et
1402 1637 1623 1672 asservatum
1641 1638 1785 1672 narrat.

336 1701 455 1781 ‘gyezo
485 1685 557 1739 μὲν
587 1690 661 1728 οὐν
690 1703 792 1741 προς
822 1685 870 1728 τοὶ
898 1690 1044 1739 σκῦλα,
1086 1690 1247 1743 φρουρᾷ
1270 1687 1366 1736 τέως
1390 1686 1785 1761 παραδοθησόμενοξ.

379 1754 478 1782 οΑιι.

449 1802 475 1836 t.
493 1799 528 1836 ΙΙ
556 1813 593 1850 p.
614 1802 667 1842 69
687 1799 802 1842 v.14.
851 1795 1032 1851 ·ψυχικα]
1063 1812 1137 1838 ιιοιι
1155 1801 1204 1838 ad
1221 1797 1432 1850 religionem
1451 1800 1589 1849 solnm,
1618 1801 1685 1840 sed
1707 1801 1787 1840 uni-

338 1855 469 1893 versim
492 1855 540 1892 ad
561 1856 716 1894 animam
740 1856 934 1924 pertinent.
990 1857 1127 1893 GoAn.

450 1911 531 1948 t·11
558 1924 597 1961 p.
621 1914 672 1952 71
705 1924 739 1952 v,
766 1911 830 1951 11.
883 1907 1148 1965 Ἀθιγγάνους
1174 1907 1513 1962 παλαμοσκόποις,
1540 1908 1785 1965 λεκανομᾶν-

338 1977 440 2013 τεσι,
470 1960 777 2016 νεφοδιώκταις,
805 1971 1008 2033 γυτευταῒς
1035 1972 1248 2006 annumerat
1264 1967 1489 2007 Balsamon'
1479 1981 1517 2007 ιιι
1537 1981 1711 2008 canonem
1731 1971 1783 2010 61

339 2020 576 2069 Trullanum3
606 2026 644 2060 et
669 2023 706 2059 in
729 2023 784 2064 65
815 2019 1118 2071 οἰωνοσκόποις,
1143 2020 1340 2087 ,γνώσταις
1359 2023 1427 2063 καὶ
1444 2021 1786 2078 ἔγγαστριμύθοις,

339 2077 444 2126 quasi
468 2079 628 2128 profanis
651 2079 826 2116 vaticiniis
851 2083 890 2118 et
913 2079 1172 2131 superstitiosis
1193 2080 1472 2118 divinationibus
1492 2081 1652 2120 deditos.
1693 2093 1785 2120 .-ser

335 2136 467 2182 pentes
502 2134 539 2170 in
570 2135 651 2172 sinu
685 2139 854 2184 gestare,
882 2136 1005 2174 futura
1030 2135 1241 2187 praedicere
1265 2139 1303 2173 et
1327 2135 1480 2187 plurima
1504 2137 1634 2186 nugari
1661 2137 1786 2186 refert,

336 2200 432 2237 quae
450 2201 497 2226 ne
514 2191 655 2241 scriptis
675 2191 820 2240 quidem
839 2192 1031 2230 tradantur
1051 2192 1163 2240 digna
1182 2194 1277 2230 sunt.
1335 2192 1473 2230 GoAR.

451 2242 504 2280 ib
539 2258 571 2282 v.
604 2249 668 2286 17.
725 2245 769 2285 ἐκ
798 2249 870 2286 τοῦ
898 2248 1015 2287 θείου
1047 2247 1312 2299 βαπτίσματος
1341 2242 1678 2299 υἱοθετησᾶμενος
1704 2241 1782 2298 ἦν]
1812 2244 1814 2247 ’

339 2307 560 2349 susceperat
593 2315 612 2337 e
647 2300 838 2350 baptismo
869 2310 904 2339 et
929 2304 1155 2352 adoptarat.
1216 2305 1415 2342 secundum
1439 2303 1560 2342 omisit
1583 2304 1785 2355 Xylauder,
1839 2340 1843 2346 ,

338 2355 437 2393 euius
457 2356 732 2395 ecclesiasticum
751 2360 860 2396 ritum
879 2359 988 2397 habet
1005 2359 1275 2407 Euchologium.
1334 2360 1470 2398 Gonn.

450 2414 477 2449 t.
495 2412 529 2449 11
557 2426 593 2462 p.
613 2416 666 2453 73
691 2426 725 2451 v.
750 2416 785 2454 1.
839 2414 1056 2465 gentilibus
1081 2414 1236 2464 eorum]
1273 2415 1329 2453 vel
1357 2417 1429 2454 suis
1455 2415 1670 2471 gentilibus,
1698 2427 1783 2454 nam

340 2466 387 2503 de
403 2466 544 2505 Iudaeis
561 2468 709 2517 intelligi
724 2482 797 2507 non
813 2478 942 2521 posse,
970 2485 1015 2509 ex
1031 2472 1264 2525 sequentibus
1280 2469 1408 2520 liquet.
1463 2472 1566 2513 Xn..

450 2521 502 2562 ib.
522 2536 556 2561 V·
574 2526 614 2565 9·
670 2540 744 2575 την
766 2528 891 2577 νῆσον
913 2529 986 2567 τοῦ
990 2521 1210 2578 'Annii-ov]
1242 2528 1280 2564 in
1300 2526 1546 2579 Propontide,
1573 2527 1674 2564 iuxta
1692 2525 1785 2564 Pro-

339 2578 413 2614 tem
433 2578 579 2617 dictam.
635 2581 772 2620 GOAn.

450 2632 502 2674 ib.
521 2647 554 2673 v.
575 2638 636 2676 17.
693 2637 844 2675 sabbato
871 2639 1031 2677 ieiunare
1060 2639 1162 2677 nefas
1197 2638 1328 2676 Graeci
1358 2639 1493 2677 ducunt
1525 2650 1570 2676 ex
1605 2649 1782 2676 canonum

336 2683 590 2736 Apostolorum
611 2693 756 2730 nomine
777 2693 1020 2743 evulgatorum
1041 2696 1106 2736 66.
1165 2694 1302 2732 GOAR

446 2743 499 2782 zb.
518 2758 549 2783 v.
568 2747 634 2787 22.
694 2747 741 2783 de
769 2748 857 2794 deo,
888 2750 959 2799 qai
988 2756 1043 2786 est
1074 2763 1198 2799 supra
1230 2748 1388 2800 omnia]
1425 2748 1494 2787 hoc
1526 2749 1576 2786 ita
1607 2747 1782 2798 intelligo,

334 2796 491 2838 noluisse
515 2814 596 2840 eum
623 2802 839 2842 Christum
829 2817 867 2843 m
889 2805 1043 2844 formula
1061 2806 1254 2845 iuramenti
1275 2810 1312 2846 et
1330 2809 1474 2844 sanctos
1491 2805 1687 2861 nominari,
1714 2804 1781 2842 sed
