<?xml version="1.0" encoding="UTF-8"?>
<!DOCTYPE html PUBLIC "-//W3C//DTD XHTML 1.0 Transitional//EN"
    "http://www.w3.org/TR/xhtml1/DTD/xhtml1-transitional.dtd">
<html xmlns="http://www.w3.org/1999/xhtml" xml:lang="en" lang="en">
 <head>
  <title>
</title>
<meta http-equiv="Content-Type" content="text/html;charset=utf-8" />
  <meta name='ocr-system' content='tesseract 3.04.00' />
  <meta name='ocr-capabilities' content='ocr_page ocr_carea ocr_par ocr_line ocrx_word'/>
</head>
<body>
  <div class='ocr_page' id='page_1' title='image "./corpusscriptorum14niebuoft_0873.png"; bbox 0 0 1916 3210; ppageno 0'>
   <div class='ocr_carea' id='block_1_1' title="bbox 678 150 1634 198">
    <p class='ocr_par' dir='ltr' id='par_1_1' title="bbox 678 150 1634 198">
     <span class='ocr_line' id='line_1_1' title="bbox 678 150 1634 198; baseline 0.005 -5"><span class='ocrx_word' id='word_1_1' title='bbox 678 150 1126 195; x_wconf 87' lang='lat' dir='ltr'><strong>ANNOTATIONES.</strong></span> <span class='ocrx_word' id='word_1_2' title='bbox 1536 150 1634 198; x_wconf 88' lang='grc'><strong>863</strong></span> 
     </span>
    </p>
   </div>
   <div class='ocr_carea' id='block_1_2' title="bbox 151 261 1643 2878">
    <p class='ocr_par' dir='ltr' id='par_1_2' title="bbox 151 261 1643 1156">
     <span class='ocr_line' id='line_1_2' title="bbox 166 261 1637 332; baseline -0.002 -27"><span class='ocrx_word' id='word_1_3' title='bbox 166 262 404 331; x_wconf 73' lang='grc' dir='ltr'><strong><em>σημαντῇρα</em></strong></span> <span class='ocrx_word' id='word_1_4' title='bbox 431 262 556 314; x_wconf 85' lang='lat' dir='ltr'><strong>accepi</strong></span> <span class='ocrx_word' id='word_1_5' title='bbox 585 273 655 313; x_wconf 89' lang='lat' dir='ltr'><strong>pro</strong></span> <span class='ocrx_word' id='word_1_6' title='bbox 684 262 857 311; x_wconf 85' lang='lat' dir='ltr'><strong>custode,</strong></span> <span class='ocrx_word' id='word_1_7' title='bbox 887 274 997 314; x_wconf 88' lang='lat' dir='ltr'><strong>quem</strong></span> <span class='ocrx_word' id='word_1_8' title='bbox 1025 261 1210 302; x_wconf 82' lang='lat' dir='ltr'><strong>Homerus</strong></span> <span class='ocrx_word' id='word_1_9' title='bbox 1238 275 1307 315; x_wconf 89' lang='lat' dir='ltr'><strong>pro</strong></span> <span class='ocrx_word' id='word_1_10' title='bbox 1320 265 1485 332; x_wconf 80' lang='lat' dir='ltr'><strong>pastore</strong></span> <span class='ocrx_word' id='word_1_11' title='bbox 1514 264 1637 316; x_wconf 74' lang='lat' dir='ltr'><strong>ponit,</strong></span> 
     </span>
     <span class='ocr_line' id='line_1_3' title="bbox 166 315 1636 390; baseline 0.001 -32"><span class='ocrx_word' id='word_1_12' title='bbox 166 320 274 359; x_wconf 83' lang='lat' dir='ltr'><strong>Iliad.</strong></span> <span class='ocrx_word' id='word_1_13' title='bbox 297 315 330 360; x_wconf 86' lang='lat' dir='ltr'><strong>o&#39;</strong></span> <span class='ocrx_word' id='word_1_14' title='bbox 347 317 450 362; x_wconf 83' lang='lat'><strong>325:</strong></span> <span class='ocrx_word' id='word_1_15' title='bbox 480 315 734 371; x_wconf 82' lang='grc' dir='ltr'><strong><em>σημαντορας</em></strong></span> <span class='ocrx_word' id='word_1_16' title='bbox 752 334 801 360; x_wconf 87' lang='grc' dir='ltr'><strong>ου</strong></span> <span class='ocrx_word' id='word_1_17' title='bbox 822 317 1055 372; x_wconf 81' lang='grc' dir='ltr'><strong><em>παρέοντος.</em></strong></span> <span class='ocrx_word' id='word_1_18' title='bbox 1111 324 1152 359; x_wconf 88' lang='lat' dir='ltr'><strong>et</strong></span> <span class='ocrx_word' id='word_1_19' title='bbox 1167 322 1286 390; x_wconf 82' lang='grc' dir='ltr'><strong><em>μῆλα</em></strong></span> <span class='ocrx_word' id='word_1_20' title='bbox 1305 315 1512 373; x_wconf 68' lang='grc' dir='ltr'><strong><em>ἀσήμαντα</em></strong></span> <span class='ocrx_word' id='word_1_21' title='bbox 1533 321 1636 360; x_wconf 86' lang='lat' dir='ltr'><strong>lliad.</strong></span> 
     </span>
     <span class='ocr_line' id='line_1_4' title="bbox 165 373 1639 443; baseline -0.002 -25"><span class='ocrx_word' id='word_1_22' title='bbox 165 373 206 419; x_wconf 73' lang='grc' dir='ltr'><strong>κ’</strong></span> <span class='ocrx_word' id='word_1_23' title='bbox 223 375 332 425; x_wconf 83' lang='grc'><strong>485,</strong></span> <span class='ocrx_word' id='word_1_24' title='bbox 361 388 459 427; x_wconf 88' lang='lat' dir='ltr'><strong>qnae</strong></span> <span class='ocrx_word' id='word_1_25' title='bbox 479 381 631 428; x_wconf 79' lang='lat' dir='ltr'><strong>pastore</strong></span> <span class='ocrx_word' id='word_1_26' title='bbox 651 381 738 415; x_wconf 88' lang='lat' dir='ltr'><strong>sunt</strong></span> <span class='ocrx_word' id='word_1_27' title='bbox 757 377 947 417; x_wconf 87' lang='lat' dir='ltr'><strong>destituta.</strong></span> <span class='ocrx_word' id='word_1_28' title='bbox 1002 391 1112 443; x_wconf 82' lang='grc' dir='ltr'><strong><em>παρα</em></strong></span> <span class='ocrx_word' id='word_1_29' title='bbox 1129 391 1176 417; x_wconf 89' lang='grc' dir='ltr'><strong>το</strong></span> <span class='ocrx_word' id='word_1_30' title='bbox 1196 377 1429 430; x_wconf 83' lang='grc' dir='ltr'><strong><em>σημαίνειν,</em></strong></span> <span class='ocrx_word' id='word_1_31' title='bbox 1456 379 1558 429; x_wconf 89' lang='lat' dir='ltr'><strong>quod</strong></span> <span class='ocrx_word' id='word_1_32' title='bbox 1579 384 1639 417; x_wconf 85' lang='lat' dir='ltr'><strong>est</strong></span> 
     </span>
     <span class='ocr_line' id='line_1_5' title="bbox 166 428 1640 487; baseline -0.001 -14"><span class='ocrx_word' id='word_1_33' title='bbox 166 428 409 481; x_wconf 74' lang='grc' dir='ltr'><strong><em>ἐπιτάττειν,</em></strong></span> <span class='ocrx_word' id='word_1_34' title='bbox 448 434 637 472; x_wconf 84' lang='lat' dir='ltr'><strong>mandare.</strong></span> <span class='ocrx_word' id='word_1_35' title='bbox 693 434 881 483; x_wconf 89' lang='lat' dir='ltr'><strong>quomodo</strong></span> <span class='ocrx_word' id='word_1_36' title='bbox 911 437 950 473; x_wconf 86' lang='lat' dir='ltr'><strong>et</strong></span> <span class='ocrx_word' id='word_1_37' title='bbox 981 430 1198 486; x_wconf 74' lang='grc' dir='ltr'><strong><em>σημάντωρ</em></strong></span> <span class='ocrx_word' id='word_1_38' title='bbox 1233 435 1347 487; x_wconf 80' lang='lat' dir='ltr'>accipi</span> <span class='ocrx_word' id='word_1_39' title='bbox 1378 439 1503 486; x_wconf 85' lang='lat' dir='ltr'><strong>potest</strong></span> <span class='ocrx_word' id='word_1_40' title='bbox 1533 435 1640 473; x_wconf 87' lang='lat' dir='ltr'><strong>initio</strong></span> 
     </span>
     <span class='ocr_line' id='line_1_6' title="bbox 168 485 1639 542; baseline 0.002 -14"><span class='ocrx_word' id='word_1_41' title='bbox 168 491 308 542; x_wconf 84' lang='lat' dir='ltr'><strong>Odyss.</strong></span> <span class='ocrx_word' id='word_1_42' title='bbox 328 485 375 541; x_wconf 90' lang='grc' dir='ltr'><strong>ρ’.</strong></span> <span class='ocrx_word' id='word_1_43' title='bbox 433 490 501 528; x_wconf 86' lang='lat' dir='ltr'><strong>sed</strong></span> <span class='ocrx_word' id='word_1_44' title='bbox 517 490 609 540; x_wconf 86' lang='lat' dir='ltr'><strong>quid</strong></span> <span class='ocrx_word' id='word_1_45' title='bbox 625 488 683 528; x_wconf 81' lang='lat' dir='ltr'><strong>hic</strong></span> <span class='ocrx_word' id='word_1_46' title='bbox 698 490 901 540; x_wconf 78' lang='lat' dir='ltr'><strong>significet,</strong></span> <span class='ocrx_word' id='word_1_47' title='bbox 929 490 1122 529; x_wconf 79' lang='lat' dir='ltr'><strong>obscurum</strong></span> <span class='ocrx_word' id='word_1_48' title='bbox 1140 491 1321 542; x_wconf 88' lang='lat' dir='ltr'><strong>relinquo.</strong></span> <span class='ocrx_word' id='word_1_49' title='bbox 1349 493 1447 530; x_wconf 65' lang='lat' dir='ltr'><strong>er..</strong></span> <span class='ocrx_word' id='word_1_50' title='bbox 1502 491 1639 531; x_wconf 86' lang='lat' dir='ltr'><strong>nullam</strong></span> 
     </span>
     <span class='ocr_line' id='line_1_7' title="bbox 168 546 1643 600; baseline 0 -13"><span class='ocrx_word' id='word_1_51' title='bbox 168 549 424 600; x_wconf 80' lang='grc' dir='ltr'><strong><em>σημαντῆρος</em></strong></span> <span class='ocrx_word' id='word_1_52' title='bbox 445 546 749 597; x_wconf 76' lang='lat' dir='ltr'><strong>significationem</strong></span> <span class='ocrx_word' id='word_1_53' title='bbox 769 547 920 597; x_wconf 86' lang='lat' dir='ltr'><strong>agnovit</strong></span> <span class='ocrx_word' id='word_1_54' title='bbox 942 546 1155 596; x_wconf 87' lang='lat' dir='ltr'><strong>Xylander,</strong></span> <span class='ocrx_word' id='word_1_55' title='bbox 1185 561 1267 586; x_wconf 85' lang='lat' dir='ltr'><strong>cum</strong></span> <span class='ocrx_word' id='word_1_56' title='bbox 1288 552 1410 588; x_wconf 91' lang='lat' dir='ltr'><strong>tamen</strong></span> <span class='ocrx_word' id='word_1_57' title='bbox 1430 549 1546 598; x_wconf 85' lang='lat' dir='ltr'><strong>signis</strong></span> <span class='ocrx_word' id='word_1_58' title='bbox 1568 548 1643 587; x_wconf 83' lang='lat' dir='ltr'><strong>cla-</strong></span> 
     </span>
     <span class='ocr_line' id='line_1_8' title="bbox 166 602 1641 656; baseline 0.001 -14"><span class='ocrx_word' id='word_1_59' title='bbox 166 604 310 644; x_wconf 81' lang='lat' dir='ltr'><strong>rissime</strong></span> <span class='ocrx_word' id='word_1_60' title='bbox 338 606 530 655; x_wconf 82' lang='lat' dir='ltr'><strong>personet.</strong></span> <span class='ocrx_word' id='word_1_61' title='bbox 585 607 644 642; x_wconf 83' lang='lat' dir='ltr'><strong>est</strong></span> <span class='ocrx_word' id='word_1_62' title='bbox 675 604 771 642; x_wconf 87' lang='lat' dir='ltr'><strong>enim</strong></span> <span class='ocrx_word' id='word_1_63' title='bbox 800 602 992 650; x_wconf 72' lang='lat' dir='ltr'><strong>crotalus,</strong></span> <span class='ocrx_word' id='word_1_64' title='bbox 1027 603 1168 655; x_wconf 88' lang='lat' dir='ltr'><strong>lignum</strong></span> <span class='ocrx_word' id='word_1_65' title='bbox 1197 604 1415 655; x_wconf 85' lang='lat' dir='ltr'><strong>oblongius,</strong></span> <span class='ocrx_word' id='word_1_66' title='bbox 1445 606 1641 656; x_wconf 85' lang='lat' dir='ltr'><strong>quadrum,</strong></span> 
     </span>
     <span class='ocr_line' id='line_1_9' title="bbox 165 658 1640 710; baseline 0.001 -11"><span class='ocrx_word' id='word_1_67' title='bbox 165 661 312 700; x_wconf 78' lang='lat' dir='ltr'><strong>modioe</strong></span> <span class='ocrx_word' id='word_1_68' title='bbox 340 664 475 708; x_wconf 86' lang='lat' dir='ltr'><strong>tenue,</strong></span> <span class='ocrx_word' id='word_1_69' title='bbox 514 658 686 699; x_wconf 89' lang='lat' dir='ltr'><strong>malleolo</strong></span> <span class='ocrx_word' id='word_1_70' title='bbox 719 661 977 710; x_wconf 79' lang='lat' dir='ltr'><strong>quatiendam,</strong></span> <span class='ocrx_word' id='word_1_71' title='bbox 1012 665 1055 699; x_wconf 90' lang='lat' dir='ltr'><strong>ut</strong></span> <span class='ocrx_word' id='word_1_72' title='bbox 1084 661 1244 700; x_wconf 84' lang='lat' dir='ltr'><strong>excitato</strong></span> <span class='ocrx_word' id='word_1_73' title='bbox 1273 674 1365 700; x_wconf 89' lang='lat' dir='ltr'><strong>sono</strong></span> <span class='ocrx_word' id='word_1_74' title='bbox 1396 674 1420 700; x_wconf 91' lang='lat' dir='ltr'><strong>a</strong></span> <span class='ocrx_word' id='word_1_75' title='bbox 1446 664 1640 702; x_wconf 81' lang='lat' dir='ltr'><strong>sacerdote</strong></span> 
     </span>
     <span class='ocr_line' id='line_1_10' title="bbox 165 715 1639 772; baseline 0.002 -16"><span class='ocrx_word' id='word_1_76' title='bbox 165 716 334 757; x_wconf 80' lang='lat' dir='ltr'><strong>fidelibus</strong></span> <span class='ocrx_word' id='word_1_77' title='bbox 366 717 405 755; x_wconf 89' lang='lat' dir='ltr'><strong>in</strong></span> <span class='ocrx_word' id='word_1_78' title='bbox 437 715 628 756; x_wconf 85' lang='lat' dir='ltr'><strong>ecelesiam</strong></span> <span class='ocrx_word' id='word_1_79' title='bbox 658 717 831 756; x_wconf 84' lang='lat' dir='ltr'><strong>veniendi</strong></span> <span class='ocrx_word' id='word_1_80' title='bbox 857 717 1003 767; x_wconf 81' lang='lat' dir='ltr'><strong>signum</strong></span> <span class='ocrx_word' id='word_1_81' title='bbox 1030 718 1151 757; x_wconf 87' lang='lat' dir='ltr'><strong>detur.</strong></span> <span class='ocrx_word' id='word_1_82' title='bbox 1205 720 1267 758; x_wconf 86' lang='lat' dir='ltr'><strong>est</strong></span> <span class='ocrx_word' id='word_1_83' title='bbox 1295 719 1404 757; x_wconf 87' lang='lat' dir='ltr'><strong>etiam</strong></span> <span class='ocrx_word' id='word_1_84' title='bbox 1429 715 1639 772; x_wconf 79' lang='grc' dir='ltr'><strong><em>σημαντήρ</em></strong></span> 
     </span>
     <span class='ocr_line' id='line_1_11' title="bbox 163 772 1641 827; baseline 0.002 -14"><span class='ocrx_word' id='word_1_85' title='bbox 163 775 285 813; x_wconf 79' lang='lat' dir='ltr'><strong>ferrea</strong></span> <span class='ocrx_word' id='word_1_86' title='bbox 311 773 447 812; x_wconf 87' lang='lat' dir='ltr'><strong>lamina</strong></span> <span class='ocrx_word' id='word_1_87' title='bbox 472 772 604 812; x_wconf 86' lang='lat' dir='ltr'><strong>bacillo</strong></span> <span class='ocrx_word' id='word_1_88' title='bbox 626 773 748 812; x_wconf 84' lang='lat' dir='ltr'><strong>ferreo</strong></span> <span class='ocrx_word' id='word_1_89' title='bbox 772 774 823 812; x_wconf 84' lang='lat' dir='ltr'><strong>ad</strong></span> <span class='ocrx_word' id='word_1_90' title='bbox 843 774 941 813; x_wconf 87' lang='lat' dir='ltr'><strong>fores</strong></span> <span class='ocrx_word' id='word_1_91' title='bbox 961 773 1134 814; x_wconf 88' lang='lat' dir='ltr'><strong>ecclesiae</strong></span> <span class='ocrx_word' id='word_1_92' title='bbox 1150 773 1188 813; x_wconf 88' lang='lat' dir='ltr'><strong>in</strong></span> <span class='ocrx_word' id='word_1_93' title='bbox 1206 775 1409 827; x_wconf 85' lang='lat' dir='ltr'><strong>expositum</strong></span> <span class='ocrx_word' id='word_1_94' title='bbox 1430 776 1540 815; x_wconf 88' lang='lat' dir='ltr'><strong>finem</strong></span> <span class='ocrx_word' id='word_1_95' title='bbox 1557 790 1641 816; x_wconf 88' lang='lat' dir='ltr'><strong>ver-</strong></span> 
     </span>
     <span class='ocr_line' id='line_1_12' title="bbox 163 830 1642 883; baseline 0.001 -14"><span class='ocrx_word' id='word_1_96' title='bbox 163 830 354 879; x_wconf 80' lang='lat' dir='ltr'><strong>beranda,</strong></span> <span class='ocrx_word' id='word_1_97' title='bbox 383 831 432 870; x_wconf 91' lang='lat' dir='ltr'><strong>de</strong></span> <span class='ocrx_word' id='word_1_98' title='bbox 462 842 558 882; x_wconf 85' lang='lat' dir='ltr'><strong>qua,</strong></span> <span class='ocrx_word' id='word_1_99' title='bbox 587 830 680 869; x_wconf 86' lang='lat' dir='ltr'><strong>sicut</strong></span> <span class='ocrx_word' id='word_1_100' title='bbox 711 834 750 868; x_wconf 90' lang='lat' dir='ltr'><strong>et</strong></span> <span class='ocrx_word' id='word_1_101' title='bbox 778 831 828 870; x_wconf 89' lang='lat' dir='ltr'><strong>de</strong></span> <span class='ocrx_word' id='word_1_102' title='bbox 853 831 967 881; x_wconf 86' lang='lat' dir='ltr'><strong>signis</strong></span> <span class='ocrx_word' id='word_1_103' title='bbox 989 844 1010 870; x_wconf 91' lang='lat' dir='ltr'><strong>e</strong></span> <span class='ocrx_word' id='word_1_104' title='bbox 1030 831 1153 882; x_wconf 86' lang='lat' dir='ltr'><strong>ligno,</strong></span> <span class='ocrx_word' id='word_1_105' title='bbox 1183 831 1313 881; x_wconf 87' lang='lat' dir='ltr'><strong>docte,</strong></span> <span class='ocrx_word' id='word_1_106' title='bbox 1337 837 1378 870; x_wconf 88' lang='lat' dir='ltr'><strong>ut</strong></span> <span class='ocrx_word' id='word_1_107' title='bbox 1398 833 1511 883; x_wconf 83' lang='lat' dir='ltr'><strong>solet,</strong></span> <span class='ocrx_word' id='word_1_108' title='bbox 1540 833 1642 872; x_wconf 81' lang='lat' dir='ltr'><strong>Alla-</strong></span> 
     </span>
     <span class='ocr_line' id='line_1_13' title="bbox 151 887 1638 941; baseline 0.001 -14"><span class='ocrx_word' id='word_1_109' title='bbox 151 889 239 927; x_wconf 27' lang='lat' dir='ltr'><strong>*tius</strong></span> <span class='ocrx_word' id='word_1_110' title='bbox 254 887 348 926; x_wconf 88' lang='lat' dir='ltr'><strong>libro</strong></span> <span class='ocrx_word' id='word_1_111' title='bbox 367 887 416 926; x_wconf 91' lang='lat' dir='ltr'><strong>de</strong></span> <span class='ocrx_word' id='word_1_112' title='bbox 434 887 699 926; x_wconf 87' lang='lat' dir='ltr'><strong>recentioribus</strong></span> <span class='ocrx_word' id='word_1_113' title='bbox 719 887 942 926; x_wconf 84' lang='lat' dir='ltr'><strong>Graecorum</strong></span> <span class='ocrx_word' id='word_1_114' title='bbox 962 888 1124 940; x_wconf 89' lang='lat' dir='ltr'><strong>templis.</strong></span> <span class='ocrx_word' id='word_1_115' title='bbox 1180 887 1252 927; x_wconf 85' lang='lat' dir='ltr'><strong>hoc</strong></span> <span class='ocrx_word' id='word_1_116' title='bbox 1271 889 1397 940; x_wconf 86' lang='lat' dir='ltr'><strong>itaque</strong></span> <span class='ocrx_word' id='word_1_117' title='bbox 1418 891 1494 929; x_wconf 90' lang='lat' dir='ltr'><strong>sive</strong></span> <span class='ocrx_word' id='word_1_118' title='bbox 1514 890 1638 941; x_wconf 86' lang='lat' dir='ltr'><strong>ligneo</strong></span> 
     </span>
     <span class='ocr_line' id='line_1_14' title="bbox 164 943 1639 1011; baseline -0.001 -27"><span class='ocrx_word' id='word_1_119' title='bbox 164 957 232 984; x_wconf 87' lang='lat' dir='ltr'><strong>seu</strong></span> <span class='ocrx_word' id='word_1_120' title='bbox 257 945 382 1011; x_wconf 88' lang='lat' dir='ltr'><strong>potius</strong></span> <span class='ocrx_word' id='word_1_121' title='bbox 410 944 585 984; x_wconf 81' lang='lat' dir='ltr'><strong>ecclesiae</strong></span> <span class='ocrx_word' id='word_1_122' title='bbox 610 945 730 983; x_wconf 82' lang='lat' dir='ltr'><strong>ferreo</strong></span> <span class='ocrx_word' id='word_1_123' title='bbox 747 956 902 983; x_wconf 80' lang='lat' dir='ltr'><strong>aereove</strong></span> <span class='ocrx_word' id='word_1_124' title='bbox 920 945 1035 996; x_wconf 74' lang='lat' dir='ltr'><strong>signo</strong></span> <span class='ocrx_word' id='word_1_125' title='bbox 1055 944 1243 982; x_wconf 74' lang='lat' dir='ltr'><strong>manibus</strong></span> <span class='ocrx_word' id='word_1_126' title='bbox 1258 953 1434 996; x_wconf 81' lang='lat' dir='ltr'><strong>ar,repto</strong></span> <span class='ocrx_word' id='word_1_127' title='bbox 1467 946 1511 987; x_wconf 81' lang='grc' dir='ltr'><strong>ἐν</strong></span> <span class='ocrx_word' id='word_1_128' title='bbox 1535 943 1639 1002; x_wconf 69' lang='grc' dir='ltr'><strong>αὐτῇ</strong></span> 
     </span>
     <span class='ocr_line' id='line_1_15' title="bbox 161 995 1638 1056; baseline -0.001 -14"><span class='ocrx_word' id='word_1_129' title='bbox 161 1015 260 1050; x_wconf 79' lang='grc' dir='ltr'><strong><em>τους</em></strong></span> <span class='ocrx_word' id='word_1_130' title='bbox 290 996 478 1050; x_wconf 76' lang='grc' dir='ltr'><strong><em>ἐπιόντας</em></strong></span> <span class='ocrx_word' id='word_1_131' title='bbox 509 995 710 1053; x_wconf 78' lang='grc' dir='ltr'><strong><em>η’μύνετο,</em></strong></span> <span class='ocrx_word' id='word_1_132' title='bbox 753 1002 949 1052; x_wconf 71' lang='lat' dir='ltr'><strong>ingresso-5⁴</strong></span> <span class='ocrx_word' id='word_1_133' title='bbox 977 1003 1022 1038; x_wconf 80' lang='lat' dir='ltr'><strong>in</strong></span> <span class='ocrx_word' id='word_1_134' title='bbox 1053 1015 1142 1040; x_wconf 84' lang='lat' dir='ltr'><strong>eam</strong></span> <span class='ocrx_word' id='word_1_135' title='bbox 1170 999 1429 1056; x_wconf 67' lang='lat' dir='ltr'><strong>(eeclesiam)</strong></span> <span class='ocrx_word' id='word_1_136' title='bbox 1465 1003 1638 1041; x_wconf 82' lang='lat' dir='ltr'><strong>Sarace-</strong></span> 
     </span>
     <span class='ocr_line' id='line_1_16' title="bbox 162 1056 1632 1110; baseline 0.001 -14"><span class='ocrx_word' id='word_1_137' title='bbox 162 1071 237 1096; x_wconf 73' lang='lat' dir='ltr'><strong>nos·</strong></span> <span class='ocrx_word' id='word_1_138' title='bbox 267 1056 512 1105; x_wconf 76' lang='lat' dir='ltr'><em>invadebat,</em></span> <span class='ocrx_word' id='word_1_139' title='bbox 535 1056 828 1110; x_wconf 80' lang='lat' dir='ltr'><strong>propulsabat,</strong></span> <span class='ocrx_word' id='word_1_140' title='bbox 857 1057 1085 1097; x_wconf 79' lang='lat' dir='ltr'><em>debellabat</em></span> <span class='ocrx_word' id='word_1_141' title='bbox 1113 1066 1298 1098; x_wconf 76' lang='lat' dir='ltr'><strong>strenuus</strong></span> <span class='ocrx_word' id='word_1_142' title='bbox 1332 1060 1402 1098; x_wconf 71' lang='lat' dir='ltr'><strong>ille</strong></span> <span class='ocrx_word' id='word_1_143' title='bbox 1436 1060 1632 1099; x_wconf 77' lang='lat' dir='ltr'><em>sacerdos.</em></span> 
     </span>
     <span class='ocr_line' id='line_1_17' title="bbox 161 1116 301 1156; baseline -0.014 0"><span class='ocrx_word' id='word_1_144' title='bbox 161 1116 301 1156; x_wconf 77' lang='lat' dir='ltr'><strong>Gmm.</strong></span> 
     </span>
    </p>

    <p class='ocr_par' dir='ltr' id='par_1_3' title="bbox 161 1168 1638 1340">
     <span class='ocr_line' id='line_1_18' title="bbox 275 1168 1638 1226; baseline 0.001 -15"><span class='ocrx_word' id='word_1_145' title='bbox 275 1171 331 1214; x_wconf 81' lang='lat' dir='ltr'><strong>ib.</strong></span> <span class='ocrx_word' id='word_1_146' title='bbox 349 1186 386 1214; x_wconf 77' lang='lat' dir='ltr'><strong>v.</strong></span> <span class='ocrx_word' id='word_1_147' title='bbox 406 1172 473 1215; x_wconf 86' lang='lat'><strong>19.</strong></span> <span class='ocrx_word' id='word_1_148' title='bbox 528 1170 616 1214; x_wconf 71' lang='grc' dir='ltr'><strong>ἐπεὶ</strong></span> <span class='ocrx_word' id='word_1_149' title='bbox 635 1168 692 1226; x_wconf 75' lang='grc' dir='ltr'><strong>μή</strong></span> <span class='ocrx_word' id='word_1_150' title='bbox 714 1171 873 1225; x_wconf 69' lang='grc' dir='ltr'><strong><em>ἔπειθε]</em></strong></span> <span class='ocrx_word' id='word_1_151' title='bbox 902 1173 1112 1226; x_wconf 86' lang='lat' dir='ltr'><strong>Xylander:</strong></span> <span class='ocrx_word' id='word_1_152' title='bbox 1141 1187 1234 1212; x_wconf 79' lang='lat' dir='ltr'><strong>cum</strong></span> <span class='ocrx_word' id='word_1_153' title='bbox 1255 1173 1534 1213; x_wconf 73' lang='lat' dir='ltr'><strong>admissionem</strong></span> <span class='ocrx_word' id='word_1_154' title='bbox 1556 1189 1638 1213; x_wconf 80' lang='lat' dir='ltr'><strong>non</strong></span> 
     </span>
     <span class='ocr_line' id='line_1_19' title="bbox 162 1230 1638 1284; baseline 0.002 -17"><span class='ocrx_word' id='word_1_155' title='bbox 162 1230 405 1282; x_wconf 80' lang='lat' dir='ltr'><strong>impetraret.</strong></span> <span class='ocrx_word' id='word_1_156' title='bbox 463 1230 604 1269; x_wconf 81' lang='lat' dir='ltr'><strong>verius:</strong></span> <span class='ocrx_word' id='word_1_157' title='bbox 634 1244 726 1267; x_wconf 81' lang='lat' dir='ltr'><strong>cum</strong></span> <span class='ocrx_word' id='word_1_158' title='bbox 757 1237 804 1268; x_wconf 82' lang='lat' dir='ltr'><strong>ut</strong></span> <span class='ocrx_word' id='word_1_159' title='bbox 831 1230 913 1268; x_wconf 72' lang='lat' dir='ltr'><strong>sibi</strong></span> <span class='ocrx_word' id='word_1_160' title='bbox 925 1231 1101 1283; x_wconf 72' lang='lat' dir='ltr'><strong>facinus</strong></span> <span class='ocrx_word' id='word_1_161' title='bbox 1129 1231 1419 1270; x_wconf 75' lang='lat' dir='ltr'><strong>condonaretur</strong></span> <span class='ocrx_word' id='word_1_162' title='bbox 1442 1246 1524 1270; x_wconf 85' lang='lat' dir='ltr'><strong>non</strong></span> <span class='ocrx_word' id='word_1_163' title='bbox 1537 1247 1638 1284; x_wconf 79' lang='lat' dir='ltr'><strong>per-</strong></span> 
     </span>
     <span class='ocr_line' id='line_1_20' title="bbox 161 1287 892 1340; baseline 0.003 -15"><span class='ocrx_word' id='word_1_164' title='bbox 161 1288 311 1336; x_wconf 61' lang='lat' dir='ltr'><strong>suasitj</strong></span> <span class='ocrx_word' id='word_1_165' title='bbox 336 1289 378 1327; x_wconf 89' lang='lat' dir='ltr'><strong>id</strong></span> <span class='ocrx_word' id='word_1_166' title='bbox 399 1291 459 1327; x_wconf 87' lang='lat' dir='ltr'><strong>est</strong></span> <span class='ocrx_word' id='word_1_167' title='bbox 477 1287 702 1340; x_wconf 85' lang='lat' dir='ltr'><strong>impetravit.</strong></span> <span class='ocrx_word' id='word_1_168' title='bbox 755 1289 892 1327; x_wconf 71' lang='lat' dir='ltr'><strong>GOAR.</strong></span> 
     </span>
    </p>

    <p class='ocr_par' dir='ltr' id='par_1_4' title="bbox 159 1340 1642 1792">
     <span class='ocr_line' id='line_1_21' title="bbox 276 1340 1639 1399; baseline 0 -15"><span class='ocrx_word' id='word_1_169' title='bbox 276 1349 306 1384; x_wconf 90' lang='lat' dir='ltr'><strong>t.</strong></span> <span class='ocrx_word' id='word_1_170' title='bbox 320 1345 357 1384; x_wconf 88' lang='lat'><strong>11</strong></span> <span class='ocrx_word' id='word_1_171' title='bbox 385 1358 424 1397; x_wconf 93' lang='grc' dir='ltr'><strong>Ρ.</strong></span> <span class='ocrx_word' id='word_1_172' title='bbox 440 1340 522 1387; x_wconf 78' lang='grc'><strong>831</strong></span> <span class='ocrx_word' id='word_1_173' title='bbox 543 1357 577 1383; x_wconf 78' lang='lat' dir='ltr'><strong>v,</strong></span> <span class='ocrx_word' id='word_1_174' title='bbox 597 1345 638 1385; x_wconf 90' lang='lat'><strong>1.</strong></span> <span class='ocrx_word' id='word_1_175' title='bbox 694 1344 869 1382; x_wconf 85' lang='lat' dir='ltr'><strong>Leonem</strong></span> <span class='ocrx_word' id='word_1_176' title='bbox 887 1344 1099 1383; x_wconf 72' lang='lat' dir='ltr'><strong>demeritus</strong></span> <span class='ocrx_word' id='word_1_177' title='bbox 1116 1344 1195 1396; x_wconf 75' lang='lat' dir='ltr'><strong>est]</strong></span> <span class='ocrx_word' id='word_1_178' title='bbox 1225 1345 1264 1384; x_wconf 88' lang='lat' dir='ltr'><strong>in</strong></span> <span class='ocrx_word' id='word_1_179' title='bbox 1282 1348 1387 1384; x_wconf 88' lang='lat' dir='ltr'><strong>textu</strong></span> <span class='ocrx_word' id='word_1_180' title='bbox 1406 1349 1464 1385; x_wconf 86' lang='lat' dir='ltr'><strong>est</strong></span> <span class='ocrx_word' id='word_1_181' title='bbox 1481 1346 1639 1399; x_wconf 81' lang='lat' dir='ltr'>perinde</span> 
     </span>
     <span class='ocr_line' id='line_1_22' title="bbox 163 1401 1640 1455; baseline 0.001 -14"><span class='ocrx_word' id='word_1_182' title='bbox 163 1403 340 1455; x_wconf 86' lang='lat' dir='ltr'><strong>scriptum</strong></span> <span class='ocrx_word' id='word_1_183' title='bbox 362 1414 408 1441; x_wconf 85' lang='lat' dir='ltr'><strong>ac</strong></span> <span class='ocrx_word' id='word_1_184' title='bbox 429 1401 461 1439; x_wconf 86' lang='lat' dir='ltr'><strong>si</strong></span> <span class='ocrx_word' id='word_1_185' title='bbox 483 1402 534 1439; x_wconf 86' lang='lat' dir='ltr'><strong>ad</strong></span> <span class='ocrx_word' id='word_1_186' title='bbox 556 1401 818 1453; x_wconf 86' lang='lat' dir='ltr'><strong>triumphatum</strong></span> <span class='ocrx_word' id='word_1_187' title='bbox 842 1402 1107 1455; x_wconf 88' lang='lat' dir='ltr'><strong>Apolasaerum</strong></span> <span class='ocrx_word' id='word_1_188' title='bbox 1130 1405 1350 1451; x_wconf 86' lang='lat' dir='ltr'><strong>referretur,</strong></span> <span class='ocrx_word' id='word_1_189' title='bbox 1378 1416 1531 1443; x_wconf 90' lang='lat' dir='ltr'><strong>munera</strong></span> <span class='ocrx_word' id='word_1_190' title='bbox 1548 1404 1583 1442; x_wconf 87' lang='lat' dir='ltr'><strong>ei</strong></span> <span class='ocrx_word' id='word_1_191' title='bbox 1600 1407 1640 1442; x_wconf 87' lang='lat' dir='ltr'><strong>et</strong></span> 
     </span>
     <span class='ocr_line' id='line_1_23' title="bbox 161 1457 1640 1511; baseline 0 -13"><span class='ocrx_word' id='word_1_192' title='bbox 161 1458 321 1499; x_wconf 78' lang='lat' dir='ltr'><strong>honores</strong></span> <span class='ocrx_word' id='word_1_193' title='bbox 353 1459 401 1498; x_wconf 87' lang='lat' dir='ltr'><strong>ab</strong></span> <span class='ocrx_word' id='word_1_194' title='bbox 430 1457 655 1510; x_wconf 81' lang='lat' dir='ltr'><strong>imperatore</strong></span> <span class='ocrx_word' id='word_1_195' title='bbox 684 1459 884 1509; x_wconf 79' lang='lat' dir='ltr'><strong>obtigisse3</strong></span> <span class='ocrx_word' id='word_1_196' title='bbox 913 1461 1015 1511; x_wconf 89' lang='lat' dir='ltr'><strong>quod</strong></span> <span class='ocrx_word' id='word_1_197' title='bbox 1043 1460 1242 1498; x_wconf 87' lang='lat' dir='ltr'><strong>absurdum</strong></span> <span class='ocrx_word' id='word_1_198' title='bbox 1268 1462 1382 1510; x_wconf 88' lang='lat' dir='ltr'><strong>puto,</strong></span> <span class='ocrx_word' id='word_1_199' title='bbox 1412 1464 1451 1500; x_wconf 87' lang='lat' dir='ltr'><strong>et</strong></span> <span class='ocrx_word' id='word_1_200' title='bbox 1476 1461 1526 1499; x_wconf 83' lang='lat' dir='ltr'><strong>ad</strong></span> <span class='ocrx_word' id='word_1_201' title='bbox 1554 1472 1640 1499; x_wconf 91' lang='lat' dir='ltr'><strong>eum</strong></span> 
     </span>
     <span class='ocr_line' id='line_1_24' title="bbox 162 1515 1640 1568; baseline 0.001 -13"><span class='ocrx_word' id='word_1_202' title='bbox 162 1515 289 1555; x_wconf 86' lang='lat' dir='ltr'><strong>rettuli</strong></span> <span class='ocrx_word' id='word_1_203' title='bbox 315 1516 417 1555; x_wconf 88' lang='lat' dir='ltr'><strong>cuius</strong></span> <span class='ocrx_word' id='word_1_204' title='bbox 447 1527 561 1567; x_wconf 87' lang='lat' dir='ltr'><strong>opera</strong></span> <span class='ocrx_word' id='word_1_205' title='bbox 589 1515 705 1553; x_wconf 88' lang='lat' dir='ltr'><strong>hostis</strong></span> <span class='ocrx_word' id='word_1_206' title='bbox 733 1520 861 1567; x_wconf 88' lang='lat' dir='ltr'><strong>captus</strong></span> <span class='ocrx_word' id='word_1_207' title='bbox 881 1520 918 1555; x_wconf 89' lang='lat' dir='ltr'><strong>et</strong></span> <span class='ocrx_word' id='word_1_208' title='bbox 937 1516 1124 1568; x_wconf 85' lang='lat' dir='ltr'><strong>triumpho</strong></span> <span class='ocrx_word' id='word_1_209' title='bbox 1145 1515 1325 1556; x_wconf 85' lang='lat' dir='ltr'><strong>exhibitus</strong></span> <span class='ocrx_word' id='word_1_210' title='bbox 1347 1521 1458 1557; x_wconf 80' lang='lat' dir='ltr'><strong>esset.</strong></span> <span class='ocrx_word' id='word_1_211' title='bbox 1515 1529 1640 1568; x_wconf 85' lang='lat' dir='ltr'><strong>neque</strong></span> 
     </span>
     <span class='ocr_line' id='line_1_25' title="bbox 162 1571 1642 1626; baseline 0 -14"><span class='ocrx_word' id='word_1_212' title='bbox 162 1573 261 1613; x_wconf 84' lang='lat' dir='ltr'><strong>enim</strong></span> <span class='ocrx_word' id='word_1_213' title='bbox 281 1572 423 1611; x_wconf 81' lang='lat' dir='ltr'><strong>solebat</strong></span> <span class='ocrx_word' id='word_1_214' title='bbox 440 1571 672 1624; x_wconf 87' lang='lat' dir='ltr'><strong>triumphatis</strong></span> <span class='ocrx_word' id='word_1_215' title='bbox 691 1577 778 1623; x_wconf 91' lang='lat' dir='ltr'><strong>post</strong></span> <span class='ocrx_word' id='word_1_216' title='bbox 797 1574 956 1624; x_wconf 86' lang='lat' dir='ltr'><strong>pedibus</strong></span> <span class='ocrx_word' id='word_1_217' title='bbox 976 1585 1124 1624; x_wconf 86' lang='lat' dir='ltr'><strong>pressas</strong></span> <span class='ocrx_word' id='word_1_218' title='bbox 1147 1585 1271 1612; x_wconf 88' lang='lat' dir='ltr'><strong>eorum</strong></span> <span class='ocrx_word' id='word_1_219' title='bbox 1298 1575 1459 1613; x_wconf 87' lang='lat' dir='ltr'><strong>cervices</strong></span> <span class='ocrx_word' id='word_1_220' title='bbox 1480 1574 1642 1626; x_wconf 87' lang='lat' dir='ltr'><strong>impera-</strong></span> 
     </span>
     <span class='ocr_line' id='line_1_26' title="bbox 160 1628 1641 1682; baseline 0 -14"><span class='ocrx_word' id='word_1_221' title='bbox 160 1633 221 1668; x_wconf 87' lang='lat' dir='ltr'><strong>tor</strong></span> <span class='ocrx_word' id='word_1_222' title='bbox 250 1629 408 1680; x_wconf 75' lang='lat' dir='ltr'><strong>gratiam</strong></span> <span class='ocrx_word' id='word_1_223' title='bbox 436 1628 543 1667; x_wconf 89' lang='lat' dir='ltr'><strong>ullam</strong></span> <span class='ocrx_word' id='word_1_224' title='bbox 572 1629 717 1676; x_wconf 78' lang='lat' dir='ltr'><strong>facere3</strong></span> <span class='ocrx_word' id='word_1_225' title='bbox 746 1633 786 1667; x_wconf 90' lang='lat' dir='ltr'><strong>et</strong></span> <span class='ocrx_word' id='word_1_226' title='bbox 803 1630 835 1667; x_wconf 92' lang='lat' dir='ltr'><strong>si</strong></span> <span class='ocrx_word' id='word_1_227' title='bbox 852 1642 950 1668; x_wconf 89' lang='lat' dir='ltr'><strong>novo</strong></span> <span class='ocrx_word' id='word_1_228' title='bbox 968 1629 1039 1668; x_wconf 91' lang='lat' dir='ltr'><strong>hoc</strong></span> <span class='ocrx_word' id='word_1_229' title='bbox 1059 1629 1228 1682; x_wconf 86' lang='lat' dir='ltr'><strong>exemplo</strong></span> <span class='ocrx_word' id='word_1_230' title='bbox 1245 1630 1383 1668; x_wconf 83' lang='lat' dir='ltr'><strong>factum</strong></span> <span class='ocrx_word' id='word_1_231' title='bbox 1401 1631 1554 1680; x_wconf 86' lang='lat' dir='ltr'><strong>fuisset,</strong></span> <span class='ocrx_word' id='word_1_232' title='bbox 1581 1631 1641 1669; x_wconf 88' lang='lat' dir='ltr'><strong>vel</strong></span> 
     </span>
     <span class='ocr_line' id='line_1_27' title="bbox 160 1685 1640 1740; baseline 0.001 -14"><span class='ocrx_word' id='word_1_233' title='bbox 160 1687 318 1726; x_wconf 82' lang='lat' dir='ltr'><strong>maxime</strong></span> <span class='ocrx_word' id='word_1_234' title='bbox 344 1686 562 1726; x_wconf 85' lang='lat' dir='ltr'><strong>annotanda</strong></span> <span class='ocrx_word' id='word_1_235' title='bbox 593 1689 674 1724; x_wconf 86' lang='lat' dir='ltr'><strong>erat</strong></span> <span class='ocrx_word' id='word_1_236' title='bbox 702 1685 912 1725; x_wconf 85' lang='lat' dir='ltr'><strong>insolentia.</strong></span> <span class='ocrx_word' id='word_1_237' title='bbox 970 1686 1197 1725; x_wconf 84' lang='lat' dir='ltr'><strong>Chabdanus</strong></span> <span class='ocrx_word' id='word_1_238' title='bbox 1217 1690 1342 1726; x_wconf 87' lang='lat' dir='ltr'><strong>autem</strong></span> <span class='ocrx_word' id='word_1_239' title='bbox 1363 1687 1520 1740; x_wconf 87' lang='lat' dir='ltr'><strong>Chalepi</strong></span> <span class='ocrx_word' id='word_1_240' title='bbox 1539 1700 1640 1727; x_wconf 87' lang='lat' dir='ltr'><strong>ame-</strong></span> 
     </span>
     <span class='ocr_line' id='line_1_28' title="bbox 159 1743 1218 1792; baseline -0.001 -10"><span class='ocrx_word' id='word_1_241' title='bbox 159 1756 222 1784; x_wconf 88' lang='lat' dir='ltr'><strong>ras</strong></span> <span class='ocrx_word' id='word_1_242' title='bbox 243 1743 338 1792; x_wconf 83' lang='lat' dir='ltr'><strong>fuit,</strong></span> <span class='ocrx_word' id='word_1_243' title='bbox 365 1746 408 1782; x_wconf 84' lang='lat' dir='ltr'><strong>ut</strong></span> <span class='ocrx_word' id='word_1_244' title='bbox 425 1743 463 1781; x_wconf 90' lang='lat' dir='ltr'><strong>in</strong></span> <span class='ocrx_word' id='word_1_245' title='bbox 481 1743 653 1781; x_wconf 89' lang='lat' dir='ltr'><strong>Romano</strong></span> <span class='ocrx_word' id='word_1_246' title='bbox 672 1744 780 1781; x_wconf 89' lang='lat' dir='ltr'><strong>tertio</strong></span> <span class='ocrx_word' id='word_1_247' title='bbox 799 1747 924 1783; x_wconf 86' lang='lat' dir='ltr'><strong>noster</strong></span> <span class='ocrx_word' id='word_1_248' title='bbox 942 1743 1066 1782; x_wconf 87' lang='lat' dir='ltr'><strong>docet.</strong></span> <span class='ocrx_word' id='word_1_249' title='bbox 1122 1743 1218 1782; x_wconf 68' lang='grc' dir='ltr'><strong>ΧΠ..</strong></span> 
     </span>
    </p>

    <p class='ocr_par' dir='ltr' id='par_1_5' title="bbox 276 1795 1553 1851">
     <span class='ocr_line' id='line_1_29' title="bbox 276 1795 1553 1851; baseline 0.003 -15"><span class='ocrx_word' id='word_1_250' title='bbox 276 1798 331 1840; x_wconf 85' lang='lat' dir='ltr'><strong>ib.</strong></span> <span class='ocrx_word' id='word_1_251' title='bbox 349 1811 384 1838; x_wconf 83' lang='lat' dir='ltr'><strong>v,</strong></span> <span class='ocrx_word' id='word_1_252' title='bbox 404 1796 444 1839; x_wconf 82' lang='grc'><strong>4.</strong></span> <span class='ocrx_word' id='word_1_253' title='bbox 499 1795 544 1839; x_wconf 80' lang='grc' dir='ltr'><strong>τὸ</strong></span> <span class='ocrx_word' id='word_1_254' title='bbox 571 1796 712 1839; x_wconf 78' lang='grc' dir='ltr'><strong><em>Χάλεπ</em></strong></span> <span class='ocrx_word' id='word_1_255' title='bbox 729 1799 891 1839; x_wconf 88' lang='lat' dir='ltr'><strong>Berroea</strong></span> <span class='ocrx_word' id='word_1_256' title='bbox 911 1800 1064 1851; x_wconf 82' lang='lat' dir='ltr'><strong>Syriae,</strong></span> <span class='ocrx_word' id='word_1_257' title='bbox 1093 1799 1205 1839; x_wconf 87' lang='lat' dir='ltr'><strong>hodie</strong></span> <span class='ocrx_word' id='word_1_258' title='bbox 1227 1798 1354 1851; x_wconf 80' lang='lat' dir='ltr'><strong>Alep.</strong></span> <span class='ocrx_word' id='word_1_259' title='bbox 1416 1800 1553 1840; x_wconf 66' lang='lat' dir='ltr'><strong>Gom.</strong></span> 
     </span>
    </p>

    <p class='ocr_par' dir='ltr' id='par_1_6' title="bbox 162 1853 1636 1966">
     <span class='ocr_line' id='line_1_30' title="bbox 275 1853 1636 1910; baseline 0.003 -17"><span class='ocrx_word' id='word_1_260' title='bbox 275 1855 328 1895; x_wconf 84' lang='lat' dir='ltr'><strong>ib.</strong></span> <span class='ocrx_word' id='word_1_261' title='bbox 347 1869 383 1895; x_wconf 87' lang='lat' dir='ltr'><strong>v.</strong></span> <span class='ocrx_word' id='word_1_262' title='bbox 403 1853 469 1898; x_wconf 88' lang='lat'><strong>14.</strong></span> <span class='ocrx_word' id='word_1_263' title='bbox 528 1869 626 1907; x_wconf 78' lang='lat' dir='ltr'><strong>quos</strong></span> <span class='ocrx_word' id='word_1_264' title='bbox 654 1856 829 1906; x_wconf 74' lang='lat' dir='ltr'><strong>ceperat]</strong></span> <span class='ocrx_word' id='word_1_265' title='bbox 861 1854 1070 1910; x_wconf 66' lang='grc' dir='ltr'><strong><em>ἐζώγρησε.</em></strong></span> <span class='ocrx_word' id='word_1_266' title='bbox 1125 1857 1228 1895; x_wconf 88' lang='lat' dir='ltr'><strong>locus</strong></span> <span class='ocrx_word' id='word_1_267' title='bbox 1246 1858 1391 1897; x_wconf 87' lang='lat' dir='ltr'><strong>videtur</strong></span> <span class='ocrx_word' id='word_1_268' title='bbox 1408 1859 1636 1900; x_wconf 88' lang='lat' dir='ltr'><strong>decurtatus.</strong></span> 
     </span>
     <span class='ocr_line' id='line_1_31' title="bbox 162 1912 1405 1980; baseline 0 -28"><span class='ocrx_word' id='word_1_269' title='bbox 162 1916 204 1953; x_wconf 90' lang='lat' dir='ltr'><strong>et</strong></span> <span class='ocrx_word' id='word_1_270' title='bbox 220 1912 289 1952; x_wconf 84' lang='lat' dir='ltr'><strong>hos</strong></span> <span class='ocrx_word' id='word_1_271' title='bbox 306 1916 395 1952; x_wconf 90' lang='lat' dir='ltr'><strong>ante</strong></span> <span class='ocrx_word' id='word_1_272' title='bbox 411 1912 505 1950; x_wconf 86' lang='lat' dir='ltr'><strong>hanc</strong></span> <span class='ocrx_word' id='word_1_273' title='bbox 522 1917 678 1965; x_wconf 87' lang='lat' dir='ltr'><strong>apparet</strong></span> <span class='ocrx_word' id='word_1_274' title='bbox 694 1914 964 1979; x_wconf 84' lang='lat' dir='ltr'><strong>expeditionem</strong></span> <span class='ocrx_word' id='word_1_275' title='bbox 983 1918 1122 1980; x_wconf 83' lang='lat' dir='ltr'><strong>captos</strong></span> <span class='ocrx_word' id='word_1_276' title='bbox 1129 1914 1405 1955; x_wconf 67' lang='lat' dir='ltr'><strong>fi1isse.Xv1..</strong></span> 
     </span>
    </p>

    <p class='ocr_par' dir='ltr' id='par_1_7' title="bbox 159 1965 1635 2194">
     <span class='ocr_line' id='line_1_32' title="bbox 275 1965 1632 2037; baseline 0 -28"><span class='ocrx_word' id='word_1_277' title='bbox 275 1974 304 2010; x_wconf 90' lang='lat' dir='ltr'><strong>t.</strong></span> <span class='ocrx_word' id='word_1_278' title='bbox 322 1969 357 2008; x_wconf 86' lang='lat'><strong>11</strong></span> <span class='ocrx_word' id='word_1_279' title='bbox 357 1983 421 2037; x_wconf 72' lang='lat' dir='ltr'><strong>..p&#39;</strong></span> <span class='ocrx_word' id='word_1_280' title='bbox 436 1969 521 2010; x_wconf 83' lang='lat'><strong>332</strong></span> <span class='ocrx_word' id='word_1_281' title='bbox 539 1983 574 2008; x_wconf 87' lang='lat' dir='ltr'><strong>v.</strong></span> <span class='ocrx_word' id='word_1_282' title='bbox 590 1972 661 2011; x_wconf 84' lang='lat'><strong>21.</strong></span> <span class='ocrx_word' id='word_1_283' title='bbox 718 1984 864 2010; x_wconf 81' lang='grc' dir='ltr'><strong><em>κωνων</em></strong></span> <span class='ocrx_word' id='word_1_284' title='bbox 891 1967 936 2010; x_wconf 78' lang='grc' dir='ltr'><strong>δὲ</strong></span> <span class='ocrx_word' id='word_1_285' title='bbox 964 1965 1168 2022; x_wconf 78' lang='grc' dir='ltr'><strong><em>καρπούς]</em></strong></span> <span class='ocrx_word' id='word_1_286' title='bbox 1204 1970 1334 2008; x_wconf 89' lang='lat' dir='ltr'><strong>vidit</strong></span> <span class='ocrx_word' id='word_1_287' title='bbox 1323 1984 1362 2009; x_wconf 88' lang='lat' dir='ltr'><strong>m</strong></span> <span class='ocrx_word' id='word_1_288' title='bbox 1387 1970 1524 2010; x_wconf 87' lang='lat' dir='ltr'><strong>Lexico</strong></span> <span class='ocrx_word' id='word_1_289' title='bbox 1551 1971 1632 2023; x_wconf 84' lang='lat' dir='ltr'><strong>Xy-</strong></span> 
     </span>
     <span class='ocr_line' id='line_1_33' title="bbox 160 2025 1632 2080; baseline 0.001 -15"><span class='ocrx_word' id='word_1_290' title='bbox 160 2025 292 2067; x_wconf 81' lang='lat' dir='ltr'><strong>landet</strong></span> <span class='ocrx_word' id='word_1_291' title='bbox 314 2028 473 2075; x_wconf 77' lang='grc' dir='ltr'><strong><em>κῶνον,</em></strong></span> <span class='ocrx_word' id='word_1_292' title='bbox 499 2040 618 2064; x_wconf 81' lang='lat' dir='ltr'><strong>areae</strong></span> <span class='ocrx_word' id='word_1_293' title='bbox 642 2033 790 2063; x_wconf 82' lang='lat' dir='ltr'><strong>metam.</strong></span> <span class='ocrx_word' id='word_1_294' title='bbox 817 2030 856 2066; x_wconf 88' lang='lat' dir='ltr'><strong>et</strong></span> <span class='ocrx_word' id='word_1_295' title='bbox 878 2027 1071 2077; x_wconf 74' lang='lat' dir='ltr'><strong>pinorum</strong></span> <span class='ocrx_word' id='word_1_296' title='bbox 1086 2026 1278 2078; x_wconf 77' lang='lat' dir='ltr'><strong>fluctum</strong></span> <span class='ocrx_word' id='word_1_297' title='bbox 1303 2027 1534 2077; x_wconf 81' lang='lat' dir='ltr'><strong>significare3</strong></span> <span class='ocrx_word' id='word_1_298' title='bbox 1561 2041 1632 2080; x_wconf 84' lang='lat' dir='ltr'><strong>pa-</strong></span> 
     </span>
     <span class='ocr_line' id='line_1_34' title="bbox 159 2083 1635 2137; baseline 0.001 -15"><span class='ocrx_word' id='word_1_299' title='bbox 159 2083 298 2124; x_wconf 87' lang='lat' dir='ltr'><strong>learum</strong></span> <span class='ocrx_word' id='word_1_300' title='bbox 335 2090 482 2122; x_wconf 86' lang='lat' dir='ltr'><strong>metam</strong></span> <span class='ocrx_word' id='word_1_301' title='bbox 518 2084 588 2122; x_wconf 85' lang='lat' dir='ltr'><strong>sibi</strong></span> <span class='ocrx_word' id='word_1_302' title='bbox 629 2083 763 2134; x_wconf 84' lang='lat' dir='ltr'><strong>elegit,</strong></span> <span class='ocrx_word' id='word_1_303' title='bbox 809 2084 981 2136; x_wconf 87' lang='lat' dir='ltr'><strong>pinorum</strong></span> <span class='ocrx_word' id='word_1_304' title='bbox 1015 2097 1104 2123; x_wconf 87' lang='lat' dir='ltr'><strong>vero</strong></span> <span class='ocrx_word' id='word_1_305' title='bbox 1133 2085 1272 2123; x_wconf 84' lang='lat' dir='ltr'><strong>fructus</strong></span> <span class='ocrx_word' id='word_1_306' title='bbox 1305 2085 1471 2137; x_wconf 88' lang='lat' dir='ltr'><strong>permisit</strong></span> <span class='ocrx_word' id='word_1_307' title='bbox 1500 2085 1635 2123; x_wconf 88' lang='lat' dir='ltr'><strong>inscius</strong></span> 
     </span>
     <span class='ocr_line' id='line_1_35' title="bbox 160 2141 766 2194; baseline -0.003 -13"><span class='ocrx_word' id='word_1_308' title='bbox 160 2141 430 2194; x_wconf 83' lang='lat' dir='ltr'><strong>Theophylaeti</strong></span> <span class='ocrx_word' id='word_1_309' title='bbox 453 2142 569 2191; x_wconf 80' lang='lat' dir='ltr'><strong>equis.</strong></span> <span class='ocrx_word' id='word_1_310' title='bbox 627 2141 766 2179; x_wconf 77' lang='lat' dir='ltr'><strong>GoAR.</strong></span> 
     </span>
    </p>

    <p class='ocr_par' dir='ltr' id='par_1_8' title="bbox 160 2191 1635 2295">
     <span class='ocr_line' id='line_1_36' title="bbox 274 2191 1635 2251; baseline 0.001 -15"><span class='ocrx_word' id='word_1_311' title='bbox 274 2197 374 2237; x_wconf 83' lang='lat' dir='ltr'><strong>ibid.</strong></span> <span class='ocrx_word' id='word_1_312' title='bbox 437 2195 592 2249; x_wconf 75' lang='grc' dir='ltr'><strong><em>Θάσια]</em></strong></span> <span class='ocrx_word' id='word_1_313' title='bbox 619 2199 709 2237; x_wconf 89' lang='lat' dir='ltr'><strong>alias</strong></span> <span class='ocrx_word' id='word_1_314' title='bbox 728 2191 1000 2251; x_wconf 76' lang='grc' dir='ltr'><strong><em>λεπτοκαρύα,</em></strong></span> <span class='ocrx_word' id='word_1_315' title='bbox 1026 2209 1138 2237; x_wconf 86' lang='lat' dir='ltr'><strong>nuces</strong></span> <span class='ocrx_word' id='word_1_316' title='bbox 1155 2197 1333 2238; x_wconf 87' lang='lat' dir='ltr'><strong>Ponticae</strong></span> <span class='ocrx_word' id='word_1_317' title='bbox 1349 2211 1415 2237; x_wconf 85' lang='lat' dir='ltr'><strong>seu</strong></span> <span class='ocrx_word' id='word_1_318' title='bbox 1432 2196 1635 2239; x_wconf 85' lang='lat' dir='ltr'><strong>avellanae.</strong></span> 
     </span>
     <span class='ocr_line' id='line_1_37' title="bbox 160 2255 299 2296; baseline -0.008 -1"><span class='ocrx_word' id='word_1_319' title='bbox 160 2255 299 2296; x_wconf 66' lang='lat' dir='ltr'><strong>Gom.</strong></span> 
     </span>
    </p>

    <p class='ocr_par' dir='ltr' id='par_1_9' title="bbox 160 2309 1637 2594">
     <span class='ocr_line' id='line_1_38' title="bbox 273 2309 1637 2365; baseline -0.003 -10"><span class='ocrx_word' id='word_1_320' title='bbox 273 2317 302 2352; x_wconf 81' lang='lat' dir='ltr'><strong>t·</strong></span> <span class='ocrx_word' id='word_1_321' title='bbox 321 2312 358 2351; x_wconf 86' lang='grc' dir='ltr'><strong>ΙῘ</strong></span> <span class='ocrx_word' id='word_1_322' title='bbox 385 2325 423 2365; x_wconf 87' lang='lat' dir='ltr'><strong>p·</strong></span> <span class='ocrx_word' id='word_1_323' title='bbox 443 2314 526 2355; x_wconf 80' lang='lat'><strong>333</strong></span> <span class='ocrx_word' id='word_1_324' title='bbox 547 2325 581 2351; x_wconf 83' lang='lat' dir='ltr'><strong>v.</strong></span> <span class='ocrx_word' id='word_1_325' title='bbox 601 2314 668 2354; x_wconf 80' lang='lat'><strong>20.</strong></span> <span class='ocrx_word' id='word_1_326' title='bbox 728 2309 962 2364; x_wconf 77' lang='grc' dir='ltr'><strong><em>δομὲστικον</em></strong></span> <span class='ocrx_word' id='word_1_327' title='bbox 980 2313 1053 2364; x_wconf 78' lang='grc' dir='ltr'><strong>τῆς</strong></span> <span class='ocrx_word' id='word_1_328' title='bbox 1072 2309 1303 2364; x_wconf 75' lang='grc' dir='ltr'><strong><em>ἐκκλησίας]</em></strong></span> <span class='ocrx_word' id='word_1_329' title='bbox 1333 2313 1512 2365; x_wconf 87' lang='lat' dir='ltr'><strong>praeterit</strong></span> <span class='ocrx_word' id='word_1_330' title='bbox 1539 2311 1637 2351; x_wconf 89' lang='lat' dir='ltr'><strong>hunc</strong></span> 
     </span>
     <span class='ocr_line' id='line_1_39' title="bbox 161 2369 1636 2420; baseline -0.001 -11"><span class='ocrx_word' id='word_1_331' title='bbox 161 2369 356 2409; x_wconf 80' lang='lat' dir='ltr'><strong>officialem</strong></span> <span class='ocrx_word' id='word_1_332' title='bbox 380 2370 569 2420; x_wconf 86' lang='lat' dir='ltr'><strong>catalogus</strong></span> <span class='ocrx_word' id='word_1_333' title='bbox 597 2369 749 2408; x_wconf 88' lang='lat' dir='ltr'><strong>Codini:</strong></span> <span class='ocrx_word' id='word_1_334' title='bbox 778 2370 963 2420; x_wconf 89' lang='lat' dir='ltr'><strong>geminum</strong></span> <span class='ocrx_word' id='word_1_335' title='bbox 983 2370 1221 2408; x_wconf 87' lang='lat' dir='ltr'><strong>domesticum</strong></span> <span class='ocrx_word' id='word_1_336' title='bbox 1244 2374 1369 2409; x_wconf 88' lang='lat' dir='ltr'><strong>noster</strong></span> <span class='ocrx_word' id='word_1_337' title='bbox 1389 2370 1534 2409; x_wconf 84' lang='lat' dir='ltr'><strong>exhibet</strong></span> <span class='ocrx_word' id='word_1_338' title='bbox 1560 2371 1636 2408; x_wconf 79' lang='grc' dir='ltr'><strong>τοῦ</strong></span> 
     </span>
     <span class='ocr_line' id='line_1_40' title="bbox 162 2421 1634 2477; baseline -0.004 -9"><span class='ocrx_word' id='word_1_339' title='bbox 162 2428 301 2476; x_wconf 77' lang='grc' dir='ltr'><strong><em>δεξιοῦ</em></strong></span> <span class='ocrx_word' id='word_1_340' title='bbox 316 2425 384 2467; x_wconf 80' lang='grc' dir='ltr'><strong>καὶ</strong></span> <span class='ocrx_word' id='word_1_341' title='bbox 403 2429 478 2467; x_wconf 86' lang='grc' dir='ltr'><strong>τοῦ</strong></span> <span class='ocrx_word' id='word_1_342' title='bbox 499 2421 713 2477; x_wconf 72' lang='grc' dir='ltr'><strong><em>εὐωνύμου</em></strong></span> <span class='ocrx_word' id='word_1_343' title='bbox 733 2428 877 2477; x_wconf 80' lang='grc' dir='ltr'><strong><em>χοροῦ,</em></strong></span> <span class='ocrx_word' id='word_1_344' title='bbox 908 2427 1154 2476; x_wconf 81' lang='lat' dir='ltr'><strong>primarium</strong></span> <span class='ocrx_word' id='word_1_345' title='bbox 1180 2427 1348 2466; x_wconf 85' lang='lat' dir='ltr'><strong>videlicet</strong></span> <span class='ocrx_word' id='word_1_346' title='bbox 1375 2427 1503 2464; x_wconf 82' lang='lat' dir='ltr'><strong>dextri</strong></span> <span class='ocrx_word' id='word_1_347' title='bbox 1533 2427 1634 2463; x_wconf 75' lang='lat' dir='ltr'><strong>sini-</strong></span> 
     </span>
     <span class='ocr_line' id='line_1_41' title="bbox 160 2482 1634 2536; baseline 0.001 -15"><span class='ocrx_word' id='word_1_348' title='bbox 160 2486 310 2536; x_wconf 80' lang='lat' dir='ltr'><strong>strique</strong></span> <span class='ocrx_word' id='word_1_349' title='bbox 335 2483 447 2521; x_wconf 77' lang='lat' dir='ltr'><strong>chori</strong></span> <span class='ocrx_word' id='word_1_350' title='bbox 469 2491 686 2528; x_wconf 83' lang='lat' dir='ltr'><strong>cantorem,</strong></span> <span class='ocrx_word' id='word_1_351' title='bbox 716 2484 847 2533; x_wconf 84' lang='lat' dir='ltr'><strong>quibus</strong></span> <span class='ocrx_word' id='word_1_352' title='bbox 871 2484 963 2521; x_wconf 88' lang='lat' dir='ltr'><strong>alius</strong></span> <span class='ocrx_word' id='word_1_353' title='bbox 986 2486 1065 2524; x_wconf 78' lang='grc' dir='ltr'><strong>τῶν</strong></span> <span class='ocrx_word' id='word_1_354' title='bbox 1084 2486 1252 2534; x_wconf 75' lang='grc' dir='ltr'><strong><em>ψαλτῶν</em></strong></span> <span class='ocrx_word' id='word_1_355' title='bbox 1271 2482 1499 2536; x_wconf 81' lang='grc' dir='ltr'><strong><em>δομὲστικος</em></strong></span> <span class='ocrx_word' id='word_1_356' title='bbox 1517 2497 1634 2536; x_wconf 84' lang='lat' dir='ltr'><strong>prae-</strong></span> 
     </span>
     <span class='ocr_line' id='line_1_42' title="bbox 160 2536 1357 2594; baseline 0.001 -14"><span class='ocrx_word' id='word_1_357' title='bbox 160 2543 331 2594; x_wconf 87' lang='lat' dir='ltr'><strong>ponitur,</strong></span> <span class='ocrx_word' id='word_1_358' title='bbox 359 2542 527 2580; x_wconf 84' lang='lat' dir='ltr'><strong>omnibus</strong></span> <span class='ocrx_word' id='word_1_359' title='bbox 547 2536 852 2594; x_wconf 79' lang='grc' dir='ltr'><strong>πρωτοψοὲλτης.</strong></span> <span class='ocrx_word' id='word_1_360' title='bbox 882 2540 1159 2591; x_wconf 88' lang='lat' dir='ltr'><strong>Euchologium.</strong></span> <span class='ocrx_word' id='word_1_361' title='bbox 1218 2542 1357 2581; x_wconf 75' lang='lat' dir='ltr'><strong>GoAfl.</strong></span> 
     </span>
    </p>

    <p class='ocr_par' dir='ltr' id='par_1_10' title="bbox 159 2596 1634 2823">
     <span class='ocr_line' id='line_1_43' title="bbox 275 2596 1634 2650; baseline -0.003 -10"><span class='ocrx_word' id='word_1_362' title='bbox 275 2603 302 2640; x_wconf 84' lang='lat' dir='ltr'><strong>t.</strong></span> <span class='ocrx_word' id='word_1_363' title='bbox 324 2599 359 2637; x_wconf 85' lang='grc' dir='ltr'><strong>ΙΙ</strong></span> <span class='ocrx_word' id='word_1_364' title='bbox 387 2612 426 2650; x_wconf 87' lang='lat' dir='ltr'><strong>p.</strong></span> <span class='ocrx_word' id='word_1_365' title='bbox 446 2597 529 2639; x_wconf 82' lang='lat'><strong>335</strong></span> <span class='ocrx_word' id='word_1_366' title='bbox 553 2611 588 2636; x_wconf 80' lang='lat' dir='ltr'><strong>v·</strong></span> <span class='ocrx_word' id='word_1_367' title='bbox 613 2599 652 2639; x_wconf 87' lang='lat'><strong>5.</strong></span> <span class='ocrx_word' id='word_1_368' title='bbox 709 2599 790 2637; x_wconf 77' lang='grc' dir='ltr'><strong>τῶν</strong></span> <span class='ocrx_word' id='word_1_369' title='bbox 815 2596 1010 2649; x_wconf 78' lang='grc' dir='ltr'><strong><em>ἑσπερίων</em></strong></span> <span class='ocrx_word' id='word_1_370' title='bbox 1027 2596 1255 2650; x_wconf 86' lang='grc' dir='ltr'><strong><em>Ῥωμαίων]</em></strong></span> <span class='ocrx_word' id='word_1_371' title='bbox 1286 2597 1444 2645; x_wconf 82' lang='lat' dir='ltr'><strong>Graeci,</strong></span> <span class='ocrx_word' id='word_1_372' title='bbox 1474 2596 1634 2636; x_wconf 83' lang='lat' dir='ltr'><strong>Romani</strong></span> 
     </span>
     <span class='ocr_line' id='line_1_44' title="bbox 160 2654 1631 2708; baseline -0.001 -15"><span class='ocrx_word' id='word_1_373' title='bbox 160 2655 303 2708; x_wconf 87' lang='lat' dir='ltr'><strong>imperii</strong></span> <span class='ocrx_word' id='word_1_374' title='bbox 319 2668 567 2704; x_wconf 71' lang='lat' dir='ltr'><strong>successoreS,</strong></span> <span class='ocrx_word' id='word_1_375' title='bbox 594 2654 811 2706; x_wconf 82' lang='grc' dir='ltr'><strong><em>Ῥωμαίους</em></strong></span> <span class='ocrx_word' id='word_1_376' title='bbox 828 2655 1035 2692; x_wconf 73' lang='lat' dir='ltr'><strong>Romanos</strong></span> <span class='ocrx_word' id='word_1_377' title='bbox 1051 2669 1092 2695; x_wconf 87' lang='lat' dir='ltr'><strong>se</strong></span> <span class='ocrx_word' id='word_1_378' title='bbox 1108 2669 1225 2706; x_wconf 88' lang='lat' dir='ltr'><strong>usque</strong></span> <span class='ocrx_word' id='word_1_379' title='bbox 1244 2656 1282 2694; x_wconf 90' lang='lat' dir='ltr'><strong>in</strong></span> <span class='ocrx_word' id='word_1_380' title='bbox 1301 2655 1514 2693; x_wconf 87' lang='lat' dir='ltr'><strong>hodiernum</strong></span> <span class='ocrx_word' id='word_1_381' title='bbox 1532 2655 1631 2692; x_wconf 89' lang='lat' dir='ltr'><strong>diem</strong></span> 
     </span>
     <span class='ocr_line' id='line_1_45' title="bbox 159 2711 1631 2763; baseline -0.002 -12"><span class='ocrx_word' id='word_1_382' title='bbox 159 2713 431 2751; x_wconf 86' lang='lat' dir='ltr'><strong>iactitaverunt.</strong></span> <span class='ocrx_word' id='word_1_383' title='bbox 488 2725 594 2751; x_wconf 82' lang='lat' dir='ltr'><strong>veros</strong></span> <span class='ocrx_word' id='word_1_384' title='bbox 615 2717 736 2751; x_wconf 88' lang='lat' dir='ltr'><strong>autem</strong></span> <span class='ocrx_word' id='word_1_385' title='bbox 758 2712 984 2758; x_wconf 73' lang='lat' dir='ltr'><strong>Romanos,</strong></span> <span class='ocrx_word' id='word_1_386' title='bbox 1012 2713 1053 2751; x_wconf 91' lang='lat' dir='ltr'><strong>id</strong></span> <span class='ocrx_word' id='word_1_387' title='bbox 1073 2716 1131 2752; x_wconf 83' lang='lat' dir='ltr'><strong>est</strong></span> <span class='ocrx_word' id='word_1_388' title='bbox 1148 2711 1324 2763; x_wconf 87' lang='lat' dir='ltr'><strong>Latinos,</strong></span> <span class='ocrx_word' id='word_1_389' title='bbox 1354 2712 1516 2751; x_wconf 85' lang='lat' dir='ltr'><strong>Cedreui</strong></span> <span class='ocrx_word' id='word_1_390' title='bbox 1541 2724 1631 2749; x_wconf 89' lang='lat' dir='ltr'><strong>voce</strong></span> 
     </span>
     <span class='ocr_line' id='line_1_46' title="bbox 161 2767 1018 2823; baseline -0.004 -14"><span class='ocrx_word' id='word_1_391' title='bbox 161 2767 370 2823; x_wconf 76' lang='grc' dir='ltr'><strong><em>ἑσπερίους</em></strong></span> <span class='ocrx_word' id='word_1_392' title='bbox 385 2767 600 2821; x_wconf 84' lang='grc' dir='ltr'><strong><em>Ῥωμαίους</em></strong></span> <span class='ocrx_word' id='word_1_393' title='bbox 622 2769 821 2821; x_wconf 86' lang='lat' dir='ltr'><strong>appellant.</strong></span> <span class='ocrx_word' id='word_1_394' title='bbox 879 2770 1018 2810; x_wconf 75' lang='lat' dir='ltr'><strong>GOAR.</strong></span> 
     </span>
    </p>

    <p class='ocr_par' dir='ltr' id='par_1_11' title="bbox 273 2825 1631 2878">
     <span class='ocr_line' id='line_1_47' title="bbox 273 2825 1631 2878; baseline 0.004 -15"><span class='ocrx_word' id='word_1_395' title='bbox 273 2825 328 2864; x_wconf 82' lang='lat' dir='ltr'><strong>ib.</strong></span> <span class='ocrx_word' id='word_1_396' title='bbox 356 2839 392 2866; x_wconf 83' lang='lat' dir='ltr'><strong>v.</strong></span> <span class='ocrx_word' id='word_1_397' title='bbox 421 2827 461 2869; x_wconf 90' lang='grc'><strong>6.</strong></span> <span class='ocrx_word' id='word_1_398' title='bbox 519 2826 691 2864; x_wconf 72' lang='lat' dir='ltr'><strong>Ioannes</strong></span> <span class='ocrx_word' id='word_1_399' title='bbox 719 2826 904 2864; x_wconf 80' lang='lat' dir='ltr'><strong>Alberici</strong></span> <span class='ocrx_word' id='word_1_400' title='bbox 923 2825 1070 2877; x_wconf 77' lang='lat' dir='ltr'><strong>filius]</strong></span> <span class='ocrx_word' id='word_1_401' title='bbox 1101 2826 1132 2865; x_wconf 87' lang='lat' dir='ltr'><strong>is</strong></span> <span class='ocrx_word' id='word_1_402' title='bbox 1164 2829 1224 2867; x_wconf 86' lang='lat' dir='ltr'><strong>est</strong></span> <span class='ocrx_word' id='word_1_403' title='bbox 1252 2826 1412 2866; x_wconf 86' lang='lat' dir='ltr'><strong>Ioannes</strong></span> <span class='ocrx_word' id='word_1_404' title='bbox 1441 2826 1493 2867; x_wconf 82' lang='grc'><strong>12</strong></span> <span class='ocrx_word' id='word_1_405' title='bbox 1518 2836 1631 2878; x_wconf 67' lang='lat' dir='ltr'><strong>papa,</strong></span> 
     </span>
    </p>
   </div>
  </div>
 </body>
</html>
