1916 3210
314 170 414 218 784
743 167 1039 213 XYLANDRI
1067 168 1141 211 ET
1171 167 1348 213 GOARI

313 280 414 334 apud
431 279 677 318 Sozomennm
694 275 896 331 μαρκέλλῳ
913 276 1067 327 legitur,
1097 276 1124 319 5
1151 278 1200 317 2·
1228 274 1324 317 sed
1312 289 1351 317 ιιι
1369 289 1415 318 eo
1434 278 1612 332 scriptore
1624 278 1777 320 nemim

313 337 463 390 propria
478 336 599 373 vitiari
617 348 692 373 non
710 349 748 374 es
736 340 766 373 t
784 347 932 373 novum.
989 332 1095 372 Χῑι.

424 405 464 443 Ρ
480 390 562 431 522
585 404 618 430 v.
638 392 703 432 12
761 385 843 432 ami
876 384 1084 442 ὀμμάτων]
1123 400 1198 428 non
1223 389 1272 430 ab
1297 389 1431 440 oeulis,
1467 397 1624 442 quorum
1648 391 1777 433 lumen

313 450 533 489 exstinctum
556 452 648 496 erat,
674 447 927 516 innotescebat
945 445 1139 495 Didymus,
1171 446 1239 484 sed
1255 447 1356 497 quod
1375 459 1400 486 a
1420 447 1581 488 videndo
1599 449 1778 488 mis-

311 510 389 553 set3
418 516 463 543 ea
487 503 615 554 phrasi
642 517 717 554 qna
744 499 827 544 ’ἄπο
854 499 1044 550 viriumr,
1072 505 1111 542 et
1139 496 1219 544 ἄπο
1244 501 1507 558 γραμματέων
1531 502 1718 543 excom
1736 507 1778 545 et

311 556 492 599 exse-riba
513 565 754 612 nuncupatur.
812 560 952 598 GoAn.

423 629 462 668 p.
480 613 563 657 524
583 628 620 657 v.
639 617 705 657 19.
761 615 939 653 insulam
966 612 1271 666 Thalamonem]
1301 615 1402 668 apud
1420 614 1667 656 Sozomenum
1681 614 1797 667 legi-¹

313 677 374 711 tur
402 666 600 724 φλαβωνα
626 675 774 725 νῆσον,
802 671 830 715 4
857 675 898 714 7.
955 672 1057 724 apud
1076 671 1172 710 hunc
1191 675 1231 710 et
1250 669 1392 722 reliqua
1411 672 1528 712 fusius
1550 676 1779 715 enarrantur.

311 728 548 767 Marcellinus
575 729 722 769 Gallum
747 729 980 768 interfectum
1009 728 1111 782 apud
1132 727 1261 767 Polam
1279 727 1443 768 Histriae
1459 729 1513 768 nit
1530 740 1650 782 prope
1666 728 1780 769 finem

313 785 339 824 l.
360 784 424 826 14.
482 784 587 824 Xn.

426 854 464 894 p-
484 840 566 883 525
585 853 620 879 v.
636 842 706 883 20.
763 839 963 893 quidquid
989 840 1034 877 in
1064 838 1264 891 Macello]
1305 839 1344 879 in
1380 839 1545 892 margine
1573 837 1632 890 εἷς
1660 836 1708 882 6}
1732 836 1780 882 τᾶ

317 893 505 950 ἐχόμενον
545 899 620 938 τοῦ
660 892 929 938 ἆποστολικοῦ
969 895 1112 967 ῥητοῦ
1124 896 1163 938 τί
1192 895 1346 948 ἔμελλες
1379 896 1532 946 εἰπεῖν,
1573 891 1781 949 σοφώτατε

318 950 521 1022 Κεδρηνές
562 952 665 1007 λέγει
696 951 772 1008 γαρ
803 949 1060 1021 παρακατιων
1087 950 1112 995 o‘
1132 950 1258 1023 μέγας
1277 955 1479 1023 110213209„
1466 951 1528 995 “el
1544 952 1589 994 δέ
1604 968 1666 1003 τις
1681 950 1782 1007 ὖμῑν

320 1010 412 1067 εἴπῃ
434 1006 495 1051 ότι
513 1012 631 1051 τοῦτο
651 1005 925 1052 εἰδωλόθυτόν
945 1009 1023 1050 ἐστι
1035 1037 1049 1059 ,
1087 1026 1141 1062 μη
1163 1006 1295 1062 ἃψητε
1314 1024 1454 1051 αυτου.
1454 1004 1481 1027 ”’
1531 1022 1667 1062 magna
1690 1022 1782 1063 pro-

316 1069 413 1106 fecto
445 1067 635 1118 quaestio,
664 1071 704 1107 et
731 1066 886 1107 multum
915 1067 1055 1106 habens
1081 1065 1317 1106 difficultatis.
1372 1067 1458 1107 vide
1477 1064 1634 1119 August.
1654 1065 1781 1121 Popli-

317 1124 420 1164 colae
437 1123 544 1175 epist.
569 1121 658 1166 154
712 1124 819 1163 Χῑι..

429 1193 468 1232 Ρ.
487 1179 572 1222 526
589 1193 624 1219 v,
639 1181 681 1222 7.
740 1177 866 1233 ἄμας]
901 1180 1002 1219 unde
1027 1190 1152 1217 vocem
1177 1177 1272 1218 hanc
1295 1178 1443 1218 verterit
1470 1190 1613 1228 umas,
1641 1178 1781 1219 edisse-

315 1239 397 1284 rat,
426 1236 456 1273 si
482 1240 628 1288 potest,
656 1237 854 1289 interpres.
882 1235 1035 1275 Graecis
1058 1233 1219 1273 batillos
1240 1239 1368 1285 sonat,
1394 1234 1444 1274 ad
1463 1235 1686 1286 egerendum
1705 1239 1782 1276 ter-

317 1305 394 1330 ram
416 1292 676 1332 instrumenta:
705 1294 799 1332 sicut
821 1288 1044 1341 σκαποὶναι,
1069 1292 1119 1330 ad
1137 1291 1397 1331 effodiendam.
1453 1291 1591 1331 GoAn.

429 1347 484 1385 ib·
505 1362 542 1390 v.
564 1348 632 1391 24.
690 1346 855 1401 δόκιμος
882 1361 963 1387 cum
995 1349 1043 1387 de
1071 1347 1258 1386 monachis
1287 1347 1435 1397 dicitur,
1462 1359 1539 1387 non
1564 1348 1597 1387 is
1628 1350 1688 1388 est
1715 1348 1780 1400 qui

316 1405 389 1444 iam
410 1405 567 1443 ascetica
587 1405 663 1443 vita
680 1407 855 1457 probatus
873 1406 1066 1444 virtutibus
1083 1403 1236 1454 effulget
1255 1408 1471 1455 provectus,
1497 1404 1594 1444 sed
1584 1417 1614 1443 is
1632 1405 1782 1457 proprie

316 1463 417 1499 cuius
446 1462 541 1500 vires
569 1463 798 1513 propositum
818 1463 959 1500 animus
978 1462 1182 1514 probantur
1201 1464 1240 1498 et
1258 1460 1309 1498 ad
1329 1461 1500 1499 virtutem
1518 1461 1781 1500 informantur:

315 1531 392 1556 uno
416 1518 548 1566 verbo,
577 1530 653 1555 non
682 1517 900 1555 monachus
922 1516 1161 1568 praeclaras
1187 1517 1289 1554 iuxta
1313 1517 1561 1567 Xylandmm,
1586 1517 1655 1557 sed
1680 1517 1781 1556 iuxta

317 1575 445 1612 tritum
467 1574 506 1611 in
526 1576 756 1613 monasteriis
775 1575 949 1625 loquendi
967 1586 1073 1612 usum
1091 1573 1265 1610 novitius
1282 1577 1350 1612 est.
1408 1573 1547 1611 GoAR.

432 1642 470 1682 p.
489 1629 572 1670 529
593 1643 628 1668 v.
650 1630 715 1671 10.
773 1626 1001 1685 ω’μοφόρῳ]
1031 1628 1234 1667 humerale
1252 1629 1302 1666 ad
1319 1629 1471 1668 verbum
1488 1628 1651 1668 reddidit
1665 1628 1781 1668 inter-

318 1698 427 1738 pres.
459 1690 500 1723 tn
520 1686 704 1737 fasciam
730 1685 878 1725 honoris
905 1689 1045 1736 gratia,
1072 1685 1282 1738 pontificum
1309 1685 1479 1724 humeros
1498 1686 1720 1725 ambientem
1741 1688 1782 1724 et

321 1742 491 1782 extremis
519 1747 607 1781 ante
631 1746 806 1793 retroque
833 1742 1048 1795 pendulam,
1079 1754 1101 1779 a
1118 1740 1259 1780 Latinis
1270 1741 1467 1791 pallium,
1492 1742 1783 1793 archiepiscopo·

318 1811 400 1836 rum
430 1798 596 1850 insigne,
622 1799 779 1850 dictam,
806 1799 1000 1849 intelliges.
1058 1797 1239 1850 ἐπωμίδα
1259 1802 1368 1837 vocat
1390 1801 1518 1837 auctor
1539 1798 1782 1850 frequentius.

322 1855 462 1894 GoAn.

432 1924 471 1962 Ρ.
500 1909 585 1950 530
613 1922 648 1948 v.
679 1911 744 1952 10.
800 1906 845 1951 τὸ
873 1909 1000 1965 φρέαρ
1025 1911 1100 1951 τοῦ
1125 1908 1343 1976 μαρτυρίου
1371 1916 1541 1960 puteum
1574 1909 1785 1947 testimonii

319 1967 535 2006 vertendum
563 1967 702 2005 censuit
727 1968 929 2019 interpreS,
958 1980 1123 2006 erronee.
1180 1962 1399 2018 μαρτύριον
1427 1968 1524 2006 enim
1547 1966 1699 2005 ecclesia
1723 1969 1782 2004 est

321 2023 472 2072 martyri
501 2023 643 2070 dicata,
671 2027 713 2060 ut
741 2023 851 2062 habet
876 2025 1159 2074 Chrysostomus
1185 2023 1280 2061 hom.
1300 2023 1354 2063 31
1379 2027 1467 2064 tom.
1487 2023 1535 2071 5,
1566 2023 1689 2061 statim
1711 2022 1781 2060 sub

322 2075 437 2119 initio.
493 2079 553 2117 hic
581 2092 728 2130 quoque
758 2081 806 2119 de
832 2078 952 2118 Aeacii
975 2081 1143 2131 martyris
1166 2078 1305 2144 templo
1329 2083 1457 2131 aperta
1481 2079 1524 2118 fit
1547 2079 1710 2127 mentio;
1737 2090 1781 2117 ac

323 2137 475 2186 insuper
503 2136 542 2174 in
572 2135 763 2175 Marciano
788 2137 902 2176 aedes
928 2136 1150 2189 Euphemiae
1177 2130 1396 2189 μαρτύριον
1423 2135 1587 2176 scribitur
1613 2148 1655 2188 Ρ.
1682 2136 1778 2176 303.

323 2192 464 2231 Gom.

437 2223 492 2284 ἱό.
525 2259 560 2286 v.
590 2248 660 2289 23.
717 2245 761 2289 τὸ
796 2244 950 2302 μύρον]
993 2261 1152 2287 sacrum
1188 2246 1362 2286 chrisma
1395 2244 1566 2296 intelligit
1597 2247 1781 2298 ungendis

325 2304 510 2356 baptismo
528 2305 676 2342 initiatis
694 2306 896 2344 institutum
908 2334 919 2356 ‚
946 2306 1046 2345 cuius
1066 2306 1392 2354 consecrationem,
1422 2303 1470 2343 de
1486 2315 1559 2354 qua
1576 2303 1635 2343 hie
1648 2316 1779 2351 sermo,

324 2361 484 2400 continet
502 2360 774 2412 Euchologium.
831 2363 969 2400 GoAn.

435 2430 474 2482 Ρ..
493 2417 572 2458 531
594 2430 630 2455 v·
649 2420 686 2458 1.
740 2418 1003 2469 θεοφανὶοις]
1032 2417 1250 2470 baptismum
1265 2429 1340 2456 non
1357 2429 1459 2456 secus
1476 2416 1515 2455 iu
1530 2414 1780 2467 Tbeophaniis

322 2485 431 2523 quam
458 2474 497 2512 in
522 2473 698 2524 paschate
723 2487 767 2514 ac
791 2479 1005 2526 pentecoste
1030 2475 1238 2514 solemniter
1260 2474 1444 2525 quondam
1465 2472 1600 2511 Graeci
1617 2472 1782 2510 consere-

322 2530 429 2569 bant.
487 2529 563 2567 eius
592 2542 747 2579 aquam,
775 2532 892 2570 veteri
919 2523 1021 2571 more
1048 2535 1214 2580 retento,
1243 2531 1441 2569 etiamnum
1462 2528 1572 2567 hodie
1593 2528 1678 2567 festi
1696 2539 1782 2579 per-

322 2585 447 2633 vigilio
468 2590 703 2638 consecrant,
732 2588 915 2639 morisque
933 2588 1196 2627 institutionem
1216 2586 1328 2626 Petro
1347 2585 1492 2624 Fulloni
1509 2584 1703 2624 Cedrenus
1722 2596 1782 2623 as-

326 2641 459 2690 signat.
517 2641 657 2682 GOAn.

439 2695 493 2732 ib
515 2709 549 2735 v.
568 2699 606 2737 3.
661 2700 712 2751 τῇ
732 2696 882 2754 μεγάλῃ
901 2698 1155 2755 παρασκευῇ]
1187 2700 1230 2736 in
1253 2698 1397 2750 vigilia
1421 2708 1590 2749 magna,
1616 2695 1782 2748 reposuit

328 2752 525 2790 dormitans
550 2753 756 2804 Xylander‚
793 2756 855 2794 ubi
878 2770 1071 2808 magnam
1088 2769 1374 2807 Ραναεσειιεηι,
1408 2753 1589 2807 passionis
1614 2753 1780 2792 nimirum

329 2807 576 2849 celebritatem
599 2822 674 2851 non
695 2811 887 2852 difficulter
906 2814 1063 2854 scribere
1079 2814 1275 2865 potuisset.
1333 2809 1470 2852 Gon.
