1916 3210
339 150 435 199 614
809 148 1044 194 GEORGII
1071 143 1315 202 GEDRENI

339 263 428 308 κατ’
454 250 599 314 αὐτῶν,
633 260 735 304 κατὰ
751 260 895 318 μικρὸν
913 258 1175 317 ὑπορρέοντες
1193 257 1523 317 ἐσκεδάσθησαν,
1556 263 1623 306 καὶ
1642 260 1781 306 λοιπὸν

340 333 486 388 ἕρημος
505 329 663 372 πάντων
681 330 966 386 καταλειφθεὶς
985 327 1114 383 ἱκέτης
1129 328 1295 380 ἐλεεινὸς
1312 329 1415 383 μετὰ
1430 334 1504 372 τοῦ
1522 329 1666 381 παιδὸς
1679 329 1783 386 πρὸς

339 401 411 452 τὴν
433 398 642 452 ἐκκλησίαν
663 398 840 448 καθίζει·
883 395 929 438 ὃν
951 396 1076 446 εὐθὺς
1101 397 1402 447 ἀποστείλαντες
1421 395 1605 452 ἐξάγουσι
1624 401 1698 454 τῆς
1715 398 1782 441 ἔκ-

341 467 507 520 κλησίας
531 466 598 507 καὶ
624 465 864 521 ἓξορίζουσιν
882 465 923 507 ἓν
940 462 1163 522 Περγάμῳ.
1229 464 1276 508 τὸ
1302 467 1327 507 ὃ
1334 464 1347 481 ²
1369 465 1468 508 αὐτὸ
1495 468 1615 508 τοῦτο
1638 467 1706 509 καὶ
1729 467 1785 516 εἰς

341 534 435 583 τοὺς
471 533 789 589 ε’μφανεστὲρους
823 535 903 574 τῶν
942 532 1052 590 αὗτῷ
1085 533 1424 587 συναπαχθέντων
1450 533 1652 588 ἐποίησαν.
1716 534 1817 577 nal-'n

342 602 388 643 τὸ
417 599 496 643 ἀπὸ
522 597 666 643 τούτου
705 598 726 643 ὅ
762 599 936 655 Μιχαὴλ
974 599 1341 659 ἀναμφισβητήτως
1373 598 1633 659 ἀνηγορεύετο
1666 599 1805 658 adro-⁴

343 666 520 726 κράτωρ.
1727 680 1729 683 ’

476 733 742 792 Παραλαβὼν
774 735 819 777 δὲ
845 734 919 786 τὰς
946 732 1062 787 ἡνίας
1089 739 1163 790 τῆς
1192 730 1399 789 βασιλείας
1424 732 1579 787 πάντας
1602 734 1676 790 μὲν
1695 734 1792 787 τοῦς

345 801 522 859 λογάδας
560 807 634 858 τῆς
673 801 895 858 συγκλήτου
936 804 992 853 εἷς
1019 803 1212 858 βαθμοὺς
1246 801 1485 858 ἀξιωμάτων
1514 801 1792 862 ὑψηλοτέρους

346 869 537 927 ἀνήγαγε,
571 872 638 913 καὶ
660 870 730 917 τὸν
742 872 878 927 ,δῆμον
894 868 1153 926 ὑποσχέσεσιν
1171 869 1393 914 ὑπεποιεῖτο
1420 875 1579 914 πολλῶν
1596 872 1787 927 ἀγαθῶν·
1802 876 1846 914 10

296 950 327 985 c
350 937 404 990 ὥς
425 938 480 982 ὢν
498 939 543 981 δὲ
561 937 688 995 κάρτα
715 939 841 996 γέρων
860 940 927 981 καὶ
951 943 1108 981 πολλῶν
1124 940 1373 994 μεμνημένος
1394 940 1584 996 ἀρχαίων,
1620 938 1791 993 ἐπεβάλ-

347 1011 434 1049 λετο
453 1006 662 1049 καὶπολλὰ
674 1011 754 1048 τῶν
774 1010 955 1050 παλαιῶν
974 1006 1229 1061 σχολάσαντα
1244 1008 1399 1061 ε’θίμων
1418 1004 1790 1062 ε’πανακτήσασθαι,

346 1075 471 1130 μηδὲν
500 1075 602 1131 πρὸς
629 1074 871 1117 λυσιτέλειαν
902 1079 1166 1118 συντελοῦντα
1187 1079 1259 1130 τῆς
1280 1076 1487 1129 βασιλείας
1506 1074 1533 1131 ἢ
1553 1080 1626 1118 τοῦ
1642 1079 1792 1119 κοινοῦ.

347 1141 393 1187 τό
413 1159 454 1185 τε
483 1142 561 1199 γὰρ
581 1140 790 1198 λεγόμενον
812 1141 1050 1199 στρατήγιον
1072 1143 1426 1198 ἀνακαθαίρεσθαι
1451 1134 1648 1195 ἐκέλευσε,
1690 1144 1794 1200 πρὸς

350 1209 447 1267 ὅπερ
476 1209 801 1261 ἀποσκώπτοντες
824 1211 862 1252 οἳ
890 1215 1048 1253 πολῖται
1069 1211 1245 1268 ἔφασκον
1263 1210 1318 1261 ὥς
1337 1211 1406 1253 τὸν
1425 1213 1567 1254 οἰκεῖον
1587 1209 1793 1270 ἀστράγα-
1805 1215 1850 1253 15

350 1282 420 1320 λον
444 1278 660 1333 ἀναζητῶν,
690 1276 735 1321 ὃν
761 1279 882 1322 ἐκεῖσε
911 1280 1060 1331 παίζων
1089 1278 1305 1330 ἀπώλεσεν,
1339 1279 1572 1335 ἐκκαθαίρει
1593 1279 1664 1322 τὸν
1677 1283 1794 1335 χοῦν,

350 1348 417 1388 καὶ
435 1346 509 1396 τὰς
527 1351 606 1389 τῶν
627 1349 797 1389 πολιτῶν
817 1347 997 1404 κεφαλὰς
1018 1348 1236 1390 σκέπτεσθαι
1256 1347 1314 1402 μὴ
1337 1346 1392 1389 δι’
1418 1346 1706 1404 ἀγραμμάτων,
1741 1346 1797 1399 ὧς

349 1417 434 1464 νῦν,
463 1414 566 1456 ἀλλὰ
584 1414 652 1456 διὰ
668 1413 1017 1472 μεγαλογράμμων
1038 1415 1213 1458 ὀθονίων
1233 1417 1274 1457 ἐκ
1296 1419 1452 1468 βυσσοῦ
1474 1420 1687 1473 πορφυρᾶς
1706 1417 1796 1467 ἔξυ-

353 1482 591 1537 φασμένων·
626 1484 692 1524 καὶ
719 1484 936 1537 δημοσίους
965 1480 1206 1539 φροντιστὰς
1226 1483 1273 1525 οὐ
1295 1483 1578 1539 συγκλητικοὺς
1596 1483 1797 1540 προεβάλ-

354 1552 465 1601 λετο,
503 1548 606 1591 ἀλλά
633 1567 744 1600 τινας
773 1555 852 1593 τῶν
874 1551 915 1593 ἓν
933 1548 1086 1608 ἑκάστῳ
1110 1551 1254 1608 ἀρχείῳ
1278 1551 1573 1605 ἒναυξηθὲντων
1592 1550 1853 1608 ταχυγρά-Ξο

302 1625 335 1660 D
360 1634 461 1673 φων.
527 1619 593 1659 καὶ
616 1616 719 1660 ἄλλα
739 1618 868 1660 πολλὰ
888 1622 1077 1669 τοιαῦτα,
1112 1613 1168 1661 ὧν
1188 1619 1234 1661 τὸ
1257 1618 1360 1660 καθ’
1386 1619 1551 1662 ἕκαστον
1570 1620 1799 1675 καταλέγειν

353 1683 535 1739 θελήσας
560 1685 788 1743 προσκορὴς
814 1685 1030 1741 γενήσομαι
1054 1693 1138 1737 τοῖς
1158 1686 1385 1742 ἀκροαταῖς.
1451 1687 1533 1729 ἐπεὶ
1554 1688 1599 1730 δὲ
1619 1685 1641 1730 ὅ
1660 1687 1801 1745 καιρὸς

355 1753 498 1808 ἐπέστη
515 1757 587 1808 τῆς
600 1757 813 1808 βασιλικῆς
831 1755 1060 1811 φιλοτιμίας
1067 1785 1081 1807 ,
1132 1754 1184 1809 ἢν
1202 1756 1399 1809 διανέμειν
1421 1755 1587 1810 ἑτησίως
1607 1755 1711 1799 κατὰ
1730 1756 1800 1799 τὸν

450 1870 494 1904 16
516 1869 609 1904 νοῦν
629 1869 662 1905 C
735 1871 782 1906 22
802 1875 883 1916 post
905 1866 1108 1914 α’κροαταῖς
1130 1872 1179 1906 C=
1205 1870 1267 1906 καὶ
1291 1870 1487 1907 διετέλεσεν
1511 1867 1631 1912 οὕτως
1653 1869 1801 1916 ἀφελῶς

447 1915 512 1950 καὶ
527 1913 686 1959 ἀτέχνως
702 1914 846 1951 ὐθῦνων
860 1914 908 1951 τὰ
926 1917 1092 1962 σκῆπτρα
1106 1916 1169 1953 καὶ
1182 1917 1369 1964 κυβερνῶν
1437 1918 1481 1953 ΞΒ
1497 1917 1684 1964 βασιλικῆς
1700 1930 1754 1954 om
1770 1919 1801 1954 C

357 2015 469 2050 mitati
492 2016 648 2062 fuerant,
683 2016 821 2053 missum
846 2022 965 2054 contra
987 2017 1034 2052 iri
1056 2019 1243 2054 exercitum
1266 2018 1465 2062 audientes,
1490 2018 1653 2064 paulatim
1676 2018 1804 2065 dilapsi

356 2067 449 2096 sunt.
494 2063 632 2097 tandem
663 2064 707 2098 ab
741 2064 898 2099 omnibus
922 2066 1100 2110 desertus,
1130 2065 1333 2099 miserabilis
1367 2064 1512 2110 supplex
1546 2076 1621 2099 cum
1651 2064 1724 2099 filio
1758 2065 1803 2100 ad

356 2107 518 2152 templum
551 2108 729 2152 consedit,
763 2109 947 2155 statimque
979 2122 1023 2144 ex
1053 2122 1096 2145 eo
1128 2111 1291 2156 abreptus
1313 2110 1515 2154 Pergamum
1544 2109 1610 2145 soli
1642 2110 1804 2145 vertendi

359 2164 462 2187 causa
487 2159 625 2188 coactus
649 2158 702 2188 est
721 2154 789 2190 ire.
835 2156 954 2190 eodem
975 2155 1075 2191 modo
1097 2156 1211 2202 puniti
1229 2156 1332 2191 etiam
1349 2155 1622 2202 praestantiores
1647 2155 1719 2202 alii,
1742 2156 1804 2202 qui

359 2209 400 2233 se
417 2198 750 2243 ipsiadiunxerant.

451 2245 674 2280 Stratioticus
705 2246 842 2281 nemine
874 2250 1089 2292 repugnante
1117 2245 1185 2281 iam
1205 2245 1351 2294 imperio
1373 2245 1505 2292 potitus
1528 2246 1680 2284 delectos
1702 2258 1808 2282 sena-

360 2292 454 2324 tores
477 2301 645 2336 quemque
669 2292 712 2326 ad
736 2293 899 2327 maiorem
922 2293 1118 2327 extollendo
1142 2293 1355 2338 dignitatem,
1378 2291 1538 2337 populum
1562 2292 1806 2328 beneficiorum

360 2335 668 2381 pollicitationibus
693 2337 875 2374 demeruit.
922 2350 997 2373 cum
1028 2344 1142 2374 autem
1174 2343 1267 2373 esset
1298 2337 1476 2372 admodum
1506 2350 1612 2373 senex
1634 2338 1736 2373 multa
1762 2349 1807 2373 ue

361 2381 504 2426 antiqua
526 2383 784 2427 recordaretur,
817 2384 938 2419 multas
971 2390 1122 2419 veterum
1153 2383 1435 2419 consuetudinum
1456 2383 1623 2419 reducere
1643 2383 1738 2418 inten
1765 2383 1807 2428 it,

363 2426 449 2460 nihil
469 2427 525 2461 vel
547 2427 691 2473 imperio
713 2429 770 2463 vel
793 2429 845 2463 rei
869 2428 1028 2475 publicae
1052 2431 1263 2475 profuturas.
1311 2439 1454 2474 quorum
1478 2429 1558 2473 fuit,
1589 2430 1682 2474 quod
1702 2441 1808 2474 prae-

362 2472 488 2506 torium
512 2474 695 2518 expurgari
717 2474 830 2520 iussit,
854 2476 945 2520 quod
967 2476 1094 2510 factum
1118 2476 1234 2510 iocose
1257 2476 1505 2509 subsannantes
1529 2475 1623 2509 cives
1645 2474 1809 2509 dicebant

364 2527 533 2560 quaerere
557 2531 633 2554 eum
651 2519 802 2554 taxillum
825 2532 921 2555 suum
943 2532 1044 2565 quem
1065 2521 1247 2567 aliquando
1269 2520 1388 2555 ludens
1407 2519 1460 2554 ibi
1477 2520 1689 2565 perdiderat,
1708 2520 1809 2554 ideo-

364 2572 432 2605 que
455 2575 618 2598 averrere
642 2565 837 2610 pulverem3
871 2567 964 2611 quod
986 2566 1111 2601 civium
1136 2567 1252 2612 capita
1275 2578 1343 2600 non
1372 2565 1503 2609 literis,
1532 2570 1571 2600 ut
1601 2577 1713 2611 nunc,
1744 2565 1808 2600 sed

366 2609 520 2651 byssinis
542 2609 662 2655 pileis,
699 2612 831 2656 magnis
861 2612 963 2646 lineis
995 2613 1180 2657 purpureis
1204 2611 1420 2654 intertextis,
1452 2611 1525 2656 tegi
1551 2611 1680 2653 voluit3
1714 2611 1807 2656 quod

367 2661 609 2697 procuratores
633 2657 789 2700 publicos
812 2669 880 2691 non
904 2669 946 2691 ex
969 2664 1092 2692 senatu
1114 2657 1263 2702 delegit,
1294 2657 1354 2691 sed
1375 2656 1466 2690 alios
1489 2656 1677 2691 scribarum
1700 2668 1720 2690 e
1742 2665 1808 2689 nu-

367 2710 460 2733 mero
483 2701 672 2744 velocium,
708 2701 744 2736 in
772 2702 916 2746 singulis
946 2703 1098 2738 archivis
1127 2704 1358 2737 educatorum.
1405 2713 1494 2747 quae
1515 2702 1547 2735 si
1570 2701 1684 2736 omnia
1704 2699 1806 2735 velim

367 2745 527 2786 recitare,
553 2746 746 2781 satietatem
770 2748 985 2783 auditoribus
1007 2749 1167 2784 attulero.
1215 2754 1394 2795 postquam
1416 2754 1551 2792 tempus
1573 2746 1721 2793 appetiit
1740 2745 1807 2779 im-

369 2791 565 2836 peratoriae
586 2791 803 2837 largitionis,
832 2805 932 2839 quam
956 2806 1120 2830 exercere
1141 2794 1177 2830 in
1200 2799 1357 2830 senatum
1377 2793 1604 2842 imperatores
1626 2789 1809 2842 quotannis
