1916 3210
313 193 344 240 6
349 191 413 240 86
699 192 923 239 IOANNIS
961 192 1357 239 CUROPALATAE

310 308 385 350 τοῦ
411 307 585 363 στρατοῦ
612 304 716 347 κατὰ
745 304 909 361 Συρίαν
925 303 1115 350 ἀπελθεῖν
1148 306 1386 363 διωρίσατο,
1418 307 1486 351 καὶ
1513 313 1656 353 τοῦτον
1681 308 1752 353 τὸν

309 371 457 431 τρόπον
476 376 548 426 τῆς
568 373 610 414 ἐκ
630 369 783 416 τούτων
804 371 940 427 ἰσχύος
960 373 1029 417 τὸν
1050 375 1274 432 στρατηγὸν
1297 374 1556 433 διεστέρησεν.
1623 378 1680 428 εἰς
1707 377 1755 420 δὲ

310 439 554 495 Σεβάστειαν
589 441 908 497 παραγενομένου
938 440 1039 496 μετὰ
1069 446 1148 486 τῶν
1175 440 1516 499 ὑπολελειμμένων
1546 436 1752 500 δυνάμεων

308 510 374 552 καὶ
395 509 482 565 περὶ
503 507 548 550 τὸ
568 506 669 551 ἄστυ
691 507 1126 565 στρατοπεδεύσαντος,
1159 510 1314 566 ἐπῆλθέ
1337 528 1398 563 τις
1424 511 1587 567 πληθὺς
1615 503 1753 570 Τουρ-

307 573 415 630 κική.
483 574 585 631 ἐξῄει
613 579 710 631 γοῦν
741 576 835 620 κατ’
865 577 998 620 αὐτῶν
1023 576 1046 620 ὅ
1075 576 1391 637 κουροπαλάτης.
1457 579 1684 637 φαντασίαν
1707 580 1785 624 δέ5

308 648 440 701 φυγῆς
460 643 769 700 παρεσχημένων
790 649 871 688 τῶν
891 647 1087 701 πολεμίων
1108 647 1151 689 ἐκ
1171 645 1454 702 συνθήματος,
1488 648 1572 691 ἐπεὶ
1594 648 1754 691 διασκε-
1802 655 1805 658 ’

310 711 528 762 δασθέντες
554 712 592 754 οἳ
614 710 804 767 Ῥωμαῖοι
829 713 1014 766 ἐδίωκον,
1047 715 1293 772 ἐπιστροφὴν
1315 717 1516 773 αἰφνίδιον
1533 713 1756 771 ποιησάμε-

309 797 371 823 νοι
404 780 670 837 παλίντροπον
691 780 764 836 τὴν
788 780 898 837 νίκην
922 780 1177 839 εἰργάσαντο·
1203 782 1266 825 διὸ
1290 784 1355 827 καὶ
1374 785 1512 826 πολλοὶ
1532 783 1606 839 μὲν
1627 781 1757 827 ἑάλω-

167 853 199 890 P
223 854 290 892 834
312 866 409 901 σαν,
437 848 595 899 πλείους
622 849 665 891 δὲ
692 850 760 891 καὶ
783 851 987 907 μαχαίρας
1011 849 1124 907 ἔργον
1147 848 1345 908 γεγόνασι.
1409 851 1686 895 συναλίσκεται
1711 850 1757 894 δὲ

311 918 378 960 καὶ
397 915 519 967 αὐτὸς
538 922 622 967 τοῖς
640 915 778 968 ἄλλοις
796 915 818 960 ὃ
838 917 1142 975 κουροπαλάτης
1150 950 1165 972 ,
1198 921 1264 962 καὶ
1280 923 1352 974 τῆς
1368 923 1628 978 παρεμβολῆς
1644 915 1811 962 ἀπό-10

311 1002 386 1041 σης
409 983 661 1041 παράστασις
684 986 751 1027 καὶ
777 984 936 1043 ἁρπαγὴ
957 988 1024 1029 καὶ
1044 986 1321 1039 διασκύλευσις
1334 988 1480 1045 γέγονε.
1546 989 1613 1030 καὶ
1638 989 1674 1031 εἲ
1696 987 1757 1043 μὴ

314 1053 360 1097 τὸ
387 1052 488 1096 ἄστυ
515 1054 682 1108 πλησίον
701 1052 746 1096 ὃν
763 1054 859 1104 τοὺς
876 1055 1034 1110 πλείους
1052 1055 1261 1109 διέσωσεν,
1294 1053 1560 1100 ἐκινδύνευσεν
1583 1054 1634 1098 ἂν
1653 1071 1758 1098 παν-

315 1125 486 1182 στρατιᾷ
512 1119 538 1176 ἦ
567 1125 646 1165 τῶν
664 1119 872 1177 Ῥωμαίων
894 1121 1049 1178 ἡλικία,
1083 1122 1158 1180 ὅση
1179 1123 1280 1181 πρὸς
1298 1123 1371 1180 τὴν
1390 1123 1568 1168 ἐνταῦθα
1587 1123 1758 1181 ἐκστρα-

313 1191 422 1233 τείαν
458 1189 694 1247 συνέδραμε.
769 1195 840 1246 τῆς
876 1189 1016 1248 φήμης
1053 1192 1099 1235 δὲ
1141 1190 1448 1248 καταλαβούσης
1482 1191 1552 1236 τὸν
1589 1191 1760 1246 βασιλέα

313 1255 441 1312 πολλή
473 1275 535 1308 τις
563 1258 655 1300 ἀνία
682 1258 870 1313 κατέσχεν
899 1257 1034 1303 αὐτόν.
1099 1258 1221 1316 μήπω
1243 1261 1286 1303 δὲ
1308 1260 1449 1316 σχεδὸν
1467 1258 1615 1316 ταύτης
1631 1259 1756 1316 ἠκου-
1767 1262 1812 1300 15

314 1326 462 1381 σμένης
491 1324 606 1383 ἑτέρα
634 1326 808 1382 ἐπῆλθεν
836 1327 1003 1385 ὀξυτέρα
1021 1329 1089 1371 καὶ
1109 1329 1318 1386 τομωτέρα
1340 1326 1455 1387 φήμη
1474 1331 1631 1386 πολλῷ,
1664 1326 1760 1378 τοὺς

316 1391 526 1450 Τούρκους
554 1394 858 1451 ἀπαγγέλλουσα
886 1396 959 1451 τὴν
982 1396 1024 1438 ἐν
1050 1395 1217 1448 Χώναις
1239 1399 1439 1440 πολιτείαν
1457 1397 1524 1439 καὶ
1545 1395 1667 1439 αὐτὸν
1689 1395 1760 1438 τὸν

311 1460 550 1519 περιβόητον
575 1463 617 1505 ἐν
643 1461 833 1518 θαύμασι
860 1465 927 1506 καὶ
956 1462 1193 1520 ἀναθήμασι
1217 1469 1290 1509 τοῦ
1316 1462 1634 1522 ἀρχιστρατήγου
1661 1463 1760 1506 ναὸν

259 1537 291 1574 Β
315 1534 555 1584 καταλαβεῖν
580 1531 622 1572 ἐν
648 1533 854 1593 μαχαίρᾳ,
887 1533 954 1574 καὶ
985 1530 1111 1589 φόνου
1139 1534 1213 1588 μὲν
1241 1531 1400 1576 ἅπαντα
1428 1532 1480 1576 τὰ
1506 1533 1633 1575 ἐκεῖσε
1653 1535 1758 1587 πλη-

311 1603 440 1655 ρῶσαι
475 1600 542 1640 καὶ
574 1596 756 1654 λύθρου,
790 1599 943 1650 πολλὰς
962 1600 1007 1642 δὲ
1026 1599 1164 1657 ὕβρεις
1185 1606 1244 1659 τῷ
1265 1601 1359 1660 ἱερῷ
1381 1601 1814 1657 ἐμπαροινισθῆναι,80

311 1667 471 1709 ἱππῶνα
496 1666 566 1709 τὸν
590 1665 814 1710 πάνσεπτον
837 1668 1130 1724 ἐργασαμένους
1153 1667 1271 1722 ναόν,
1304 1670 1371 1712 καὶ
1390 1668 1436 1713 τὸ
1459 1667 1508 1724 δὴ
1527 1665 1760 1723 σχετλιώτε-

313 1750 408 1792 ρον,
434 1734 538 1789 μηδὲ
557 1734 631 1785 τὰς
652 1740 723 1778 τοῦ
740 1733 951 1790 χάσματος
971 1734 1199 1794 σήραγγας,
1224 1738 1266 1780 ἐν
1287 1731 1393 1796 ᾧπερ
1415 1736 1454 1780 οἳ
1470 1735 1762 1794 παραρρέοντες

314 1806 489 1857 ποταμοὶ
517 1802 638 1845 ἐκεῖσε
665 1801 930 1858 χωνευόμενοι
956 1803 1025 1847 διὰ
1051 1809 1124 1860 τῆς
1146 1809 1220 1848 τοῦ
1242 1802 1560 1862 ἀρχιστρατήγου
1585 1807 1764 1855 παλαιᾶς

315 1871 529 1926 ἐπιδημίας
555 1873 622 1913 καὶ
649 1873 873 1928 θεοσημίας
893 1869 949 1924 ὥς
970 1871 1039 1917 διὰ
1060 1876 1238 1931 πρανοῦς
1259 1873 1458 1917 ἀστατοῦν
1477 1872 1523 1916 τὸ
1544 1871 1672 1930 ῥεῦμα
1693 1873 1761 1915 καὶ

293 2063 296 2065 Α
314 2023 352 2058 in
375 2022 514 2068 Syriam
533 2022 637 2058 iussit
659 2022 769 2059 abire.
814 2022 881 2060 bac
911 2024 1049 2060 ratione
1076 2024 1196 2062 <lucem
1220 2036 1262 2063 ea
1283 2025 1440 2072 potentia
1460 2035 1551 2071 qnae
1573 2023 1656 2060 inde
1677 2035 1761 2071 pro-

315 2069 536 2104 ficiscebatur
565 2070 808 2113 defraudavit3
843 2069 904 2115 qni
938 2082 1014 2107 cum
1045 2072 1222 2118 profectus
1245 2077 1339 2107 esset
1359 2083 1435 2107 cuin
1456 2070 1588 2106 relictis
1609 2069 1677 2106 sibi
1699 2082 1760 2106 co-

314 2115 384 2161 piis
408 2120 445 2150 et
467 2116 510 2150 ad
534 2117 652 2151 urbem
675 2121 790 2151 castra
812 2115 980 2162 locasset,
1015 2119 1182 2162 quaedam
1204 2118 1396 2154 Tui-corum
1418 2128 1559 2161 manus,
1593 2116 1761 2151 adversus

314 2172 403 2205 quos
428 2172 587 2206 egressus
608 2162 725 2196 fuerat
746 2162 981 2208 curopalates,
1015 2162 1182 2207 accessit,
1214 2174 1358 2209 cumque
1378 2164 1485 2208 fugae
1507 2174 1551 2198 ex
1571 2161 1763 2209 composito

315 2206 467 2251 speciem
489 2206 730 2252 praebuissent
759 2207 878 2243 hostes
891 2234 902 2252 ‚
935 2207 997 2243 ubi
1019 2208 1180 2255 dissipati
1201 2209 1350 2244 Romani
1372 2220 1433 2243 eos
1453 2219 1555 2255 perse
1580 2208 1762 2252 uehuntur,

313 2258 460 2296 repente
492 2252 653 2287 conversi
684 2253 751 2287 sibi
781 2253 963 2288 victoriam
994 2259 1255 2300 compararunt,
1291 2260 1328 2290 et
1357 2254 1485 2289 iccirco
1514 2265 1569 2289 mu
1583 2253 1628 2288 tis
1653 2252 1764 2300 captis

312 2297 430 2376 Plures
453 2309 592 2344 quoque
614 2298 728 2343 gladio
753 2300 905 2334 confecti
926 2304 1018 2334 sunt.
1067 2305 1104 2334 et
1133 2311 1209 2335 cum
1233 2300 1311 2335 aliis
1333 2305 1456 2346 captus
1480 2304 1533 2334 est
1554 2304 1590 2334 et
1613 2309 1763 2344 curopa-

329 2348 422 2388 ates‚
454 2349 490 2378 et
524 2349 639 2379 castra
669 2344 784 2379 omnia
814 2350 1013 2391 expugnata
1035 2349 1137 2390 capta
1157 2357 1198 2380 ac
1220 2346 1369 2391 direpta.
1417 2357 1458 2380 ac
1479 2345 1548 2379 nisi
1569 2344 1763 2392 propinqua

312 2390 396 2423 urbs
429 2389 546 2435 plures
577 2395 773 2434 servasset,
804 2390 962 2425 funditus
992 2391 1183 2426 interiisset
1212 2392 1321 2426 omnis
1343 2392 1497 2426 Romana
1520 2399 1639 2434 aetas,
1673 2399 1763 2435 quae

312 2434 358 2467 ad
379 2435 444 2469 hoc
466 2435 591 2470 bellum
612 2442 844 2471 concurrerat.
892 2436 980 2471 haec
996 2437 1088 2472 fama
1109 2448 1183 2471 cum
1206 2437 1425 2483 pervenisset
1445 2437 1489 2471 ad
1506 2436 1761 2482 imperatorem,

312 2479 446 2524 ingenti
478 2492 554 2516 eum
584 2481 704 2516 dolore
734 2482 873 2524 affecit3
908 2493 976 2528 qua
998 2482 1059 2517 vix
1082 2483 1221 2526 audita,
1256 2482 1366 2517 altera
1388 2493 1525 2528 quoque
1546 2481 1703 2516 velocior
1724 2484 1763 2515 et

313 2525 418 2560 multo
442 2527 551 2571 magis
573 2532 758 2571 penetrans
781 2527 915 2573 perlata
938 2532 1010 2572 est,
1035 2539 1124 2572 quae
1148 2527 1322 2563 nuntiaret
1343 2528 1478 2562 Turcos
1501 2538 1574 2562 rem
1591 2525 1759 2573 publicam

313 2570 531 2606 Choneusem
555 2578 592 2607 et
614 2573 723 2618 ipsum
752 2573 1010 2608 celeberrimum
1032 2572 1125 2609 inter
1146 2573 1310 2608 miracula
1333 2578 1369 2607 et
1391 2573 1482 2607 dona
1505 2572 1672 2618 principis
1694 2571 1761 2605 mi-

313 2614 411 2650 litiae
433 2617 594 2662 templum
621 2618 723 2652 armis
748 2630 956 2665 occupasse,
979 2626 1084 2664 atque
1108 2619 1223 2653 omnis.
1244 2619 1314 2654 illic
1336 2618 1442 2653 caede
1465 2623 1502 2653 et
1522 2629 1645 2652 cruore
1666 2627 1760 2651 com-

311 2660 425 2706 pleta,
459 2663 650 2709 multasque
674 2665 895 2699 contumelias
919 2677 940 2700 a
963 2664 1253 2700 debacchantibus
1274 2664 1402 2709 templo
1425 2664 1558 2706 illatas,
1581 2662 1763 2708 ipsumque

313 2706 458 2741 maxime
487 2709 720 2744 venerandum
751 2710 914 2756 templum
937 2721 1101 2756 equorum
1124 2710 1291 2745 stabulum
1315 2710 1496 2753 effectum,
1534 2714 1569 2745 et
1592 2708 1683 2752 quod
1706 2708 1761 2741 in-

314 2750 550 2795 dignissimum
582 2759 679 2798 erat,
713 2766 826 2800 neque
859 2756 974 2791 hiatus
1009 2756 1162 2800 cloacas,
1193 2756 1255 2790 ubi
1287 2755 1574 2801 praeterfluentes
1595 2753 1695 2788 fluvii
1717 2763 1760 2785 eo

314 2796 467 2832 derivati
494 2810 559 2843 per
589 2799 755 2845 principis
778 2801 950 2836 exercitus
973 2801 1149 2846 antiquum
1175 2802 1357 2837 adventum
1381 2806 1418 2836 et
1440 2799 1591 2835 divinum
1613 2798 1762 2832 miracu-

315 2840 403 2886 lum,
437 2847 598 2890 tanquam
628 2857 692 2891 ρει·
721 2857 890 2893 praeceps
911 2847 1041 2883 fluxum
1064 2847 1194 2883 habent
1215 2845 1382 2884 eiusmodi
1404 2846 1464 2892 qui
1487 2844 1677 2880 consistere
1698 2853 1760 2876 ne-
