1890 3236
297 220 328 266 2
337 217 396 265 14
771 215 1010 263 GEORGII
1044 217 1283 262 GEDRENI

293 336 472 390 βαρικῶς
491 327 756 388 ἐθρασύνετο,
798 328 882 372 ἐπεὶ
914 327 959 372 δέ
984 328 1114 386 ἤγγιζε
1123 361 1138 383 ,
1180 334 1239 390 τῷ
1258 335 1339 375 τῶν
1357 332 1600 388 Μελιτηνῶν
1617 333 1748 393 στίφει

293 402 499 455 συμμίξας
520 402 628 456 φυγῇ
647 397 720 453 τὴν
739 398 833 452 μετ’
859 398 983 441 αὐτοῦ
1002 399 1203 456 σωτηρίαν
1225 398 1594 457 ἐπραγματεύσατο.
1658 399 1683 445 ὅ
1700 402 1748 446 ’δὲ

290 467 482 522 βασιλεὺς
497 465 570 521 τήν
587 483 629 508 τε
648 464 855 520 Κασάμαν
874 465 1120 523 ἐξεπόρθησε
1139 469 1206 510 καὶ
1225 467 1298 523 τὴν
1318 469 1493 525 Καρβὰν
1510 469 1585 522 τὴν
1596 468 1746 527 Ἀρδα-4

292 534 367 577 λάν
387 553 429 578 τε
449 536 517 578 καὶ
543 533 615 589 τὴν
640 534 954 592 Ἔρημοσυκέαν,
996 533 1164 591 ὁπηνίκα
1195 538 1263 579 καὶ
1287 538 1418 591 Σίμας
1449 539 1594 588 ἐκεῖνος
1623 535 1645 581 ὅ
1671 542 1745 582 τοῦ

291 600 434 658 Ταήλ,
483 603 557 653 τὰς
585 605 814 661 δυσχωρίας
834 604 1010 658 κατέχων
1029 609 1101 647 τοῦ
1125 603 1293 663 Ταύρου
1321 606 1388 648 καὶ
1417 606 1459 657 ἐξ
1489 603 1643 663 ἐφόδου
1669 606 1778 658 τὰςό

287 675 367 714 τῶν
381 669 590 725 Ῥωμαίων
608 670 898 727 λυμαινόμενος
914 672 1117 727 ἐσχατιάς,
1143 674 1244 731 πρὸς
1263 673 1332 716 τὸν
1349 674 1520 728 βασιλέα
1535 674 1746 731 κατέφυγε.
1780 681 1782 684 ’

284 739 387 793 μετὰ
413 744 543 782 ταῦτα
573 740 643 783 τὸν
670 740 928 795 Ὀνοπνίκτην
960 740 1170 797 λεγόμενον
1197 743 1380 796 ποταμὸν
1399 744 1466 784 καὶ
1489 742 1560 784 τὸν
1581 741 1745 799 Σάρδον

286 806 536 863 διαπεράσας
564 806 586 850 ὅ
618 809 810 862 βασιλεὺς
838 809 940 863 μετὰ
970 813 1044 852 τοῦ
1062 815 1239 866 στρατοῦ
1259 806 1386 865 ἦλθεν
1413 812 1469 861 εἲς
1490 809 1743 863 Κουκουσόν,

284 878 353 918 καὶ
375 876 450 927 τὰς
474 877 559 920 ἐκεῖ
581 875 735 932 λόχμας
759 877 1031 934 ἀποκαθάρας
1054 881 1122 920 καὶ
1145 879 1217 935 τὴν
1237 878 1391 933 ἄβατον
1413 877 1651 935 εὖπόρευτον
1671 895 1744 923 πε·-

233 953 264 989 Β
287 945 464 1000 ποιηκώς
483 949 564 988 τῶν
583 946 763 989 ἐνταῦθα
782 944 912 1001 λόχων
931 945 1137 1003 ἐκράτησε.
1204 947 1307 1005 πρὸς
1332 949 1376 990 δέ
1401 947 1474 1002 τὴν
1491 948 1741 990 Καλλίπολιν
1753 953 1797 990 10

282 1015 349 1055 καὶ
365 1015 585 1056 Παδασιάν
608 1013 801 1071 φθάσας,
846 1014 1065 1069 δυσβάτοις
1083 1015 1127 1058 δὲ
1143 1016 1365 1074 περιτυχών
1384 1018 1451 1058 καὶ
1470 1013 1743 1074 ἀποκρήμνοις

282 1079 413 1134 ὅδοῖς,
455 1082 551 1133 τοὺς
579 1080 658 1125 ὑπὸ
685 1089 804 1137 χεῖρα
830 1081 1204 1141 παραμυθούμενος
1237 1087 1334 1142 πεζῇ
1362 1085 1429 1126 καὶ
1456 1082 1591 1139 βάδην
1618 1083 1742 1137 αὐτὸς

280 1148 568 1207 προεπορεύετο
590 1155 663 1193 τοῦ
682 1155 870 1208 στρατοῦ.
937 1149 1120 1209 ὖπερβὰς
1142 1153 1187 1195 δὲ
1205 1151 1256 1195 τὰ
1274 1153 1393 1195 στενὰ
1412 1157 1485 1195 τοῦ
1504 1150 1672 1206 Ταύρου
1688 1156 1740 1209 τῇ

279 1219 322 1259 Γ
317 1220 545 1279 ερμανικείᾳ
573 1218 833 1275 προσβάλλει.
911 1221 992 1262 ἐπεὶ
1028 1221 1073 1262 ’δὲ
1106 1219 1152 1263 τὸ
1186 1219 1481 1275 ἀνθιστάμενον
1512 1218 1621 1263 ἅπαν
1653 1227 1739 1272 τοῖς

278 1287 422 1340 τείχεσι
441 1289 682 1330 συνεκλείετο
702 1289 769 1330 καὶ
791 1288 921 1339 οὐδεὶς
946 1286 1099 1343 ἐτόλμα
1123 1288 1224 1345 πρὸς
1239 1295 1380 1346 χεῖρας
1403 1290 1551 1341 ἐλθεῖν,
1584 1288 1637 1331 τὰ
1657 1289 1735 1347 πρὸ
1749 1295 1792 1332 15

277 1359 351 1410 τῆς
367 1353 520 1406 πόλεως
541 1355 668 1412 κάλλη
688 1358 823 1414 κείρας
842 1358 909 1398 καὶ
929 1358 1025 1414 πυρὶ
1048 1356 1258 1413 παραδοὺς
1281 1357 1383 1413 πρὸς
1403 1355 1584 1400 Ἀδάπαν
1609 1372 1737 1414 παρε·

275 1423 407 1478 γένετο
426 1424 499 1478 τὴν
520 1422 649 1467 πόλιν.
717 1426 783 1467 καὶ
813 1429 893 1467 τῶν
911 1424 1059 1480 ταύτης
1082 1425 1127 1467 δὲ
1148 1426 1316 1468 ἐποίκων
1341 1425 1399 1480 μὴ
1427 1423 1668 1480 τολμώντων
1694 1425 1736 1468 ἐν

276 1498 363 1542 τοῖς
382 1489 604 1549 ὖπαίθροις
624 1494 930 1549 διαγωνίζεσθαι
951 1493 1045 1535 ἀλλ’
1069 1494 1163 1536 εἲσω
1181 1494 1482 1536 συνελαθέντων
1502 1498 1656 1548 τειχῶν,
1681 1493 1735 1536 τὰ

225 1564 257 1601 C
280 1557 357 1610 ἔξω
376 1565 450 1615 τῆς
474 1559 627 1612 πόλεως
653 1560 890 1617 ληϊσάμενος
916 1563 983 1604 καὶ
1005 1560 1318 1619 ἀποτεφρώσας,
1354 1560 1669 1618 ἐκπολιορκήσας
1690 1562 1734 1604 δὲ

274 1629 342 1670 καὶ
372 1628 417 1671 τὸ
445 1630 647 1684 πολίχνιον
680 1629 703 1672 ὃ
727 1631 907 1688 Γέροντα
929 1628 1118 1682 ἐκάλουν,
1154 1632 1221 1672 καὶ
1254 1629 1476 1687 διαρπάσαι
1507 1631 1617 1687 ἐφεὶς
1647 1636 1789 1681 ‘cors-20

274 1695 561 1753 στρατιώταις,
594 1701 820 1742 τελευταῖον
839 1698 976 1749 αὐτοῖς
993 1697 1238 1755 προσβάλλει
1256 1705 1340 1749 τοῖς
1355 1700 1511 1753 τείχεσι,
1542 1699 1609 1740 καὶ
1627 1714 1732 1740 παν-

274 1765 456 1816 τοδαπὰς
485 1767 707 1824 προσέφερε
736 1764 920 1822 μηχανάς
929 1798 942 1819 ,
993 1767 1060 1809 καὶ
1088 1767 1243 1823 ἐνεργὸς
1274 1761 1324 1822 ἦν
1356 1768 1397 1809 ἐν
1425 1772 1475 1824 τῇ
1506 1767 1731 1826 πολιορκία,

273 1832 437 1885 ἐλπίδας
459 1834 506 1877 οὗ
531 1836 680 1893 μικρὰς
704 1835 804 1890 ἔχων
827 1833 1005 1891 αἶρήσειν
1024 1834 1098 1890 τὴν
1116 1834 1232 1878 πόλιν
1252 1835 1322 1877 διὰ
1342 1835 1387 1877 τὸ
1407 1839 1480 1889 τῆς
1500 1836 1591 1891 περὶ
1609 1834 1732 1878 αὐτὸν

271 1900 480 1957 δυνάμεως
496 1902 640 1962 βάρος.
708 1902 932 1962 εὐρώστους
955 1904 1000 1946 δὲ
1022 1903 1118 1955 τοὺς
1140 1902 1253 1947 ἔνδον
1277 1902 1404 1962 εὑρὼν
1426 1905 1494 1946 καὶ
1523 1903 1652 1955 ἀδεῶς
1679 1902 1732 1946 τὰ

357 2010 405 2044 20
427 2009 611 2056 φρούριον
634 2010 665 2045 C

269 2098 389 2134 barice
412 2100 605 2147 ferociens,
641 2100 701 2137 ubi
723 2101 754 2137 is
778 2101 1094 2148 appropinquavit,
1127 2101 1369 2136 Melitenorum
1393 2105 1528 2136 turmae
1549 2112 1588 2136 se
1610 2101 1725 2136 immi-

268 2145 382 2190 scuit,
417 2159 562 2193 cumque
588 2160 630 2183 ea
652 2149 818 2193 fugiendo
842 2148 947 2183 saluti
977 2160 1061 2183 suae
1091 2148 1276 2182 consuluit.
1301 2147 1473 2185 ,Basilius
1496 2148 1724 2183 Casamanem

268 2191 462 2228 Carbanem
487 2193 661 2229 Ardalam'
677 2200 713 2228 et
735 2195 1027 2239 Eremosycaeam
1059 2193 1202 2228 excidit.
1250 2198 1355 2238 atque
1377 2199 1449 2228 tum
1473 2194 1519 2228 ad
1542 2205 1618 2228 eum
1640 2205 1725 2228 con-

266 2236 359 2280 fugit
382 2237 495 2273 Simas
519 2240 577 2274 ille
599 2239 703 2274 Taeli
725 2240 828 2284 filius,
851 2239 910 2285 qui
934 2239 1048 2274 Tauri
1069 2239 1195 2274 montis
1215 2239 1394 2284 angustias
1416 2238 1571 2274 insidens
1591 2239 1630 2274 in
1651 2239 1726 2274 Ro-

266 2292 444 2318 manorum
476 2285 564 2320 fines
596 2285 718 2320 solitus
752 2291 829 2320 erat
851 2285 1018 2330 grassari.
1065 2286 1254 2320 secundum
1278 2286 1365 2319 haec
1389 2285 1578 2330 imperator
1600 2285 1727 2330 Onop-

265 2327 383 2362 nicten
407 2330 550 2365 fluvium
575 2337 611 2366 et
638 2331 784 2366 Sardum
807 2331 947 2366 traiecit
969 2343 1045 2366 cum
1071 2331 1246 2374 exercitu,
1281 2330 1515 2377 pervenitque
1539 2331 1583 2364 ad
1605 2331 1725 2366 Cucu-

266 2384 353 2417 sum,
379 2379 416 2409 et
439 2376 583 2411 saltibus
606 2376 656 2411 ibi
679 2377 877 2422 repurgatis
899 2377 997 2412 invia
1017 2377 1094 2412 loca
1115 2377 1301 2412 itineribus
1320 2378 1497 2411 commoda
1515 2376 1664 2420 redegit,
1689 2379 1726 2411 et

266 2429 358 2463 quae
384 2420 435 2454 ibi
460 2429 559 2456 erant
581 2422 718 2457 insidiis
742 2429 825 2469 apta
856 2422 931 2458 loca
961 2423 998 2457 in
1031 2428 1239 2469 potestatem
1262 2434 1357 2457 suam
1379 2423 1528 2467 recepit.
1571 2422 1656 2456 inde
1680 2422 1726 2457 ad

266 2464 452 2509 Callipolin
477 2473 513 2502 et
533 2468 723 2503 Padaseam
746 2469 937 2514 profectus,
962 2480 1036 2503 cum
1059 2469 1096 2503 in
1122 2469 1272 2503 transitu
1295 2467 1453 2503 difficilia
1476 2467 1643 2512 quaedam
1666 2467 1724 2501 in-

266 2509 412 2545 cidisset
429 2513 649 2558 praecipitia,
673 2525 754 2548 suos
777 2515 975 2549 consolatus
998 2515 1105 2561 pedes
1127 2515 1222 2549 lento
1244 2514 1405 2559 ingressu
1425 2519 1508 2548 ante
1533 2513 1723 2547 exercitum

265 2554 352 2597 ivit3
392 2560 637 2604 superatisque
659 2559 772 2594 Tauri
804 2560 975 2605 angustiis
1006 2562 1051 2596 ad
1082 2560 1337 2595 Germaniciam
1368 2559 1528 2594 accessit.
1575 2569 1722 2603 eumque

264 2599 382 2636 hostes
414 2604 506 2638 intra
540 2617 654 2639 muros
688 2617 727 2640 se
750 2605 991 2651 continerent,
1030 2616 1199 2651 nemoque
1222 2616 1357 2640 manum
1380 2605 1542 2639 conferre
1564 2604 1722 2648 auderet,

263 2648 440 2682 suburbiis
457 2650 604 2695 direptis
620 2656 724 2696 atque
739 2651 891 2685 incensis
909 2653 951 2686 ad
969 2654 1088 2687 urbem
1103 2653 1256 2696 Adapam
1273 2650 1383 2684 venit.
1430 2660 1576 2694 cumque
1593 2649 1721 2684 hic-et·-

262 2691 330 2726 iam
355 2694 521 2739 oppidani
542 2697 722 2730 moenibus
745 2709 784 2731 se
806 2703 1000 2742 tuerentur,
1026 2709 1115 2743 quae
1137 2704 1236 2732 extra
1259 2698 1377 2731 urbem
1401 2700 1502 2730 erant
1523 2695 1719 2740 depraeda-

262 2742 318 2772 tus
342 2738 517 2782 incendit3
554 2742 753 2786 oppidulum
777 2743 834 2776 cui
858 2754 980 2777 nomen
1004 2745 1122 2777 Geron
1147 2742 1382 2788 expugnavit,
1406 2740 1643 2786 militibusque
1663 2740 1718 2774 di-

261 2783 456 2830 ripiendum
479 2787 636 2820 tradidit.
662 2788 869 2832 tandemque
893 2789 1058 2823 adhibitis
1079 2787 1246 2825 machinis
1271 2797 1384 2822 muros
1400 2787 1550 2832 -Adapue
1574 2797 1718 2831 aggres-

261 2840 321 2864 sus
346 2832 637 2877 oppugnationem
661 2833 812 2877 undique
837 2845 950 2869 acrem
974 2833 1148 2869 instituit=
1179 2844 1256 2867 nam
1287 2843 1426 2867 suarum
1459 2833 1636 2878 copiarum
1659 2842 1720 2866 ro-

261 2876 327 2911 bur
348 2877 386 2912 in
409 2889 505 2924 spem
525 2888 602 2913 eum
625 2877 716 2914 haud
735 2879 895 2924 exiguam
919 2879 1015 2914 urbis
1038 2880 1228 2926 potiundae
1250 2879 1457 2914 adducebat.
1505 2889 1580 2913 cum
1603 2883 1718 2913 autem
