1916 3210
430 185 827 232 HISTORIARUM
855 184 1184 231 COMPENDIU
1185 186 1246 230 M.
1477 181 1574 231 545

115 300 283 349 ἐλεεινὸν
300 301 368 346 καὶ
383 297 552 360 θρήνων
568 300 695 353 ἄξιον.
729 296 910 356 διεσώθη
933 300 979 344 δὲ
995 299 1087 357 μετ’
1108 298 1241 345 αὖτῶν
1259 300 1327 345 καὶ
1347 296 1368 343 ὅ
1385 298 1576 358 Μιχαήλ,

113 371 190 428 τὴν
209 371 301 427 ἴσην
320 372 388 414 καὶ
408 370 532 422 αὐτὸς
548 371 818 428 περικείμενος
835 367 974 426 τύχην.

251 440 294 482 Γ
289 437 454 497 εῶργιος
473 440 520 483 δὲ
537 437 759 496 μάγιστρος
779 436 801 482 ὅ
818 436 1041 495 Μανιάκης
1064 438 1106 481 ἓν
1123 436 1273 500 Ἰταλίᾳ
1281 470 1296 492 ,
1330 435 1386 490 ὥς
1406 436 1574 495 εἴρηται,
1598 445 1628 481 Β

115 508 230 567 παρὰ
260 511 384 565 Ζωῆς
413 512 489 565 τῆς
515 509 728 564 βασιλίδος
758 509 963 565 πεμφθεὶς
991 506 1063 566 ἐφ’
1094 500 1129 566 ᾦ
1154 506 1494 564 καταστήσασθαι
1524 506 1578 550 τοὶ

83 579 206 621 siner
227 576 382 634 (ἐνόσει
399 577 478 635 γὰρ
499 577 549 622 τὰ
571 575 703 620 πάντα
723 578 791 619 καὶ
809 580 942 627 κακῶς
959 576 1122 635 ἐφέρετο
1145 576 1305 637 ἀπειρίᾳ
1328 578 1396 620 καὶ
1419 573 1579 634 φαυλό-

114 663 206 702 τητι
229 643 469 704 ἆρχηγῶν),
503 645 606 704 πρὸς
630 644 882 689 ἀποστασίαν
902 645 1077 689 ἀπεῖδεν.
1145 644 1258 696 ἄξιον
1282 645 1328 689 δὲ
1348 647 1470 689 εἰπεῖν
1489 645 1578 688 ἐπι-

115 713 350 773 δραμόντας
367 714 525 766 καὶτὰς
542 715 675 765 αἰτίας
692 715 748 765 εἷς
767 713 917 772 ἀκριβῆ
934 718 1082 770 γνῶσιν
1101 718 1182 758 τῶν
1197 719 1258 773 τῷ
1274 716 1422 774 βιβλίῳ
1440 715 1579 772 ἐντυγ-

111 781 332 839 χανόντων.
398 782 465 828 ὅτε
481 783 560 842 γὰρ
581 778 699 834 οὗτος
719 787 879 839 πρῶτον
901 785 958 834 εἷς
972 783 1146 826 Ἰταλίαν
1163 783 1356 842 ἐπέμφθη
1375 783 1488 842 παρὰ
1505 787 1580 826 τοῦ

114 852 314 907 βασιλέως
350 851 526 909 Μιχαὴλ
559 850 841 907 συμμαχήσων
871 849 1112 911 Ἀπολάφαρ
1148 855 1383 907 Μαχοῦμετ
1414 857 1474 912 τῷ
1506 857 1580 909 τῆς

60 927 108 966 10
117 922 303 973 Σικελίας
325 919 493 979 ἄρχοντι
519 921 807 979 πολεμουμένῳ
826 921 939 978 παρὰ
954 925 1028 964 τοῦ
1047 921 1194 965 οἰκείου
1211 921 1391 980 ἀδελφοῦ
1410 923 1478 965 καὶ
1497 926 1578 965 τῶν

107 988 274 1048 ’Ἄφρων
281 1021 296 1043 ,
320 988 434 1046 ἔτυχε
449 987 858 1047 προσεταιρισάμενος
873 991 940 1032 καὶ
961 988 1177 1047 Φράγγους
1193 991 1478 1042 πεντακοσίους
1496 990 1576 1034 ἀπὸ

112 1063 197 1102 τῶν
223 1058 354 1117 πέραν
381 1063 463 1103 τῶν
485 1058 663 1103 ’Ἀλπεων
694 1060 735 1100 Γ
732 1062 881 1102 αλλιῶν
907 1060 1275 1117 μεταπεμφθέντας
1301 1061 1369 1102 καὶ
1400 1059 1580 1117 ἀρχηγὸν

114 1125 281 1183 ἔχοντας
306 1127 538 1185 Ἀρδουΐνον
567 1127 640 1183 τὴν
668 1132 835 1183 κλῆσιν,
874 1127 1016 1186 χώρας
1050 1127 1160 1179 τινὸς
1192 1127 1369 1187 ἄρχοντα
1399 1131 1468 1172 καὶ
1497 1126 1578 1173 ὑπὸ

112 1196 290 1253 μηδενὸς
315 1195 510 1253 ἀγόμενον
516 1228 530 1250 ,
563 1196 669 1252 μεθ’
696 1191 752 1240 ὧν
776 1196 829 1241 τά
855 1201 936 1240 τῶν
963 1200 1214 1255 Σαρακηνῶν
1237 1195 1451 1255 εῗργᾶσατο
1475 1196 1573 1256 τρό-
1596 1204 1628 1238 C

7 1262 10 1266 ’
61 1273 106 1311 15
117 1283 233 1309 παια.
297 1266 382 1309 ἐπεὶ
401 1266 447 1310 δὲ
467 1259 585 1318 οὗτος
604 1268 927 1324 συκοφαντηθεὶς
947 1264 1162 1324 παρελύθη
1187 1271 1259 1322 τῆς
1280 1267 1408 1324 ἀρχῆς
1430 1268 1497 1309 καὶ
1522 1270 1580 1319 εἷς

113 1334 190 1390 τὴν
210 1331 328 1378 πόλιν
348 1336 552 1391 εἷσαχθεὶς
574 1336 833 1393 καθείρχθη,
863 1337 930 1378 καὶ
951 1334 1088 1393 ἄρχειν
1106 1335 1199 1378 ἀντ’
1224 1335 1350 1379 αὐτοῦ
1376 1340 1448 1392 τῆς
1473 1336 1580 1380 Ἰτα-

114 1404 206 1454 alac
233 1403 428 1462 ἐπέμφθη
457 1403 632 1459 Μιχαὴλ
663 1401 1035 1462 πρωτοσπαθάριος
1061 1402 1083 1447 ὃ
1109 1402 1355 1457 Δοκειανός,
1389 1403 1581 1461 ἀνεπιτή-

114 1473 230 1523 δειος*
251 1470 474 1530 ἄνθρωπος
501 1474 569 1516 καὶ
599 1472 701 1530 πρὸς
727 1473 1009 1531 μεταχείρησιν
1034 1471 1283 1530 πραγμάτων
1310 1473 1384 1516 οὐκ
1411 1473 1579 1532 εὐφυής,

115 1540 190 1584 οὔκ
207 1539 362 1597 ἐδεήθη
376 1539 529 1598 χρόνου
550 1541 715 1598 συγχέαι
736 1543 802 1585 καὶ
823 1544 1064 1600 διαφθεῖραι
1082 1536 1134 1584 τίὶ
1155 1540 1301 1585 πάντα.
1367 1542 1426 1598 μὴ
1449 1544 1579 1601 παρέ-

59 1618 199 1666 Ξοχων
228 1610 308 1668 γὰρ
338 1610 443 1654 κατὰ
472 1609 614 1668 καιρὸν
640 1616 725 1662 τοῖς
754 1608 961 1668 Φράγγοις
981 1609 1028 1654 τὸ
1051 1610 1188 1662 αῧτοΐς
1208 1609 1484 1669 παρεχόμενον
1507 1613 1578 1670 ἐφ’

114 1680 285 1724 ἕκαστον
303 1684 414 1735 μῆνα
434 1679 681 1738 σιτηρέσιον,
713 1683 871 1735 μᾶλλον
894 1679 962 1733 δέ,
997 1677 1053 1731 ὥς
1071 1697 1195 1739 φασι,
1228 1682 1296 1724 καὶ
1315 1680 1386 1724 τὸν
1401 1679 1580 1738 ἧγεμόνα

114 1746 291 1804 τούτων,
321 1748 543 1806 ἀφιγμένον
570 1747 627 1799 ὥς
651 1748 775 1792 αὐτὸν
801 1748 872 1808 ἐφ’
893 1742 928 1807 ᾧ
946 1749 1224 1807 παρακαλέσαι
1243 1749 1373 1806 ἠπίως
1389 1755 1579 1809 χρῆσθαι

112 1823 200 1869 τοῖς
226 1816 492 1877 στρατιώταις
516 1819 585 1861 καὶ
613 1817 672 1874 μὴ
702 1819 937 1878 ἀποστερεῖν
963 1816 1132 1870 τούτους
1156 1823 1232 1863 τοῦ
1255 1823 1336 1863 τῶν
1355 1818 1490 1864 πόνων
1505 1839 1577 1876 μι-

209 1961 228 1997 1
254 1956 406 2005 οἰκτρὸν
425 1958 490 1996 καὶ
512 1957 671 1997 ἐλεεινὸν
692 1958 756 1995 καὶ
779 1959 810 1995 O
957 1959 981 1996 3
1005 1955 1056 2016 ιᾷς
1077 1956 1118 1995 ἐν
1139 1960 1221 2001 τοῖς
1243 1958 1454 2008 ἔμπροσθεν
1476 1961 1578 2007 εἴρη-

202 2005 432 2095 {gl-{goffia
441 2007 482 2089 ((3Ξ
638 2008 661 2044 Ί
685 2006 738 2050 εἰς
758 2026 803 2033 --
826 2003 1124 2052 ἔντυγχανοντων
1144 2007 1214 2044 add
1239 2008 1270 2043 C
1443 2010 1490 2046 16
1511 2010 1579 2056 τῆς

111 2179 218 2215 noctu
243 2189 288 2215 ue
310 2177 355 2215 ad
380 2190 443 2215 sua
463 2181 720 2227 pervenerunt,
757 2178 987 2214 miserandum
1020 2190 1062 2213 ac
1090 2177 1306 2215 lacrimabile
1325 2180 1574 2228 spectaculum.

111 2226 207 2262 inter
253 2237 293 2261 os
313 2225 383 2260 fuit
406 2226 509 2260 etiam
529 2226 608 2272 ipse
630 2226 825 2260 Michaelus
846 2226 949 2260 simili
971 2236 1053 2260 usus
1077 2225 1230 2260 fortuna.

204 2270 253 2307 At
274 2270 312 2306 in
333 2271 488 2316 Italiam,
523 2278 564 2306 ut
584 2272 913 2316 demonstravimus,
945 2271 1070 2306 missus
1093 2282 1114 2305 a
1137 2270 1213 2306 Zoa
1236 2271 1412 2317 Georgius
1434 2272 1574 2309 Mania-

113 2328 177 2353 σοι
197 2317 384 2363 magister,
409 2322 448 2353 ut
468 2329 525 2353 res
548 2317 599 2352 ibi
620 2318 743 2352 ducum
764 2318 907 2363 ignavia
929 2317 1157 2352 labefactatas
1181 2317 1425 2362 constitueret,
1447 2323 1574 2365 tyran-

114 2363 232 2401 nidem
267 2363 462 2400 affectavit.
517 2369 640 2410 estque
673 2375 802 2409 operae
833 2364 980 2410 pretium
1012 2362 1113 2398 huius
1143 2363 1312 2399 facinoris
1341 2376 1465 2402 causas
1490 2379 1574 2412 per-

111 2411 301 2456 stringere.
348 2421 418 2456 quo
451 2414 609 2456 tempore
632 2411 676 2445 ab
699 2410 908 2455 imperatore
931 2409 1105 2444 Michaelo
1129 2409 1165 2444 in
1187 2410 1323 2445 Italiam
1346 2411 1470 2446 missus
1494 2414 1573 2447 fue-

109 2461 169 2493 rat
201 2456 403 2501 Maniaces,
437 2461 478 2491 ut
506 2455 720 2503 Apolaphari
752 2457 972 2491 Muchumeto
996 2455 1141 2490 Siciliae
1162 2456 1313 2503 principi
1336 2469 1357 2492 a
1377 2458 1488 2492 fratre
1509 2470 1574 2494 suo

113 2509 152 2539 et
173 2501 268 2538 Afris
292 2508 493 2549 oppugnato
517 2503 681 2538 auxilium
707 2503 836 2547 ferret,
865 2503 979 2538 socios
1002 2501 1070 2536 sibi
1091 2502 1291 2538 adsciverat
1311 2504 1380 2538 500
1401 2505 1574 2550 Francos,

113 2562 135 2585 e
158 2549 275 2584 Gallia
294 2548 510 2596 transalpina
532 2555 719 2593 evocatos,
750 2549 838 2583 duce
859 2549 1036 2592 Arduino‚
1060 2549 1236 2584 cuiusdam
1254 2549 1411 2595 regionis
1433 2551 1574 2586 domino

111 2595 242 2632 nemini
275 2595 427 2631 subdito.
474 2595 530 2630 his
562 2595 668 2630 sociis
701 2607 766 2630 sua
798 2596 843 2630 de
865 2594 1050 2630 Saracenis
1074 2599 1246 2630 statuerat
1266 2601 1426 2641 tropaea.
1473 2603 1574 2643 post-

112 2653 215 2688 quam
244 2653 330 2676 vero
363 2641 541 2677 Maniaces
573 2653 637 2688 per
668 2641 868 2676 calumniam
889 2641 1035 2687 imperio
1056 2641 1214 2688 privatus
1238 2653 1279 2676 ac
1301 2642 1510 2688 Byzantium
1535 2643 1575 2678 in

111 2699 288 2723 carcerem
320 2689 489 2723 abductus
512 2688 600 2734 fuit,
634 2688 827 2733 missusque
853 2688 886 2722 ei
907 2699 1090 2723 successor
1109 2687 1301 2723 Michaelus
1324 2689 1575 2735 protospatha-

111 2734 186 2770 rius
208 2734 405 2779 Dweanus,
429 2734 529 2769 homo
552 2735 704 2780 ineptus,
729 2735 822 2769 nulla
844 2746 939 2769 mora
962 2734 1171 2780 interposita
1193 2735 1301 2781 periit
1321 2747 1379 2770 res
1403 2735 1574 2770 Romana.

113 2791 193 2816 nam
226 2780 284 2815 hic
314 2791 390 2815 cum
412 2780 560 2815 Francis
583 2793 651 2816 non
675 2781 895 2826 praebuisset
919 2786 1096 2815 menstrua
1117 2792 1207 2826 quae
1231 2781 1392 2828 accipere
1413 2782 1576 2817 solebant

114 2827 308 2873 stipendia,
340 2837 526 2873 earumque
548 2827 692 2873 insuper
714 2828 856 2872 ducem,
890 2828 950 2873 qui
974 2827 1017 2862 ad
1040 2827 1152 2873 ipsum
1175 2834 1328 2867 venerat⁴
1350 2828 1573 2863 hortabatur—

115 2884 184 2920 que
214 2878 255 2908 ut
283 2872 434 2918 benigne
465 2873 591 2908 milites
612 2880 782 2910 tractaret
804 2886 916 2922 neque
940 2885 1001 2909 eos
1024 2873 1183 2913 mercede
1204 2874 1361 2910 laborum
1383 2875 1576 2919 fraudaret,

173 2926 303 2975 (ἶσοι-ς.
335 2926 507 2964 cedrenus
533 2931 613 2964 tom.
646 2928 693 2964 11.
1242 2923 1296 2965 35
