<?xml version="1.0" encoding="UTF-8"?>
<!DOCTYPE html PUBLIC "-//W3C//DTD XHTML 1.0 Transitional//EN"
    "http://www.w3.org/TR/xhtml1/DTD/xhtml1-transitional.dtd">
<html xmlns="http://www.w3.org/1999/xhtml" xml:lang="en" lang="en">
 <head>
  <title>
</title>
<meta http-equiv="Content-Type" content="text/html;charset=utf-8" />
  <meta name='ocr-system' content='tesseract 3.04.00' />
  <meta name='ocr-capabilities' content='ocr_page ocr_carea ocr_par ocr_line ocrx_word'/>
</head>
<body>
  <div class='ocr_page' id='page_1' title='image "./corpusscriptorum14niebuoft/corpusscriptorum14niebuoft_0805.png"; bbox 0 0 1916 3210; ppageno 0'>
   <div class='ocr_carea' id='block_1_1' title="bbox 0 343 37 762">
    <p class='ocr_par' dir='ltr' id='par_1_1' title="bbox 0 343 37 762">
     <span class='ocr_line' id='line_1_1' title="bbox 0 343 37 762; textangle 90"><span class='ocrx_word' id='word_1_1' title='bbox 0 736 9 762; x_wconf 34' lang='grc' dir='ltr'><strong>-μ</strong></span> <span class='ocrx_word' id='word_1_2' title='bbox 0 551 37 720; x_wconf 44' lang='lat' dir='ltr'><strong>‘&#39;6525&#39;FP-*s-&#39;0&#39;5322</strong></span> <span class='ocrx_word' id='word_1_3' title='bbox 11 491 34 530; x_wconf 46' lang='grc' dir='ltr'>ἶ</span> <span class='ocrx_word' id='word_1_4' title='bbox 21 448 25 456; x_wconf 24' lang='grc' dir='ltr'><strong>,Δ</strong></span> <span class='ocrx_word' id='word_1_5' title='bbox 17 343 20 347; x_wconf 51' lang='grc'>,</span> 
     </span>
    </p>
   </div>
   <div class='ocr_carea' id='block_1_2' title="bbox 694 157 1650 211">
    <p class='ocr_par' dir='ltr' id='par_1_2' title="bbox 694 157 1650 211">
     <span class='ocr_line' id='line_1_2' title="bbox 694 157 1650 211; baseline 0.001 -6"><span class='ocrx_word' id='word_1_6' title='bbox 694 158 1145 211; x_wconf 81' lang='lat' dir='ltr'><strong>ANNOTATIQNES.</strong></span> <span class='ocrx_word' id='word_1_7' title='bbox 1550 157 1584 206; x_wconf 87' lang='grc'><strong>7</strong></span> <span class='ocrx_word' id='word_1_8' title='bbox 1586 158 1650 206; x_wconf 88' lang='grc'><strong>95</strong></span> 
     </span>
    </p>
   </div>
   <div class='ocr_carea' id='block_1_3' title="bbox 180 266 1653 379">
    <p class='ocr_par' dir='ltr' id='par_1_3' title="bbox 180 266 1653 379">
     <span class='ocr_line' id='line_1_3' title="bbox 250 266 1653 325; baseline -0.002 -12"><span class='ocrx_word' id='word_1_9' title='bbox 250 294 254 303; x_wconf 87' lang='lat'><em>·</em></span> <span class='ocrx_word' id='word_1_10' title='bbox 288 276 332 325; x_wconf 54' lang='grc' dir='ltr'><strong>ιΡὲ</strong></span> <span class='ocrx_word' id='word_1_11' title='bbox 347 271 431 314; x_wconf 78' lang='grc'><strong>617</strong></span> <span class='ocrx_word' id='word_1_12' title='bbox 449 284 486 312; x_wconf 84' lang='lat' dir='ltr'><strong>v.</strong></span> <span class='ocrx_word' id='word_1_13' title='bbox 504 271 570 316; x_wconf 83' lang='lat'><strong>14.</strong></span> <span class='ocrx_word' id='word_1_14' title='bbox 627 266 746 313; x_wconf 73' lang='grc' dir='ltr'><strong>πόποι</strong></span> <span class='ocrx_word' id='word_1_15' title='bbox 767 283 926 321; x_wconf 86' lang='lat' dir='ltr'><strong>nomen,</strong></span> <span class='ocrx_word' id='word_1_16' title='bbox 954 271 1120 324; x_wconf 77' lang='lat' dir='ltr'><strong>quamvis</strong></span> <span class='ocrx_word' id='word_1_17' title='bbox 1139 270 1287 312; x_wconf 76' lang='lat' dir='ltr'>cuilibet</span> <span class='ocrx_word' id='word_1_18' title='bbox 1308 269 1653 322; x_wconf 61' lang='lat' dir='ltr'><strong>sacerdotiumque</strong></span> 
     </span>
     <span class='ocr_line' id='line_1_4' title="bbox 180 325 1653 379; baseline -0.001 -11"><span class='ocrx_word' id='word_1_19' title='bbox 180 325 330 370; x_wconf 57' lang='lat' dir='ltr'><strong>daban</strong></span> <span class='ocrx_word' id='word_1_20' title='bbox 356 328 490 371; x_wconf 81' lang='lat' dir='ltr'><strong>Graeci</strong></span> <span class='ocrx_word' id='word_1_21' title='bbox 515 328 659 368; x_wconf 76' lang='lat' dir='ltr'><strong>soleant</strong></span> <span class='ocrx_word' id='word_1_22' title='bbox 681 329 860 379; x_wconf 75' lang='lat' dir='ltr'><strong>affigere,</strong></span> <span class='ocrx_word' id='word_1_23' title='bbox 891 330 965 371; x_wconf 73' lang='grc' dir='ltr'><strong>τοῦ</strong></span> <span class='ocrx_word' id='word_1_24' title='bbox 993 325 1110 370; x_wconf 81' lang='grc' dir='ltr'><strong><em>πάπα</em></strong></span> <span class='ocrx_word' id='word_1_25' title='bbox 1138 329 1372 368; x_wconf 83' lang='lat' dir='ltr'><strong>nihilominus</strong></span> <span class='ocrx_word' id='word_1_26' title='bbox 1398 328 1544 367; x_wconf 83' lang='lat' dir='ltr'><strong>nonnisi</strong></span> <span class='ocrx_word' id='word_1_27' title='bbox 1569 328 1653 368; x_wconf 84' lang='lat' dir='ltr'><strong>Ro-</strong></span> 
     </span>
    </p>
   </div>
   <div class='ocr_carea' id='block_1_4' title="bbox 125 384 1652 438">
    <p class='ocr_par' dir='ltr' id='par_1_4' title="bbox 125 384 1652 438">
     <span class='ocr_line' id='line_1_5' title="bbox 125 384 1652 438; baseline 0.001 -16"><span class='ocrx_word' id='word_1_28' title='bbox 125 419 128 422; x_wconf 16' lang='lat'>(</span> <span class='ocrx_word' id='word_1_29' title='bbox 179 390 294 425; x_wconf 68' lang='lat' dir='ltr'><strong>nano</strong></span> <span class='ocrx_word' id='word_1_30' title='bbox 320 387 361 425; x_wconf 73' lang='lat' dir='ltr'><strong>et</strong></span> <span class='ocrx_word' id='word_1_31' title='bbox 384 384 632 426; x_wconf 80' lang='lat' dir='ltr'><strong>Alexandrino</strong></span> <span class='ocrx_word' id='word_1_32' title='bbox 660 387 897 438; x_wconf 77' lang='lat' dir='ltr'><strong>pontificibus</strong></span> <span class='ocrx_word' id='word_1_33' title='bbox 926 387 1152 425; x_wconf 81' lang='lat' dir='ltr'><strong>attribuunt:</strong></span> <span class='ocrx_word' id='word_1_34' title='bbox 1191 399 1237 425; x_wconf 92' lang='lat' dir='ltr'><strong>ac</strong></span> <span class='ocrx_word' id='word_1_35' title='bbox 1263 399 1312 426; x_wconf 89' lang='lat' dir='ltr'><strong>nc</strong></span> <span class='ocrx_word' id='word_1_36' title='bbox 1337 389 1453 424; x_wconf 87' lang='lat' dir='ltr'><strong>testes</strong></span> <span class='ocrx_word' id='word_1_37' title='bbox 1483 389 1652 438; x_wconf 81' lang='lat' dir='ltr'><strong>petamus</strong></span> 
     </span>
    </p>
   </div>
   <div class='ocr_carea' id='block_1_5' title="bbox 177 441 1657 1178">
    <p class='ocr_par' dir='ltr' id='par_1_5' title="bbox 179 441 1657 950">
     <span class='ocr_line' id='line_1_6' title="bbox 181 441 1655 496; baseline -0.002 -13"><span class='ocrx_word' id='word_1_38' title='bbox 181 447 414 493; x_wconf 73' lang='lat' dir='ltr'><strong>extraneos,</strong></span> <span class='ocrx_word' id='word_1_39' title='bbox 428 443 482 482; x_wconf 82' lang='lat' dir='ltr'><strong>sic</strong></span> <span class='ocrx_word' id='word_1_40' title='bbox 513 456 552 496; x_wconf 92' lang='lat' dir='ltr'><strong>p.</strong></span> <span class='ocrx_word' id='word_1_41' title='bbox 581 441 662 485; x_wconf 84' lang='lat'><strong>421</strong></span> <span class='ocrx_word' id='word_1_42' title='bbox 693 442 776 486; x_wconf 82' lang='lat'><strong>485</strong></span> <span class='ocrx_word' id='word_1_43' title='bbox 806 446 844 482; x_wconf 83' lang='lat' dir='ltr'><strong>et</strong></span> <span class='ocrx_word' id='word_1_44' title='bbox 870 442 958 482; x_wconf 84' lang='lat' dir='ltr'><strong>alibi</strong></span> <span class='ocrx_word' id='word_1_45' title='bbox 980 443 1118 495; x_wconf 80' lang='lat' dir='ltr'><strong>passim</strong></span> <span class='ocrx_word' id='word_1_46' title='bbox 1142 443 1286 482; x_wconf 85' lang='lat' dir='ltr'><strong>Romae</strong></span> <span class='ocrx_word' id='word_1_47' title='bbox 1305 443 1507 483; x_wconf 75' lang='lat' dir='ltr'><strong>antistitem</strong></span> <span class='ocrx_word' id='word_1_48' title='bbox 1527 442 1566 481; x_wconf 89' lang='lat' dir='ltr'><strong>in</strong></span> <span class='ocrx_word' id='word_1_49' title='bbox 1583 455 1655 480; x_wconf 88' lang='lat' dir='ltr'><strong>au-</strong></span> 
     </span>
     <span class='ocr_line' id='line_1_7' title="bbox 180 489 1655 551; baseline -0.001 -14"><span class='ocrx_word' id='word_1_50' title='bbox 180 502 285 538; x_wconf 81' lang='lat' dir='ltr'><strong>ctore</strong></span> <span class='ocrx_word' id='word_1_51' title='bbox 310 489 483 551; x_wconf 79' lang='lat' dir='ltr'><strong>seriptum</strong></span> <span class='ocrx_word' id='word_1_52' title='bbox 513 499 680 550; x_wconf 75' lang='lat' dir='ltr'><strong>legimus.</strong></span> <span class='ocrx_word' id='word_1_53' title='bbox 738 498 1023 539; x_wconf 82' lang='lat' dir='ltr'><strong>Alexandrinum</strong></span> <span class='ocrx_word' id='word_1_54' title='bbox 1057 512 1207 550; x_wconf 87' lang='lat' dir='ltr'><strong>quoque</strong></span> <span class='ocrx_word' id='word_1_55' title='bbox 1238 499 1292 538; x_wconf 84' lang='lat' dir='ltr'><strong>sic</strong></span> <span class='ocrx_word' id='word_1_56' title='bbox 1326 499 1465 539; x_wconf 86' lang='lat' dir='ltr'><strong>dictum</strong></span> <span class='ocrx_word' id='word_1_57' title='bbox 1499 499 1655 538; x_wconf 83' lang='lat' dir='ltr'><strong>civitatis</strong></span> 
     </span>
     <span class='ocr_line' id='line_1_8' title="bbox 180 554 1657 623; baseline 0 -29"><span class='ocrx_word' id='word_1_58' title='bbox 180 555 282 595; x_wconf 76' lang='lat' dir='ltr'><strong>illius</strong></span> <span class='ocrx_word' id='word_1_59' title='bbox 296 554 504 597; x_wconf 71' lang='lat' dir='ltr'><strong>incolarum</strong></span> <span class='ocrx_word' id='word_1_60' title='bbox 531 555 730 595; x_wconf 78' lang='lat' dir='ltr'>Timotheo</span> <span class='ocrx_word' id='word_1_61' title='bbox 758 556 895 596; x_wconf 82' lang='lat' dir='ltr'><strong>Aeluro</strong></span> <span class='ocrx_word' id='word_1_62' title='bbox 924 569 1103 623; x_wconf 84' lang='lat' dir='ltr'><strong>praesens</strong></span> <span class='ocrx_word' id='word_1_63' title='bbox 1127 558 1223 596; x_wconf 88' lang='lat' dir='ltr'><strong>saeta</strong></span> <span class='ocrx_word' id='word_1_64' title='bbox 1244 555 1478 607; x_wconf 77' lang='lat' dir='ltr'><strong>compellatio</strong></span> <span class='ocrx_word' id='word_1_65' title='bbox 1495 556 1657 594; x_wconf 87' lang='lat' dir='ltr'><strong>demon-</strong></span> 
     </span>
     <span class='ocr_line' id='line_1_9' title="bbox 179 607 1655 665; baseline -0.001 -14"><span class='ocrx_word' id='word_1_66' title='bbox 179 615 301 652; x_wconf 51' lang='lat' dir='ltr'><strong>strata⁴</strong></span> <span class='ocrx_word' id='word_1_67' title='bbox 341 607 556 665; x_wconf 62' lang='grc' dir='ltr'><strong>ἆψιομισας</strong></span> <span class='ocrx_word' id='word_1_68' title='bbox 569 609 673 660; x_wconf 67' lang='grc' dir='ltr'><strong>,τοὺς</strong></span> <span class='ocrx_word' id='word_1_69' title='bbox 694 607 868 665; x_wconf 75' lang='grc' dir='ltr'><strong>ἔχθρους</strong></span> <span class='ocrx_word' id='word_1_70' title='bbox 889 623 964 653; x_wconf 83' lang='grc' dir='ltr'><strong>σου</strong></span> <span class='ocrx_word' id='word_1_71' title='bbox 982 607 1112 653; x_wconf 76' lang='grc' dir='ltr'><strong>πόποι.</strong></span> <span class='ocrx_word' id='word_1_72' title='bbox 1170 613 1373 652; x_wconf 81' lang='lat' dir='ltr'><strong>ostendunt</strong></span> <span class='ocrx_word' id='word_1_73' title='bbox 1399 617 1437 652; x_wconf 89' lang='lat' dir='ltr'><strong>et</strong></span> <span class='ocrx_word' id='word_1_74' title='bbox 1467 625 1655 663; x_wconf 88' lang='lat' dir='ltr'><strong>quaecun-</strong></span> 
     </span>
     <span class='ocr_line' id='line_1_10' title="bbox 179 667 1655 722; baseline -0.001 -14"><span class='ocrx_word' id='word_1_75' title='bbox 179 681 277 721; x_wconf 99' lang='grc' dir='ltr'><strong>φο</strong></span> <span class='ocrx_word' id='word_1_76' title='bbox 276 667 338 708; x_wconf 67' lang='lat' dir='ltr'><strong>ab</strong></span> <span class='ocrx_word' id='word_1_77' title='bbox 358 667 609 710; x_wconf 68' lang='lat' dir='ltr'><strong>Alexandrina</strong></span> <span class='ocrx_word' id='word_1_78' title='bbox 634 669 725 709; x_wconf 88' lang='lat' dir='ltr'><strong>sede</strong></span> <span class='ocrx_word' id='word_1_79' title='bbox 742 669 930 722; x_wconf 88' lang='lat' dir='ltr'><strong>prodeunt</strong></span> <span class='ocrx_word' id='word_1_80' title='bbox 948 669 1192 722; x_wconf 79' lang='lat' dir='ltr'><strong>diplomatum</strong></span> <span class='ocrx_word' id='word_1_81' title='bbox 1212 668 1330 717; x_wconf 86' lang='lat' dir='ltr'><strong>tituli,</strong></span> <span class='ocrx_word' id='word_1_82' title='bbox 1359 681 1404 708; x_wconf 83' lang='lat' dir='ltr'><strong>ex</strong></span> <span class='ocrx_word' id='word_1_83' title='bbox 1423 682 1498 720; x_wconf 90' lang='lat' dir='ltr'><strong>quo</strong></span> <span class='ocrx_word' id='word_1_84' title='bbox 1518 668 1655 709; x_wconf 87' lang='lat' dir='ltr'><strong>Caele-</strong></span> 
     </span>
     <span class='ocr_line' id='line_1_11' title="bbox 177 725 1654 779; baseline -0.001 -13.999"><span class='ocrx_word' id='word_1_85' title='bbox 177 725 309 766; x_wconf 57' lang='lat' dir='ltr'><strong>atha</strong></span> <span class='ocrx_word' id='word_1_86' title='bbox 317 725 377 765; x_wconf 74' lang='lat' dir='ltr'><strong>ad</strong></span> <span class='ocrx_word' id='word_1_87' title='bbox 385 725 580 776; x_wconf 79' lang='lat' dir='ltr'><strong>Cyrillum,</strong></span> <span class='ocrx_word' id='word_1_88' title='bbox 607 729 649 765; x_wconf 91' lang='lat' dir='ltr'><strong>nt</strong></span> <span class='ocrx_word' id='word_1_89' title='bbox 663 727 784 765; x_wconf 85' lang='lat' dir='ltr'><strong>locum</strong></span> <span class='ocrx_word' id='word_1_90' title='bbox 802 738 907 765; x_wconf 87' lang='lat' dir='ltr'><strong>snum</strong></span> <span class='ocrx_word' id='word_1_91' title='bbox 926 726 966 765; x_wconf 89' lang='lat' dir='ltr'><strong>in</strong></span> <span class='ocrx_word' id='word_1_92' title='bbox 985 726 1174 779; x_wconf 87' lang='lat' dir='ltr'><strong>Ephesina</strong></span> <span class='ocrx_word' id='word_1_93' title='bbox 1193 726 1349 778; x_wconf 77' lang='lat' dir='ltr'><strong>Synodo</strong></span> <span class='ocrx_word' id='word_1_94' title='bbox 1367 729 1533 775; x_wconf 87' lang='lat' dir='ltr'><strong>teneret,</strong></span> <span class='ocrx_word' id='word_1_95' title='bbox 1561 726 1654 765; x_wconf 86' lang='lat' dir='ltr'><strong>scri-</strong></span> 
     </span>
     <span class='ocr_line' id='line_1_12' title="bbox 181 777 1656 835; baseline -0.001 -12"><span class='ocrx_word' id='word_1_96' title='bbox 181 781 308 834; x_wconf 64' lang='lat' dir='ltr'><strong>vuit.</strong></span> <span class='ocrx_word' id='word_1_97' title='bbox 315 777 449 830; x_wconf 57' lang='grc' dir='ltr'><strong>ἒξωῦ</strong></span> <span class='ocrx_word' id='word_1_98' title='bbox 467 778 613 835; x_wconf 73' lang='grc' dir='ltr'><strong>λόγος,</strong></span> <span class='ocrx_word' id='word_1_99' title='bbox 639 783 768 822; x_wconf 77' lang='lat' dir='ltr'>scribit</span> <span class='ocrx_word' id='word_1_100' title='bbox 791 782 1020 835; x_wconf 75' lang='lat' dir='ltr'><strong>Nicephorum</strong></span> <span class='ocrx_word' id='word_1_101' title='bbox 1050 782 1101 826; x_wconf 85' lang='lat'><strong>14</strong></span> <span class='ocrx_word' id='word_1_102' title='bbox 1130 782 1207 831; x_wconf 83' lang='lat'><strong>34,</strong></span> <span class='ocrx_word' id='word_1_103' title='bbox 1243 781 1314 823; x_wconf 78' lang='grc' dir='ltr'><strong>καὶ</strong></span> <span class='ocrx_word' id='word_1_104' title='bbox 1342 779 1386 824; x_wconf 85' lang='grc' dir='ltr'>τὸ</span> <span class='ocrx_word' id='word_1_105' title='bbox 1411 784 1486 835; x_wconf 83' lang='grc' dir='ltr'><strong>τῆς</strong></span> <span class='ocrx_word' id='word_1_106' title='bbox 1513 783 1656 834; x_wconf 77' lang='grc' dir='ltr'><strong><em>μίτρας</em></strong></span> 
     </span>
     <span class='ocr_line' id='line_1_13' title="bbox 182 836 1656 905; baseline 0.002 -27"><span class='ocrx_word' id='word_1_107' title='bbox 182 837 359 891; x_wconf 64' lang='grc' dir='ltr'><strong>ἐπίθεμα</strong></span> <span class='ocrx_word' id='word_1_108' title='bbox 387 838 594 891; x_wconf 78' lang='grc' dir='ltr'><strong><em>εἰληφέναι</em></strong></span> <span class='ocrx_word' id='word_1_109' title='bbox 621 837 690 879; x_wconf 75' lang='grc' dir='ltr'><strong>καὶ</strong></span> <span class='ocrx_word' id='word_1_110' title='bbox 715 853 790 905; x_wconf 82' lang='grc' dir='ltr'><strong>την</strong></span> <span class='ocrx_word' id='word_1_111' title='bbox 815 841 892 880; x_wconf 79' lang='grc' dir='ltr'><strong>τοῦ</strong></span> <span class='ocrx_word' id='word_1_112' title='bbox 911 836 1028 880; x_wconf 63' lang='grc' dir='ltr'><strong><em>πάντα</em></strong></span> <span class='ocrx_word' id='word_1_113' title='bbox 1045 839 1318 895; x_wconf 73' lang='grc' dir='ltr'><strong>προσηγορίαν</strong></span> <span class='ocrx_word' id='word_1_114' title='bbox 1335 840 1476 894; x_wconf 72' lang='grc' dir='ltr'><strong><em>λαβεῖν</em></strong></span> <span class='ocrx_word' id='word_1_115' title='bbox 1494 838 1656 893; x_wconf 79' lang='grc' dir='ltr'><strong><em>καὶτῆς</em></strong></span> 
     </span>
     <span class='ocr_line' id='line_1_14' title="bbox 183 890 1081 950; baseline 0 -13"><span class='ocrx_word' id='word_1_116' title='bbox 183 893 424 948; x_wconf 67' lang='grc' dir='ltr'><strong>οἱποαιμένης</strong></span> <span class='ocrx_word' id='word_1_117' title='bbox 442 893 584 950; x_wconf 62' lang='grc' dir='ltr'><strong>κριτήν</strong></span> <span class='ocrx_word' id='word_1_118' title='bbox 603 890 882 949; x_wconf 71' lang='grc' dir='ltr'><strong>ὀνομάζεσθαι.</strong></span> <span class='ocrx_word' id='word_1_119' title='bbox 939 897 1081 940; x_wconf 75' lang='lat' dir='ltr'><strong>GoAR.</strong></span> 
     </span>
    </p>

    <p class='ocr_par' dir='ltr' id='par_1_6' title="bbox 177 946 1657 1178">
     <span class='ocr_line' id='line_1_15' title="bbox 182 946 1656 1018; baseline -0.001 -26"><span class='ocrx_word' id='word_1_120' title='bbox 182 987 190 992; x_wconf 84' lang='lat'><em>.</em></span> <span class='ocrx_word' id='word_1_121' title='bbox 252 965 335 1018; x_wconf 51' lang='grc' dir='ltr'><strong>..Ρ</strong></span> <span class='ocrx_word' id='word_1_122' title='bbox 351 953 436 995; x_wconf 85' lang='grc'><strong>618</strong></span> <span class='ocrx_word' id='word_1_123' title='bbox 455 966 490 993; x_wconf 73' lang='lat' dir='ltr'><strong>v,</strong></span> <span class='ocrx_word' id='word_1_124' title='bbox 512 956 578 997; x_wconf 88' lang='lat'><strong>19.</strong></span> <span class='ocrx_word' id='word_1_125' title='bbox 634 950 664 1006; x_wconf 77' lang='grc' dir='ltr'><em>ἡ</em></span> <span class='ocrx_word' id='word_1_126' title='bbox 694 956 846 1006; x_wconf 81' lang='grc' dir='ltr'><strong>σφαῖρα</strong></span> <span class='ocrx_word' id='word_1_127' title='bbox 870 955 946 994; x_wconf 81' lang='grc' dir='ltr'><strong>τοῦ</strong></span> <span class='ocrx_word' id='word_1_128' title='bbox 972 948 1214 1008; x_wconf 69' lang='grc' dir='ltr'><strong>ἄνδριᾶντος</strong></span> <span class='ocrx_word' id='word_1_129' title='bbox 1232 954 1309 994; x_wconf 80' lang='grc' dir='ltr'><strong>τοῦ</strong></span> <span class='ocrx_word' id='word_1_130' title='bbox 1325 946 1481 1006; x_wconf 76' lang='grc' dir='ltr'><strong>φόρου]</strong></span> <span class='ocrx_word' id='word_1_131' title='bbox 1505 951 1656 1006; x_wconf 74' lang='lat' dir='ltr'><strong>globus</strong></span> 
     </span>
     <span class='ocr_line' id='line_1_16' title="bbox 181 1007 1656 1062; baseline 0.001 -14"><span class='ocrx_word' id='word_1_132' title='bbox 181 1007 242 1057; x_wconf 63' lang='lat' dir='ltr'><strong>ille</strong></span> <span class='ocrx_word' id='word_1_133' title='bbox 266 1008 434 1058; x_wconf 76' lang='lat' dir='ltr'><strong>nimirum</strong></span> <span class='ocrx_word' id='word_1_134' title='bbox 457 1022 567 1062; x_wconf 85' lang='lat' dir='ltr'><strong>quem</strong></span> <span class='ocrx_word' id='word_1_135' title='bbox 596 1013 720 1049; x_wconf 85' lang='lat' dir='ltr'><strong>statua</strong></span> <span class='ocrx_word' id='word_1_136' title='bbox 750 1009 987 1050; x_wconf 79' lang='lat' dir='ltr'><strong>Constantini</strong></span> <span class='ocrx_word' id='word_1_137' title='bbox 1017 1011 1057 1049; x_wconf 89' lang='lat' dir='ltr'><strong>in</strong></span> <span class='ocrx_word' id='word_1_138' title='bbox 1085 1011 1168 1050; x_wconf 81' lang='lat' dir='ltr'><strong>foro</strong></span> <span class='ocrx_word' id='word_1_139' title='bbox 1198 1015 1322 1050; x_wconf 85' lang='lat' dir='ltr'><strong>erecta</strong></span> <span class='ocrx_word' id='word_1_140' title='bbox 1350 1023 1461 1050; x_wconf 87' lang='lat' dir='ltr'><strong>manu</strong></span> <span class='ocrx_word' id='word_1_141' title='bbox 1486 1011 1656 1060; x_wconf 84' lang='lat' dir='ltr'><strong>gerebat,</strong></span> 
     </span>
     <span class='ocr_line' id='line_1_17' title="bbox 177 1065 1657 1119; baseline -0.001 -12"><span class='ocrx_word' id='word_1_142' title='bbox 177 1077 258 1111; x_wconf 72' lang='lat' dir='ltr'><strong>non</strong></span> <span class='ocrx_word' id='word_1_143' title='bbox 281 1077 379 1112; x_wconf 66' lang='lat' dir='ltr'><strong>vero</strong></span> <span class='ocrx_word' id='word_1_144' title='bbox 387 1065 609 1110; x_wconf 70' lang='lat' dir='ltr'><strong>columnae</strong></span> <span class='ocrx_word' id='word_1_145' title='bbox 632 1065 799 1118; x_wconf 78' lang='lat' dir='ltr'><strong>globus,</strong></span> <span class='ocrx_word' id='word_1_146' title='bbox 842 1071 884 1106; x_wconf 91' lang='lat' dir='ltr'><strong>ut</strong></span> <span class='ocrx_word' id='word_1_147' title='bbox 909 1080 1101 1119; x_wconf 81' lang='lat' dir='ltr'><strong>perperam</strong></span> <span class='ocrx_word' id='word_1_148' title='bbox 1128 1066 1340 1119; x_wconf 76' lang='lat' dir='ltr'><strong>thnder,</strong></span> <span class='ocrx_word' id='word_1_149' title='bbox 1381 1067 1452 1105; x_wconf 89' lang='lat' dir='ltr'><strong>nisi</strong></span> <span class='ocrx_word' id='word_1_150' title='bbox 1478 1066 1657 1106; x_wconf 85' lang='lat' dir='ltr'><strong>vocabulo</strong></span> 
     </span>
     <span class='ocr_line' id='line_1_18' title="bbox 180 1121 1654 1178; baseline -0.001 -13"><span class='ocrx_word' id='word_1_151' title='bbox 180 1121 371 1172; x_wconf 64' lang='lat' dir='ltr'><strong>cultu-nae</strong></span> <span class='ocrx_word' id='word_1_152' title='bbox 387 1124 578 1165; x_wconf 67' lang='lat' dir='ltr'><strong>statuam</strong></span> <span class='ocrx_word' id='word_1_153' title='bbox 567 1136 607 1163; x_wconf 89' lang='grc' dir='ltr'><strong>ιιι</strong></span> <span class='ocrx_word' id='word_1_154' title='bbox 625 1125 793 1163; x_wconf 88' lang='lat' dir='ltr'><strong>columna</strong></span> <span class='ocrx_word' id='word_1_155' title='bbox 811 1123 1074 1177; x_wconf 86' lang='lat' dir='ltr'><strong>Porphyretica</strong></span> <span class='ocrx_word' id='word_1_156' title='bbox 1093 1125 1254 1178; x_wconf 78' lang='lat' dir='ltr'><strong>positam</strong></span> <span class='ocrx_word' id='word_1_157' title='bbox 1274 1124 1476 1176; x_wconf 82' lang='lat' dir='ltr'><strong>intelligat,</strong></span> <span class='ocrx_word' id='word_1_158' title='bbox 1506 1124 1556 1164; x_wconf 85' lang='lat' dir='ltr'><strong>de</strong></span> <span class='ocrx_word' id='word_1_159' title='bbox 1579 1136 1654 1176; x_wconf 84' lang='lat' dir='ltr'><strong>qua</strong></span> 
     </span>
    </p>
   </div>
   <div class='ocr_carea' id='block_1_6' title="bbox 173 1179 798 1235">
    <p class='ocr_par' dir='ltr' id='par_1_7' title="bbox 173 1179 798 1235">
     <span class='ocr_line' id='line_1_19' title="bbox 173 1179 798 1235; baseline 0.002 -16"><span class='ocrx_word' id='word_1_160' title='bbox 173 1190 255 1235; x_wconf 82' lang='grc' dir='ltr'><strong>,ιφ</strong></span> <span class='ocrx_word' id='word_1_161' title='bbox 272 1183 406 1226; x_wconf 71' lang='lat' dir='ltr'><strong>auctor</strong></span> <span class='ocrx_word' id='word_1_162' title='bbox 421 1179 485 1227; x_wconf 78' lang='grc' dir='ltr'><strong>6ο1.</strong></span> <span class='ocrx_word' id='word_1_163' title='bbox 504 1180 600 1223; x_wconf 82' lang='lat'><strong>265</strong></span> <span class='ocrx_word' id='word_1_164' title='bbox 658 1180 798 1220; x_wconf 71' lang='lat' dir='ltr'><strong>Gom.</strong></span> 
     </span>
    </p>
   </div>
   <div class='ocr_carea' id='block_1_7' title="bbox 290 1233 1657 1350">
    <p class='ocr_par' dir='ltr' id='par_1_8' title="bbox 290 1233 1657 1350">
     <span class='ocr_line' id='line_1_20' title="bbox 295 1233 1569 1290; baseline 0 -15"><span class='ocrx_word' id='word_1_165' title='bbox 295 1234 351 1273; x_wconf 84' lang='lat' dir='ltr'><strong>ib.</strong></span> <span class='ocrx_word' id='word_1_166' title='bbox 374 1248 408 1275; x_wconf 84' lang='lat' dir='ltr'><strong>v.</strong></span> <span class='ocrx_word' id='word_1_167' title='bbox 425 1238 494 1279; x_wconf 82' lang='lat'><strong>20.</strong></span> <span class='ocrx_word' id='word_1_168' title='bbox 549 1237 623 1278; x_wconf 76' lang='grc' dir='ltr'><strong>τοῦ</strong></span> <span class='ocrx_word' id='word_1_169' title='bbox 649 1233 830 1290; x_wconf 76' lang='grc' dir='ltr'><strong>Ταύρου]</strong></span> <span class='ocrx_word' id='word_1_170' title='bbox 866 1236 988 1290; x_wconf 85' lang='lat' dir='ltr'><strong>platea</strong></span> <span class='ocrx_word' id='word_1_171' title='bbox 1009 1237 1166 1276; x_wconf 86' lang='lat' dir='ltr'><strong>civitatis</strong></span> <span class='ocrx_word' id='word_1_172' title='bbox 1183 1238 1237 1276; x_wconf 83' lang='lat' dir='ltr'><strong>ita</strong></span> <span class='ocrx_word' id='word_1_173' title='bbox 1256 1237 1370 1277; x_wconf 84' lang='lat' dir='ltr'><strong>dicta.</strong></span> <span class='ocrx_word' id='word_1_174' title='bbox 1426 1237 1569 1277; x_wconf 76' lang='lat' dir='ltr'><strong>GoAn.</strong></span> 
     </span>
     <span class='ocr_line' id='line_1_21' title="bbox 290 1292 1657 1350; baseline -0.003 -14"><span class='ocrx_word' id='word_1_175' title='bbox 290 1305 341 1347; x_wconf 80' lang='grc' dir='ltr'><strong>Ρ·</strong></span> <span class='ocrx_word' id='word_1_176' title='bbox 351 1293 434 1336; x_wconf 89' lang='grc'><strong>619</strong></span> <span class='ocrx_word' id='word_1_177' title='bbox 451 1305 486 1335; x_wconf 77' lang='lat' dir='ltr'><strong>v,</strong></span> <span class='ocrx_word' id='word_1_178' title='bbox 506 1295 546 1339; x_wconf 87' lang='lat'><strong>8·</strong></span> <span class='ocrx_word' id='word_1_179' title='bbox 606 1292 787 1350; x_wconf 77' lang='grc' dir='ltr'><strong>ἔκδικον]</strong></span> <span class='ocrx_word' id='word_1_180' title='bbox 817 1293 929 1345; x_wconf 84' lang='lat' dir='ltr'><strong>longe</strong></span> <span class='ocrx_word' id='word_1_181' title='bbox 957 1299 1014 1334; x_wconf 88' lang='lat' dir='ltr'><strong>est</strong></span> <span class='ocrx_word' id='word_1_182' title='bbox 1042 1295 1090 1333; x_wconf 90' lang='lat' dir='ltr'><strong>ab</strong></span> <span class='ocrx_word' id='word_1_183' title='bbox 1119 1295 1357 1345; x_wconf 87' lang='lat' dir='ltr'><strong>exsequendo</strong></span> <span class='ocrx_word' id='word_1_184' title='bbox 1383 1293 1509 1334; x_wconf 90' lang='lat' dir='ltr'><strong>Latini</strong></span> <span class='ocrx_word' id='word_1_185' title='bbox 1537 1296 1657 1333; x_wconf 89' lang='lat' dir='ltr'><strong>inter-</strong></span> 
     </span>
    </p>
   </div>
   <div class='ocr_carea' id='block_1_8' title="bbox 174 1347 1660 1404">
    <p class='ocr_par' dir='ltr' id='par_1_9' title="bbox 174 1347 1660 1404">
     <span class='ocr_line' id='line_1_22' title="bbox 174 1347 1660 1404; baseline 0.001 -17"><span class='ocrx_word' id='word_1_186' title='bbox 174 1347 298 1403; x_wconf 74' lang='lat' dir='ltr'><strong>pretis</strong></span> <span class='ocrx_word' id='word_1_187' title='bbox 323 1349 447 1400; x_wconf 81' lang='lat' dir='ltr'><strong>officio</strong></span> <span class='ocrx_word' id='word_1_188' title='bbox 471 1348 686 1403; x_wconf 78' lang='lat' dir='ltr'><strong>Xylander,</strong></span> <span class='ocrx_word' id='word_1_189' title='bbox 715 1353 777 1403; x_wconf 90' lang='lat' dir='ltr'><strong>qui</strong></span> <span class='ocrx_word' id='word_1_190' title='bbox 802 1363 878 1389; x_wconf 90' lang='lat' dir='ltr'><strong>non</strong></span> <span class='ocrx_word' id='word_1_191' title='bbox 903 1350 1146 1404; x_wconf 59' lang='lat' dir='ltr'><strong>deflens-orem</strong></span> <span class='ocrx_word' id='word_1_192' title='bbox 1170 1352 1238 1391; x_wconf 88' lang='lat' dir='ltr'><strong>sed</strong></span> <span class='ocrx_word' id='word_1_193' title='bbox 1263 1356 1522 1392; x_wconf 75' lang='lat' dir='ltr'><strong>exsecutorem</strong></span> <span class='ocrx_word' id='word_1_194' title='bbox 1547 1352 1660 1390; x_wconf 85' lang='lat' dir='ltr'><strong>vertit</strong></span> 
     </span>
    </p>
   </div>
   <div class='ocr_carea' id='block_1_9' title="bbox 179 1402 1661 1634">
    <p class='ocr_par' dir='ltr' id='par_1_10' title="bbox 179 1402 1661 1629">
     <span class='ocr_line' id='line_1_23' title="bbox 183 1402 1659 1461; baseline -0.001 -14"><span class='ocrx_word' id='word_1_195' title='bbox 183 1402 383 1447; x_wconf 72' lang='grc' dir='ltr'><strong>ἔκδικον</strong></span> <span class='ocrx_word' id='word_1_196' title='bbox 395 1407 502 1458; x_wconf 86' lang='lat' dir='ltr'><strong>quid</strong></span> <span class='ocrx_word' id='word_1_197' title='bbox 534 1414 815 1458; x_wconf 83' lang='lat' dir='ltr'><strong>exsequeretur,</strong></span> <span class='ocrx_word' id='word_1_198' title='bbox 844 1406 994 1447; x_wconf 62' lang='lat' dir='ltr'><strong>edicat?</strong></span> <span class='ocrx_word' id='word_1_199' title='bbox 1030 1407 1216 1461; x_wconf 46' lang='lat' dir='ltr'><strong>defiens-or</strong></span> <span class='ocrx_word' id='word_1_200' title='bbox 1242 1410 1344 1448; x_wconf 86' lang='lat' dir='ltr'><strong>certe</strong></span> <span class='ocrx_word' id='word_1_201' title='bbox 1370 1410 1491 1446; x_wconf 89' lang='lat' dir='ltr'><strong>causis</strong></span> <span class='ocrx_word' id='word_1_202' title='bbox 1515 1421 1659 1460; x_wconf 78' lang='lat' dir='ltr'><strong>paupe-</strong></span> 
     </span>
     <span class='ocr_line' id='line_1_24' title="bbox 182 1462 1659 1516; baseline -0.001 -12"><span class='ocrx_word' id='word_1_203' title='bbox 182 1475 265 1504; x_wconf 81' lang='lat' dir='ltr'><strong>rum</strong></span> <span class='ocrx_word' id='word_1_204' title='bbox 291 1466 329 1502; x_wconf 87' lang='lat' dir='ltr'><strong>et</strong></span> <span class='ocrx_word' id='word_1_205' title='bbox 348 1462 586 1514; x_wconf 84' lang='lat' dir='ltr'><strong>ecclesiarum</strong></span> <span class='ocrx_word' id='word_1_206' title='bbox 613 1465 790 1512; x_wconf 79' lang='lat' dir='ltr'><strong>vacabat,</strong></span> <span class='ocrx_word' id='word_1_207' title='bbox 821 1465 924 1504; x_wconf 89' lang='lat' dir='ltr'><strong>cuius</strong></span> <span class='ocrx_word' id='word_1_208' title='bbox 945 1464 1088 1503; x_wconf 88' lang='lat' dir='ltr'><strong>titulum</strong></span> <span class='ocrx_word' id='word_1_209' title='bbox 1112 1466 1228 1516; x_wconf 87' lang='lat' dir='ltr'><strong>gessit</strong></span> <span class='ocrx_word' id='word_1_210' title='bbox 1245 1465 1485 1503; x_wconf 78' lang='lat' dir='ltr'><strong>Sebastianus</strong></span> <span class='ocrx_word' id='word_1_211' title='bbox 1506 1469 1659 1515; x_wconf 85' lang='lat' dir='ltr'><strong>martyr.</strong></span> 
     </span>
     <span class='ocr_line' id='line_1_25' title="bbox 181 1515 1660 1574; baseline 0.001 -16"><span class='ocrx_word' id='word_1_212' title='bbox 181 1515 403 1573; x_wconf 69' lang='lat' dir='ltr'><strong>eundem‚‘</strong></span> <span class='ocrx_word' id='word_1_213' title='bbox 391 1533 466 1559; x_wconf 87' lang='grc' dir='ltr'><strong>ιιιιο</strong></span> <span class='ocrx_word' id='word_1_214' title='bbox 495 1519 643 1574; x_wconf 81' lang='lat' dir='ltr'><strong>plures,</strong></span> <span class='ocrx_word' id='word_1_215' title='bbox 671 1526 709 1560; x_wconf 88' lang='lat' dir='ltr'><strong>et</strong></span> <span class='ocrx_word' id='word_1_216' title='bbox 729 1534 840 1574; x_wconf 86' lang='lat' dir='ltr'><strong>super</strong></span> <span class='ocrx_word' id='word_1_217' title='bbox 857 1533 984 1560; x_wconf 86' lang='lat' dir='ltr'><strong>omnes</strong></span> <span class='ocrx_word' id='word_1_218' title='bbox 1006 1522 1202 1574; x_wconf 86' lang='lat' dir='ltr'><strong>primatem</strong></span> <span class='ocrx_word' id='word_1_219' title='bbox 1224 1521 1377 1560; x_wconf 86' lang='lat' dir='ltr'><strong>ecclesia</strong></span> <span class='ocrx_word' id='word_1_220' title='bbox 1397 1522 1542 1560; x_wconf 76' lang='lat' dir='ltr'><strong>Graeca</strong></span> <span class='ocrx_word' id='word_1_221' title='bbox 1564 1522 1660 1560; x_wconf 89' lang='lat' dir='ltr'><strong>inter</strong></span> 
     </span>
     <span class='ocr_line' id='line_1_26' title="bbox 179 1570 1661 1634; baseline 0.001 -19"><span class='ocrx_word' id='word_1_222' title='bbox 179 1570 382 1634; x_wconf 72' lang='lat' dir='ltr'><strong>officiales,</strong></span> <span class='ocrx_word' id='word_1_223' title='bbox 416 1577 466 1618; x_wconf 88' lang='lat' dir='ltr'><strong>dc</strong></span> <span class='ocrx_word' id='word_1_224' title='bbox 493 1575 626 1629; x_wconf 86' lang='lat' dir='ltr'><strong>quibus</strong></span> <span class='ocrx_word' id='word_1_225' title='bbox 655 1578 842 1627; x_wconf 81' lang='lat' dir='ltr'><strong>cedinus,</strong></span> <span class='ocrx_word' id='word_1_226' title='bbox 867 1581 1049 1617; x_wconf 81' lang='lat' dir='ltr'><strong>recenset.</strong></span> <span class='ocrx_word' id='word_1_227' title='bbox 1108 1579 1188 1618; x_wconf 90' lang='lat' dir='ltr'><strong>de</strong></span> <span class='ocrx_word' id='word_1_228' title='bbox 1177 1578 1223 1618; x_wconf 78' lang='lat' dir='ltr'><strong>iis</strong></span> <span class='ocrx_word' id='word_1_229' title='bbox 1247 1577 1440 1618; x_wconf 85' lang='lat' dir='ltr'><strong>concilium</strong></span> <span class='ocrx_word' id='word_1_230' title='bbox 1461 1578 1661 1629; x_wconf 85' lang='lat' dir='ltr'><strong>Carthagi-</strong></span> 
     </span>
    </p>
   </div>
   <div class='ocr_carea' id='block_1_10' title="bbox 180 1632 1083 1686">
    <p class='ocr_par' dir='ltr' id='par_1_11' title="bbox 180 1632 1083 1686">
     <span class='ocr_line' id='line_1_27' title="bbox 180 1632 1083 1686; baseline -0.004 -11"><span class='ocrx_word' id='word_1_231' title='bbox 180 1644 307 1675; x_wconf 81' lang='lat' dir='ltr'><strong>nense</strong></span> <span class='ocrx_word' id='word_1_232' title='bbox 317 1632 420 1686; x_wconf 84' lang='lat' dir='ltr'><strong>apud</strong></span> <span class='ocrx_word' id='word_1_233' title='bbox 441 1633 696 1675; x_wconf 77' lang='lat' dir='ltr'><strong>Balsamonem</strong></span> <span class='ocrx_word' id='word_1_234' title='bbox 720 1647 799 1682; x_wconf 76' lang='lat' dir='ltr'><strong>can.</strong></span> <span class='ocrx_word' id='word_1_235' title='bbox 818 1635 886 1677; x_wconf 83' lang='grc'><strong>78.</strong></span> <span class='ocrx_word' id='word_1_236' title='bbox 943 1635 1083 1673; x_wconf 66' lang='lat' dir='ltr'><strong>Gon.</strong></span> 
     </span>
    </p>
   </div>
   <div class='ocr_carea' id='block_1_11' title="bbox 179 1687 1662 2256">
    <p class='ocr_par' dir='ltr' id='par_1_12' title="bbox 180 1687 1662 1857">
     <span class='ocr_line' id='line_1_28' title="bbox 278 1687 1662 1744; baseline -0.002 -12.969"><span class='ocrx_word' id='word_1_237' title='bbox 278 1694 332 1742; x_wconf 86' lang='grc' dir='ltr'><strong>Ρ.</strong></span> <span class='ocrx_word' id='word_1_238' title='bbox 350 1690 434 1733; x_wconf 78' lang='grc'><strong>620</strong></span> <span class='ocrx_word' id='word_1_239' title='bbox 452 1703 488 1730; x_wconf 79' lang='lat' dir='ltr'>v</span> <span class='ocrx_word' id='word_1_240' title='bbox 505 1692 545 1734; x_wconf 84' lang='grc'>8</span> <span class='ocrx_word' id='word_1_241' title='bbox 591 1687 760 1743; x_wconf 76' lang='grc' dir='ltr'><strong>”Οασιν]</strong></span> <span class='ocrx_word' id='word_1_242' title='bbox 790 1703 962 1742; x_wconf 85' lang='lat' dir='ltr'><strong>magnam</strong></span> <span class='ocrx_word' id='word_1_243' title='bbox 987 1692 1183 1739; x_wconf 86' lang='lat' dir='ltr'><strong>videlicet,</strong></span> <span class='ocrx_word' id='word_1_244' title='bbox 1219 1691 1320 1729; x_wconf 81' lang='lat' dir='ltr'><strong>iuxta</strong></span> <span class='ocrx_word' id='word_1_245' title='bbox 1346 1689 1507 1744; x_wconf 85' lang='lat' dir='ltr'><strong>Abydon</strong></span> <span class='ocrx_word' id='word_1_246' title='bbox 1538 1690 1662 1738; x_wconf 84' lang='lat' dir='ltr'><strong>sitam,</strong></span> 
     </span>
     <span class='ocr_line' id='line_1_29' title="bbox 181 1744 1657 1801; baseline 0.001 -16"><span class='ocrx_word' id='word_1_247' title='bbox 181 1744 340 1786; x_wconf 65' lang='lat' dir='ltr'><strong>sterilem</strong></span> <span class='ocrx_word' id='word_1_248' title='bbox 349 1775 362 1796; x_wconf 88' lang='lat'>,</span> <span class='ocrx_word' id='word_1_249' title='bbox 387 1747 562 1788; x_wconf 77' lang='lat' dir='ltr'><strong>incultam</strong></span> <span class='ocrx_word' id='word_1_250' title='bbox 579 1753 620 1788; x_wconf 89' lang='lat' dir='ltr'><strong>et</strong></span> <span class='ocrx_word' id='word_1_251' title='bbox 636 1748 894 1799; x_wconf 76' lang='lat' dir='ltr'><strong>inhabitatam,</strong></span> <span class='ocrx_word' id='word_1_252' title='bbox 923 1749 962 1788; x_wconf 89' lang='lat' dir='ltr'><strong>in</strong></span> <span class='ocrx_word' id='word_1_253' title='bbox 978 1761 1090 1801; x_wconf 88' lang='lat' dir='ltr'><strong>quam</strong></span> <span class='ocrx_word' id='word_1_254' title='bbox 1107 1747 1336 1800; x_wconf 84' lang='lat' dir='ltr'><strong>deliquentes</strong></span> <span class='ocrx_word' id='word_1_255' title='bbox 1353 1749 1657 1801; x_wconf 86' lang='lat' dir='ltr'><strong>deportabantur.</strong></span> 
     </span>
     <span class='ocr_line' id='line_1_30' title="bbox 180 1801 904 1857; baseline 0.001 -16"><span class='ocrx_word' id='word_1_256' title='bbox 180 1802 291 1857; x_wconf 83' lang='lat' dir='ltr'><strong>plura</strong></span> <span class='ocrx_word' id='word_1_257' title='bbox 314 1801 538 1857; x_wconf 79' lang='lat' dir='ltr'><strong>Pancirollns</strong></span> <span class='ocrx_word' id='word_1_258' title='bbox 558 1817 591 1844; x_wconf 88' lang='lat' dir='ltr'><strong>c.</strong></span> <span class='ocrx_word' id='word_1_259' title='bbox 613 1804 708 1847; x_wconf 89' lang='grc'><strong>140.</strong></span> <span class='ocrx_word' id='word_1_260' title='bbox 763 1805 904 1844; x_wconf 65' lang='lat' dir='ltr'><strong>Gon.</strong></span> 
     </span>
    </p>

    <p class='ocr_par' dir='ltr' id='par_1_13' title="bbox 179 1857 1659 2199">
     <span class='ocr_line' id='line_1_31' title="bbox 236 1857 1659 1930; baseline -0.003 -26"><span class='ocrx_word' id='word_1_261' title='bbox 236 1875 240 1881; x_wconf 77' lang='grc'><em>’</em></span> <span class='ocrx_word' id='word_1_262' title='bbox 293 1857 350 1899; x_wconf 70' lang='lat' dir='ltr'><strong>ib·</strong></span> <span class='ocrx_word' id='word_1_263' title='bbox 380 1871 417 1900; x_wconf 77' lang='lat' dir='ltr'><strong>V·</strong></span> <span class='ocrx_word' id='word_1_264' title='bbox 446 1862 487 1904; x_wconf 79' lang='lat'><strong>‘7-</strong></span> <span class='ocrx_word' id='word_1_265' title='bbox 541 1861 753 1930; x_wconf 72' lang='grc' dir='ltr'><strong>τρισαγίῳ]</strong></span> <span class='ocrx_word' id='word_1_266' title='bbox 795 1863 915 1901; x_wconf 90' lang='lat' dir='ltr'><strong>oratio</strong></span> <span class='ocrx_word' id='word_1_267' title='bbox 948 1865 1027 1911; x_wconf 86' lang='lat' dir='ltr'><strong>est,</strong></span> <span class='ocrx_word' id='word_1_268' title='bbox 1072 1875 1147 1914; x_wconf 88' lang='lat' dir='ltr'><strong>qua</strong></span> <span class='ocrx_word' id='word_1_269' title='bbox 1180 1861 1232 1900; x_wconf 90' lang='lat' dir='ltr'><strong>nil</strong></span> <span class='ocrx_word' id='word_1_270' title='bbox 1266 1862 1495 1912; x_wconf 83' lang='lat' dir='ltr'><strong>frequentius</strong></span> <span class='ocrx_word' id='word_1_271' title='bbox 1523 1862 1560 1900; x_wconf 89' lang='lat' dir='ltr'><strong>in</strong></span> <span class='ocrx_word' id='word_1_272' title='bbox 1593 1874 1659 1900; x_wconf 85' lang='lat' dir='ltr'><strong>ore</strong></span> 
     </span>
     <span class='ocr_line' id='line_1_32' title="bbox 181 1913 1658 1986; baseline 0.002 -32"><span class='ocrx_word' id='word_1_273' title='bbox 181 1915 430 1956; x_wconf 81' lang='lat' dir='ltr'><strong>Graecorum:</strong></span> <span class='ocrx_word' id='word_1_274' title='bbox 460 1913 574 1986; x_wconf 63' lang='lat'>“7¹99</span> <span class='ocrx_word' id='word_1_275' title='bbox 594 1917 619 1961; x_wconf 83' lang='grc' dir='ltr'>ὁ</span> <span class='ocrx_word' id='word_1_276' title='bbox 635 1915 752 1966; x_wconf 81' lang='grc' dir='ltr'><em>θεός,</em></span> <span class='ocrx_word' id='word_1_277' title='bbox 781 1932 896 1971; x_wconf 81' lang='grc' dir='ltr'><strong>αγιος</strong></span> <span class='ocrx_word' id='word_1_278' title='bbox 915 1915 1092 1973; x_wconf 74' lang='grc' dir='ltr'><strong><em>ἰσχυρός,</em></strong></span> <span class='ocrx_word' id='word_1_279' title='bbox 1118 1933 1231 1972; x_wconf 77' lang='grc' dir='ltr'><strong>αγιος</strong></span> <span class='ocrx_word' id='word_1_280' title='bbox 1249 1913 1469 1967; x_wconf 69' lang='grc' dir='ltr'><strong>ἀθάνατος,</strong></span> <span class='ocrx_word' id='word_1_281' title='bbox 1493 1916 1658 1970; x_wconf 76' lang='grc' dir='ltr'><strong>ἐλέησον</strong></span> 
     </span>
     <span class='ocr_line' id='line_1_33' title="bbox 180 1971 1657 2027; baseline 0 -14"><span class='ocrx_word' id='word_1_282' title='bbox 180 1971 304 2027; x_wconf 75' lang='grc' dir='ltr'><strong>ημᾶς.</strong></span> <span class='ocrx_word' id='word_1_283' title='bbox 361 1978 449 2013; x_wconf 75' lang='lat' dir='ltr'><strong>anto</strong></span> <span class='ocrx_word' id='word_1_284' title='bbox 481 1976 581 2014; x_wconf 88' lang='lat' dir='ltr'><strong>cuius</strong></span> <span class='ocrx_word' id='word_1_285' title='bbox 615 1975 743 2014; x_wconf 86' lang='lat' dir='ltr'><strong>ultima</strong></span> <span class='ocrx_word' id='word_1_286' title='bbox 767 1976 881 2014; x_wconf 86' lang='lat' dir='ltr'><strong>verba</strong></span> <span class='ocrx_word' id='word_1_287' title='bbox 907 1975 999 2014; x_wconf 86' lang='lat' dir='ltr'><strong>haee</strong></span> <span class='ocrx_word' id='word_1_288' title='bbox 1026 1976 1099 2014; x_wconf 87' lang='lat' dir='ltr'><strong>alia</strong></span> <span class='ocrx_word' id='word_1_289' title='bbox 1124 1974 1228 2015; x_wconf 86' lang='lat' dir='ltr'><strong>Petri</strong></span> <span class='ocrx_word' id='word_1_290' title='bbox 1255 1974 1482 2027; x_wconf 86' lang='lat' dir='ltr'><strong>Gnaphaei</strong></span> <span class='ocrx_word' id='word_1_291' title='bbox 1477 1987 1657 2025; x_wconf 81' lang='lat' dir='ltr'><strong>sequaces</strong></span> 
     </span>
     <span class='ocr_line' id='line_1_34' title="bbox 179 2027 1658 2084; baseline 0.001 -16"><span class='ocrx_word' id='word_1_292' title='bbox 179 2030 375 2069; x_wconf 83' lang='lat' dir='ltr'><strong>voluerunt</strong></span> <span class='ocrx_word' id='word_1_293' title='bbox 393 2032 554 2071; x_wconf 75' lang='lat' dir='ltr'><strong>inserta:</strong></span> <span class='ocrx_word' id='word_1_294' title='bbox 584 2029 606 2073; x_wconf 81' lang='grc' dir='ltr'>ὅ</span> <span class='ocrx_word' id='word_1_295' title='bbox 634 2031 884 2084; x_wconf 76' lang='grc' dir='ltr'><em>σταυρωθεὶς</em></span> <span class='ocrx_word' id='word_1_296' title='bbox 912 2027 972 2072; x_wconf 74' lang='grc' dir='ltr'><strong>δι’</strong></span> <span class='ocrx_word' id='word_1_297' title='bbox 997 2029 1118 2084; x_wconf 79' lang='grc' dir='ltr'><strong>ημᾶς.</strong></span> <span class='ocrx_word' id='word_1_298' title='bbox 1174 2032 1234 2070; x_wconf 85' lang='lat' dir='ltr'><strong>hic</strong></span> <span class='ocrx_word' id='word_1_299' title='bbox 1260 2044 1372 2084; x_wconf 87' lang='lat' dir='ltr'><strong>porro</strong></span> <span class='ocrx_word' id='word_1_300' title='bbox 1396 2032 1554 2082; x_wconf 86' lang='lat' dir='ltr'><strong>hymnus</strong></span> <span class='ocrx_word' id='word_1_301' title='bbox 1579 2044 1658 2070; x_wconf 88' lang='lat' dir='ltr'><strong>non</strong></span> 
     </span>
     <span class='ocr_line' id='line_1_35' title="bbox 181 2087 1658 2140; baseline 0.001 -14"><span class='ocrx_word' id='word_1_302' title='bbox 181 2088 457 2126; x_wconf 66' lang='lat' dir='ltr'><strong>sanctissimus</strong></span> <span class='ocrx_word' id='word_1_303' title='bbox 479 2094 688 2140; x_wconf 89' lang='lat' dir='ltr'><strong>utcunque,</strong></span> <span class='ocrx_word' id='word_1_304' title='bbox 717 2090 820 2127; x_wconf 83' lang='lat' dir='ltr'><strong>iuxta</strong></span> <span class='ocrx_word' id='word_1_305' title='bbox 847 2087 1101 2138; x_wconf 84' lang='lat' dir='ltr'><strong>Xylandrum,</strong></span> <span class='ocrx_word' id='word_1_306' title='bbox 1129 2089 1196 2127; x_wconf 86' lang='lat' dir='ltr'><strong>sed</strong></span> <span class='ocrx_word' id='word_1_307' title='bbox 1224 2093 1283 2125; x_wconf 73' lang='lat' dir='ltr'><strong>ter</strong></span> <span class='ocrx_word' id='word_1_308' title='bbox 1309 2094 1494 2136; x_wconf 79' lang='lat' dir='ltr'><strong>sanctus,</strong></span> <span class='ocrx_word' id='word_1_309' title='bbox 1524 2088 1574 2127; x_wconf 92' lang='lat' dir='ltr'><strong>ob</strong></span> <span class='ocrx_word' id='word_1_310' title='bbox 1599 2092 1658 2127; x_wconf 88' lang='lat' dir='ltr'><strong>ter</strong></span> 
     </span>
     <span class='ocr_line' id='line_1_36' title="bbox 182 2146 1583 2199; baseline 0 -16"><span class='ocrx_word' id='word_1_311' title='bbox 182 2149 348 2183; x_wconf 71' lang='lat' dir='ltr'><strong>sanctus</strong></span> <span class='ocrx_word' id='word_1_312' title='bbox 365 2157 493 2184; x_wconf 76' lang='lat' dir='ltr'><strong>vocem</strong></span> <span class='ocrx_word' id='word_1_313' title='bbox 508 2147 729 2199; x_wconf 82' lang='lat' dir='ltr'><strong>repetitam,</strong></span> <span class='ocrx_word' id='word_1_314' title='bbox 758 2147 796 2184; x_wconf 87' lang='lat' dir='ltr'><strong>in</strong></span> <span class='ocrx_word' id='word_1_315' title='bbox 818 2146 968 2185; x_wconf 85' lang='lat' dir='ltr'><strong>ecclesia</strong></span> <span class='ocrx_word' id='word_1_316' title='bbox 987 2146 1132 2185; x_wconf 81' lang='lat' dir='ltr'><strong>Graeca</strong></span> <span class='ocrx_word' id='word_1_317' title='bbox 1150 2150 1391 2196; x_wconf 85' lang='lat' dir='ltr'><strong>nuncupatur.</strong></span> <span class='ocrx_word' id='word_1_318' title='bbox 1446 2146 1583 2183; x_wconf 61' lang='lat' dir='ltr'><strong>Gom.</strong></span> 
     </span>
    </p>

    <p class='ocr_par' dir='ltr' id='par_1_14' title="bbox 295 2199 1658 2256">
     <span class='ocr_line' id='line_1_37' title="bbox 295 2199 1658 2256; baseline -0.001 -14"><span class='ocrx_word' id='word_1_319' title='bbox 295 2199 349 2242; x_wconf 79' lang='lat' dir='ltr'><strong>ib.</strong></span> <span class='ocrx_word' id='word_1_320' title='bbox 379 2213 417 2242; x_wconf 78' lang='lat' dir='ltr'><strong>v,</strong></span> <span class='ocrx_word' id='word_1_321' title='bbox 448 2202 515 2242; x_wconf 86' lang='lat'><strong>17.</strong></span> <span class='ocrx_word' id='word_1_322' title='bbox 573 2202 838 2254; x_wconf 66' lang='lat' dir='ltr'><strong>Euthymius]</strong></span> <span class='ocrx_word' id='word_1_323' title='bbox 868 2202 1093 2256; x_wconf 83' lang='lat' dir='ltr'><strong>Euphemius</strong></span> <span class='ocrx_word' id='word_1_324' title='bbox 1121 2201 1340 2252; x_wconf 84' lang='lat' dir='ltr'><strong>legendum,</strong></span> <span class='ocrx_word' id='word_1_325' title='bbox 1368 2213 1414 2240; x_wconf 87' lang='lat' dir='ltr'><strong>ex</strong></span> <span class='ocrx_word' id='word_1_326' title='bbox 1441 2201 1658 2254; x_wconf 87' lang='lat' dir='ltr'><strong>Nicephoro</strong></span> 
     </span>
    </p>
   </div>
   <div class='ocr_carea' id='block_1_12' title="bbox 167 2257 1661 2366">
    <p class='ocr_par' dir='ltr' id='par_1_15' title="bbox 167 2257 1661 2366">
     <span class='ocr_line' id='line_1_38' title="bbox 169 2257 1658 2310; baseline 0 -14"><span class='ocrx_word' id='word_1_327' title='bbox 169 2258 335 2310; x_wconf 77' lang='lat' dir='ltr'><strong>Zonara</strong></span> <span class='ocrx_word' id='word_1_328' title='bbox 361 2257 566 2298; x_wconf 67' lang='lat' dir='ltr'><strong>&#39;nicodoro</strong></span> <span class='ocrx_word' id='word_1_329' title='bbox 593 2260 711 2298; x_wconf 84' lang='lat' dir='ltr'><strong>Suida</strong></span> <span class='ocrx_word' id='word_1_330' title='bbox 738 2259 924 2309; x_wconf 71' lang='lat' dir='ltr'><strong>Euagfio,</strong></span> <span class='ocrx_word' id='word_1_331' title='bbox 951 2259 1099 2299; x_wconf 88' lang='lat' dir='ltr'><strong>tametsi</strong></span> <span class='ocrx_word' id='word_1_332' title='bbox 1126 2259 1222 2298; x_wconf 86' lang='lat' dir='ltr'><strong>infra</strong></span> <span class='ocrx_word' id='word_1_333' title='bbox 1239 2258 1278 2296; x_wconf 88' lang='lat' dir='ltr'><strong>in</strong></span> <span class='ocrx_word' id='word_1_334' title='bbox 1298 2258 1493 2298; x_wconf 81' lang='lat' dir='ltr'><strong>Anastasio</strong></span> <span class='ocrx_word' id='word_1_335' title='bbox 1515 2270 1658 2297; x_wconf 85' lang='lat' dir='ltr'><strong>rursum</strong></span> 
     </span>
     <span class='ocr_line' id='line_1_39' title="bbox 167 2314 1661 2366; baseline 0 -12"><span class='ocrx_word' id='word_1_336' title='bbox 167 2316 237 2354; x_wconf 77' lang='lat' dir='ltr'><strong>-ita</strong></span> <span class='ocrx_word' id='word_1_337' title='bbox 259 2316 418 2366; x_wconf 77' lang='lat' dir='ltr'><strong>legatur.</strong></span> <span class='ocrx_word' id='word_1_338' title='bbox 487 2321 649 2355; x_wconf 87' lang='lat' dir='ltr'><strong>ceterum</strong></span> <span class='ocrx_word' id='word_1_339' title='bbox 674 2315 908 2355; x_wconf 85' lang='lat' dir='ltr'><strong>silentiarium</strong></span> <span class='ocrx_word' id='word_1_340' title='bbox 935 2316 1048 2355; x_wconf 78' lang='lat' dir='ltr'><strong>fuisse</strong></span> <span class='ocrx_word' id='word_1_341' title='bbox 1074 2327 1148 2354; x_wconf 89' lang='lat' dir='ltr'><strong>non</strong></span> <span class='ocrx_word' id='word_1_342' title='bbox 1176 2328 1333 2366; x_wconf 84' lang='lat' dir='ltr'><strong>magnae</strong></span> <span class='ocrx_word' id='word_1_343' title='bbox 1358 2316 1552 2366; x_wconf 85' lang='lat' dir='ltr'><strong>dignitatis</strong></span> <span class='ocrx_word' id='word_1_344' title='bbox 1575 2314 1661 2354; x_wconf 86' lang='lat' dir='ltr'><strong>offi-</strong></span> 
     </span>
    </p>
   </div>
   <div class='ocr_carea' id='block_1_13' title="bbox 181 2370 1660 2423">
    <p class='ocr_par' dir='ltr' id='par_1_16' title="bbox 181 2370 1660 2423">
     <span class='ocr_line' id='line_1_40' title="bbox 181 2370 1660 2423; baseline 0.001 -14"><span class='ocrx_word' id='word_1_345' title='bbox 181 2373 296 2419; x_wconf 89' lang='lat' dir='ltr'><strong>cium,</strong></span> <span class='ocrx_word' id='word_1_346' title='bbox 329 2372 437 2410; x_wconf 84' lang='lat' dir='ltr'><strong>initio</strong></span> <span class='ocrx_word' id='word_1_347' title='bbox 454 2370 639 2411; x_wconf 86' lang='lat' dir='ltr'><strong>Anastasii</strong></span> <span class='ocrx_word' id='word_1_348' title='bbox 656 2377 784 2411; x_wconf 84' lang='lat' dir='ltr'><strong>monet</strong></span> <span class='ocrx_word' id='word_1_349' title='bbox 798 2373 978 2411; x_wconf 76' lang='lat' dir='ltr'><strong>Zonaras.</strong></span> <span class='ocrx_word' id='word_1_350' title='bbox 1037 2372 1284 2423; x_wconf 87' lang='lat' dir='ltr'><strong>Cuspinianus</strong></span> <span class='ocrx_word' id='word_1_351' title='bbox 1302 2373 1437 2423; x_wconf 86' lang='lat' dir='ltr'><strong>quietis</strong></span> <span class='ocrx_word' id='word_1_352' title='bbox 1455 2373 1660 2411; x_wconf 86' lang='lat' dir='ltr'><strong>ministrum</strong></span> 
     </span>
    </p>
   </div>
   <div class='ocr_carea' id='block_1_14' title="bbox 166 2428 1661 2481">
    <p class='ocr_par' dir='ltr' id='par_1_17' title="bbox 166 2428 1661 2481">
     <span class='ocr_line' id='line_1_41' title="bbox 166 2428 1661 2481; baseline -0.001 -14"><span class='ocrx_word' id='word_1_353' title='bbox 166 2429 314 2477; x_wconf 76' lang='lat' dir='ltr'><strong>.vertit,</strong></span> <span class='ocrx_word' id='word_1_354' title='bbox 343 2433 382 2467; x_wconf 87' lang='lat' dir='ltr'><strong>et</strong></span> <span class='ocrx_word' id='word_1_355' title='bbox 402 2441 486 2468; x_wconf 72' lang='lat' dir='ltr'><strong>esse</strong></span> <span class='ocrx_word' id='word_1_356' title='bbox 502 2434 610 2481; x_wconf 87' lang='lat' dir='ltr'><strong>putat</strong></span> <span class='ocrx_word' id='word_1_357' title='bbox 632 2442 742 2480; x_wconf 88' lang='lat' dir='ltr'><strong>quem</strong></span> <span class='ocrx_word' id='word_1_358' title='bbox 762 2430 1007 2468; x_wconf 85' lang='lat' dir='ltr'><strong>iurisconsulti</strong></span> <span class='ocrx_word' id='word_1_359' title='bbox 1029 2430 1145 2468; x_wconf 81' lang='lat' dir='ltr'><strong>virum</strong></span> <span class='ocrx_word' id='word_1_360' title='bbox 1164 2429 1514 2478; x_wconf 31' lang='lat' dir='ltr'><strong>clarissimum&#39;sacri</strong></span> <span class='ocrx_word' id='word_1_361' title='bbox 1532 2428 1661 2480; x_wconf 87' lang='lat' dir='ltr'><strong>palatii</strong></span> 
     </span>
    </p>
   </div>
   <div class='ocr_carea' id='block_1_15' title="bbox 179 2485 1662 2879">
    <p class='ocr_par' dir='ltr' id='par_1_18' title="bbox 179 2485 1662 2879">
     <span class='ocr_line' id='line_1_42' title="bbox 180 2485 1660 2538; baseline 0.001 -15"><span class='ocrx_word' id='word_1_362' title='bbox 180 2488 409 2537; x_wconf 83' lang='lat' dir='ltr'><strong>nuncupent.</strong></span> <span class='ocrx_word' id='word_1_363' title='bbox 430 2499 433 2501; x_wconf 90' lang='lat'>·</span> <span class='ocrx_word' id='word_1_364' title='bbox 466 2490 506 2525; x_wconf 87' lang='lat' dir='ltr'><strong>et</strong></span> <span class='ocrx_word' id='word_1_365' title='bbox 536 2487 588 2525; x_wconf 88' lang='lat' dir='ltr'><strong>sic</strong></span> <span class='ocrx_word' id='word_1_366' title='bbox 617 2487 718 2538; x_wconf 88' lang='lat' dir='ltr'><strong>apud</strong></span> <span class='ocrx_word' id='word_1_367' title='bbox 745 2486 964 2538; x_wconf 85' lang='lat' dir='ltr'><strong>Procopium</strong></span> <span class='ocrx_word' id='word_1_368' title='bbox 985 2486 1011 2526; x_wconf 90' lang='grc'><strong>1.</strong></span> <span class='ocrx_word' id='word_1_369' title='bbox 1029 2489 1056 2527; x_wconf 76' lang='lat'><strong>2</strong></span> <span class='ocrx_word' id='word_1_370' title='bbox 1078 2485 1162 2524; x_wconf 89' lang='lat' dir='ltr'><strong>belli</strong></span> <span class='ocrx_word' id='word_1_371' title='bbox 1180 2485 1317 2526; x_wconf 86' lang='lat' dir='ltr'><strong>Persici</strong></span> <span class='ocrx_word' id='word_1_372' title='bbox 1336 2485 1469 2537; x_wconf 81' lang='lat' dir='ltr'><strong>legitur</strong></span> <span class='ocrx_word' id='word_1_373' title='bbox 1489 2485 1660 2525; x_wconf 84' lang='lat' dir='ltr'><strong>Adolium</strong></span> 
     </span>
     <span class='ocr_line' id='line_1_43' title="bbox 181 2541 1661 2594; baseline 0 -14"><span class='ocrx_word' id='word_1_374' title='bbox 181 2542 394 2581; x_wconf 78' lang='lat' dir='ltr'><strong>Armenium</strong></span> <span class='ocrx_word' id='word_1_375' title='bbox 420 2541 536 2582; x_wconf 86' lang='lat' dir='ltr'><strong>fuisse</strong></span> <span class='ocrx_word' id='word_1_376' title='bbox 562 2543 794 2594; x_wconf 82' lang='lat' dir='ltr'><strong>imperatoris</strong></span> <span class='ocrx_word' id='word_1_377' title='bbox 817 2543 855 2582; x_wconf 89' lang='lat' dir='ltr'><strong>in</strong></span> <span class='ocrx_word' id='word_1_378' title='bbox 877 2543 1016 2594; x_wconf 81' lang='lat' dir='ltr'><strong>palatio</strong></span> <span class='ocrx_word' id='word_1_379' title='bbox 1036 2543 1087 2581; x_wconf 89' lang='lat' dir='ltr'><strong>ad</strong></span> <span class='ocrx_word' id='word_1_380' title='bbox 1105 2555 1152 2580; x_wconf 87' lang='lat' dir='ltr'><strong>ea</strong></span> <span class='ocrx_word' id='word_1_381' title='bbox 1167 2555 1263 2593; x_wconf 86' lang='lat' dir='ltr'><strong>quae</strong></span> <span class='ocrx_word' id='word_1_382' title='bbox 1283 2548 1369 2582; x_wconf 89' lang='lat' dir='ltr'><strong>sunt</strong></span> <span class='ocrx_word' id='word_1_383' title='bbox 1388 2543 1522 2594; x_wconf 71' lang='lat' dir='ltr'><strong>quietis</strong></span> <span class='ocrx_word' id='word_1_384' title='bbox 1543 2543 1661 2581; x_wconf 90' lang='lat' dir='ltr'><strong>mini-</strong></span> 
     </span>
     <span class='ocr_line' id='line_1_44' title="bbox 179 2599 1661 2650; baseline 0.001 -14"><span class='ocrx_word' id='word_1_385' title='bbox 179 2603 320 2647; x_wconf 66' lang='lat' dir='ltr'><strong>strum,</strong></span> <span class='ocrx_word' id='word_1_386' title='bbox 360 2599 463 2649; x_wconf 88' lang='lat' dir='ltr'><strong>quod</strong></span> <span class='ocrx_word' id='word_1_387' title='bbox 489 2613 621 2638; x_wconf 84' lang='lat' dir='ltr'><strong>munus</strong></span> <span class='ocrx_word' id='word_1_388' title='bbox 651 2600 809 2638; x_wconf 84' lang='lat' dir='ltr'><strong>Romani</strong></span> <span class='ocrx_word' id='word_1_389' title='bbox 841 2599 1075 2639; x_wconf 83' lang='lat' dir='ltr'><strong>silentiarium</strong></span> <span class='ocrx_word' id='word_1_390' title='bbox 1100 2603 1244 2638; x_wconf 86' lang='lat' dir='ltr'><strong>vocent.</strong></span> <span class='ocrx_word' id='word_1_391' title='bbox 1299 2600 1368 2638; x_wconf 87' lang='lat' dir='ltr'><strong>sed</strong></span> <span class='ocrx_word' id='word_1_392' title='bbox 1396 2600 1485 2650; x_wconf 83' lang='lat' dir='ltr'><strong>quid</strong></span> <span class='ocrx_word' id='word_1_393' title='bbox 1516 2599 1661 2638; x_wconf 80' lang='lat' dir='ltr'><strong>Graeca</strong></span> 
     </span>
     <span class='ocr_line' id='line_1_45' title="bbox 183 2655 1662 2708; baseline 0.001 -16"><span class='ocrx_word' id='word_1_394' title='bbox 183 2655 366 2702; x_wconf 78' lang='lat' dir='ltr'><strong>habeant,</strong></span> <span class='ocrx_word' id='word_1_395' title='bbox 396 2656 488 2695; x_wconf 85' lang='lat' dir='ltr'><strong>scire</strong></span> <span class='ocrx_word' id='word_1_396' title='bbox 511 2657 714 2708; x_wconf 83' lang='lat' dir='ltr'><strong>expediret.</strong></span> <span class='ocrx_word' id='word_1_397' title='bbox 771 2656 854 2704; x_wconf 84' lang='lat' dir='ltr'><strong>alii,</strong></span> <span class='ocrx_word' id='word_1_398' title='bbox 883 2670 966 2695; x_wconf 89' lang='lat' dir='ltr'><strong>meo</strong></span> <span class='ocrx_word' id='word_1_399' title='bbox 985 2656 1144 2706; x_wconf 86' lang='lat' dir='ltr'><strong>iudicio,</strong></span> <span class='ocrx_word' id='word_1_400' title='bbox 1172 2668 1248 2695; x_wconf 92' lang='lat' dir='ltr'><strong>non</strong></span> <span class='ocrx_word' id='word_1_401' title='bbox 1268 2657 1394 2708; x_wconf 86' lang='lat' dir='ltr'><strong>inepte</strong></span> <span class='ocrx_word' id='word_1_402' title='bbox 1413 2657 1570 2696; x_wconf 84' lang='lat' dir='ltr'><strong>scribam</strong></span> <span class='ocrx_word' id='word_1_403' title='bbox 1591 2669 1662 2694; x_wconf 91' lang='lat' dir='ltr'><strong>au-</strong></span> 
     </span>
     <span class='ocr_line' id='line_1_46' title="bbox 183 2710 1660 2765; baseline 0.001 -17"><span class='ocrx_word' id='word_1_404' title='bbox 183 2710 314 2759; x_wconf 84' lang='lat' dir='ltr'><strong>licum,</strong></span> <span class='ocrx_word' id='word_1_405' title='bbox 340 2711 411 2751; x_wconf 82' lang='lat' dir='ltr'><strong>hoe</strong></span> <span class='ocrx_word' id='word_1_406' title='bbox 433 2717 491 2750; x_wconf 88' lang='lat' dir='ltr'><strong>est</strong></span> <span class='ocrx_word' id='word_1_407' title='bbox 514 2727 596 2751; x_wconf 89' lang='lat' dir='ltr'><strong>eum</strong></span> <span class='ocrx_word' id='word_1_408' title='bbox 618 2714 730 2753; x_wconf 83' lang='lat' dir='ltr'><strong>fuisse</strong></span> <span class='ocrx_word' id='word_1_409' title='bbox 750 2719 880 2765; x_wconf 83' lang='lat' dir='ltr'><strong>putant</strong></span> <span class='ocrx_word' id='word_1_410' title='bbox 897 2715 961 2765; x_wconf 88' lang='lat' dir='ltr'><strong>qui</strong></span> <span class='ocrx_word' id='word_1_411' title='bbox 979 2726 1077 2751; x_wconf 85' lang='lat' dir='ltr'><strong>nunc</strong></span> <span class='ocrx_word' id='word_1_412' title='bbox 1091 2714 1310 2751; x_wconf 74' lang='lat' dir='ltr'><strong>secretarius</strong></span> <span class='ocrx_word' id='word_1_413' title='bbox 1329 2714 1471 2752; x_wconf 85' lang='lat' dir='ltr'><strong>dicitur.</strong></span> <span class='ocrx_word' id='word_1_414' title='bbox 1527 2713 1660 2752; x_wconf 82' lang='lat' dir='ltr'><strong>rectius</strong></span> 
     </span>
     <span class='ocr_line' id='line_1_47' title="bbox 184 2763 1661 2821; baseline -0.001 -13"><span class='ocrx_word' id='word_1_415' title='bbox 184 2763 449 2820; x_wconf 78' lang='grc' dir='ltr'><strong>σιλεντιοὶριος</strong></span> <span class='ocrx_word' id='word_1_416' title='bbox 479 2771 587 2808; x_wconf 87' lang='lat' dir='ltr'><strong>scribi</strong></span> <span class='ocrx_word' id='word_1_417' title='bbox 617 2774 711 2821; x_wconf 87' lang='lat' dir='ltr'><strong>puto</strong></span> <span class='ocrx_word' id='word_1_418' title='bbox 743 2783 853 2821; x_wconf 89' lang='lat' dir='ltr'><strong>quam</strong></span> <span class='ocrx_word' id='word_1_419' title='bbox 889 2765 1144 2821; x_wconf 79' lang='grc' dir='ltr'><strong>σιλεντάριος</strong></span> <span class='ocrx_word' id='word_1_420' title='bbox 1202 2774 1303 2810; x_wconf 86' lang='lat' dir='ltr'><strong>certe</strong></span> <span class='ocrx_word' id='word_1_421' title='bbox 1323 2771 1361 2809; x_wconf 88' lang='lat' dir='ltr'><strong>in</strong></span> <span class='ocrx_word' id='word_1_422' title='bbox 1385 2769 1417 2808; x_wconf 83' lang='lat' dir='ltr'>L</span> <span class='ocrx_word' id='word_1_423' title='bbox 1420 2782 1514 2809; x_wconf 85' lang='lat' dir='ltr'><strong>eone</strong></span> <span class='ocrx_word' id='word_1_424' title='bbox 1533 2770 1661 2808; x_wconf 83' lang='lat' dir='ltr'><strong>leono-</strong></span> 
     </span>
     <span class='ocr_line' id='line_1_48' title="bbox 182 2823 1659 2879; baseline 0.001 -15"><span class='ocrx_word' id='word_1_425' title='bbox 182 2824 313 2864; x_wconf 88' lang='lat' dir='ltr'><strong>macho</strong></span> <span class='ocrx_word' id='word_1_426' title='bbox 343 2823 538 2868; x_wconf 80' lang='grc' dir='ltr'><strong>σιλέντιον</strong></span> <span class='ocrx_word' id='word_1_427' title='bbox 565 2831 699 2868; x_wconf 81' lang='grc' dir='ltr'><strong>ποιεῖν</strong></span> <span class='ocrx_word' id='word_1_428' title='bbox 727 2828 915 2868; x_wconf 84' lang='lat' dir='ltr'><strong>decretum</strong></span> <span class='ocrx_word' id='word_1_429' title='bbox 938 2827 1095 2867; x_wconf 84' lang='lat' dir='ltr'><strong>scribere</strong></span> <span class='ocrx_word' id='word_1_430' title='bbox 1113 2826 1316 2879; x_wconf 83' lang='lat' dir='ltr'><strong>significat,</strong></span> <span class='ocrx_word' id='word_1_431' title='bbox 1343 2827 1406 2867; x_wconf 86' lang='lat' dir='ltr'><strong>ubi</strong></span> <span class='ocrx_word' id='word_1_432' title='bbox 1420 2827 1558 2868; x_wconf 83' lang='lat' dir='ltr'><strong>Leonis</strong></span> <span class='ocrx_word' id='word_1_433' title='bbox 1577 2840 1659 2866; x_wconf 91' lang='lat' dir='ltr'><strong>cum</strong></span> 
     </span>
    </p>
   </div>
  </div>
 </body>
</html>
