1890 3236
742 138 1112 185 GLOSSARIUM.
1549 140 1648 186 935

195 247 324 286 denuo
340 248 548 286 secretaria
564 254 699 285 nostra
719 248 878 300 ingredi
885 249 1128 300 postulasti?
1171 249 1373 288 Concilium
1397 249 1649 318 Caesaraugu-

195 308 360 343 stanam·
397 304 738 356 Caesaraugustae
766 307 810 344 in
833 308 1039 344 secretario
1069 305 1327 344 residentibus
1346 307 1548 358 episcopis.
1608 309 1647 347 in

194 360 391 400 secretario
418 361 552 400 scilicet
573 362 758 413 episcopii.
815 362 1016 401 Concilium
1035 362 1331 402 Chalcedonense
1352 367 1421 402 act.
1447 367 1492 404 1.
1509 361 1573 405 ἕν
1592 365 1648 420 τῷ

195 413 379 471 σηκρήτω
395 417 471 457 τοῦ
488 416 754 460 ἔπισκοπείου.
809 419 996 458 habebant
1014 423 1052 458 et
1072 419 1300 470 patriarchae
1321 421 1531 469 secretaria,
1550 433 1646 472 quae

194 473 282 512 item
301 473 398 521 duo,
435 486 608 523 inagnum
633 475 768 513 scilicet
795 482 834 514 et
858 476 989 513 minus.
1045 475 1216 524 Synodus
1244 475 1408 515 Nicaena
1432 477 1460 516 2
1494 471 1564 517 ac't.
1598 478 1643 518 1:

195 527 394 582 Πέτρος’
370 545 392 570 ο
403 525 695 601 svkoessssavag
718 526 976 584 ἆναγνοόστης
997 530 1063 571 καὶ
1059 546 1268 601 νοτοεριος
1285 533 1359 572 τοῦ
1385 528 1553 584 εὖαγοῦς
1571 549 1645 573 πα-

193 587 422 638 τριαρχικοῦ
441 585 624 637 σεκρέτου
645 585 743 640 ἔχων
761 586 826 629 ἐπὶ
845 591 975 640 χεῖρας
998 583 1162 640 οἷνέγνω.
1206 586 1420 627 Anastasius
1442 588 1645 629 Bibliothe-

192 642 310 680 carius
325 643 363 681 in
382 642 479 681 Hist.
500 642 664 685 Ecclesst
698 645 834 682 iconas
857 658 904 681 ex
923 645 1048 682 musio
1065 644 1210 695 factas
1218 672 1234 690 ,
1276 658 1378 696 quae
1402 646 1648 696 patriarchii

115 737 124 746 ‚
192 699 329 737 secreta
356 699 520 736 minoris
545 707 683 745 erant,
722 701 867 746 erasit,
904 708 941 738 et
965 702 1160 752 imagines
1179 702 1322 752 magni
1343 703 1504 749 secreti,
1543 716 1646 755 quae

192 747 373 806 sculptae
393 769 439 793 ex
462 755 572 806 ligno
593 764 722 803 erant,
750 758 940 808 deposuit.
1000 759 1038 796 in
1058 758 1109 796 eis
1129 758 1408 796 asservabantur
1429 772 1516 798 vasa
1542 772 1646 799 sacra

191 819 232 852 et
247 812 328 851 libri
347 812 590 860 ecclesiastici,
617 814 695 852 iura
717 815 936 866 episcopalia
955 819 993 853 et
1015 813 1280 866 patriarchalia,
1309 819 1346 853 et
1367 815 1512 854 decreta
1533 829 1644 866 syno-

190 868 306 918 dalia,
341 870 435 907 sicut
459 870 498 907 in
519 869 598 907 aliis
620 871 821 909 secretariis
847 870 902 910 vel
927 872 1126 921 principum
1149 872 1389 909 instrumenta
1408 876 1482 910 tam
1501 873 1644 924 privata

189 937 300 975 quam
319 925 485 977 publica,
521 930 559 964 et
577 927 794 977 principales
816 927 1117 975 constitutiones,
1145 932 1183 965 et
1200 939 1334 966 aureae
1354 927 1486 969 bullae.
1543 929 1643 967 con-

190 981 309 1020 cilium
332 982 557 1021 Bracarense
577 983 604 1022 2
637 996 667 1022 c
688 981 764 1023 41:
814 996 893 1020 non
919 982 1036 1020 laceat
1067 981 1278 1034 quemlcbet
1310 984 1527 1021 ministeria
1549 992 1644 1022 tun-

185 1051 298 1103 gere?
325 1039 406 1076 nasi
422 1037 662 1076 subdiacono
681 1047 753 1078 aut
770 1039 951 1090 acolytho
978 1041 1021 1076 in
1046 1041 1250 1076 secretario
1270 1046 1430 1091 tangere
1450 1054 1549 1079 vasa
1571 1040 1643 1078 do-

188 1095 352 1133 minica.
394 1094 567 1133 Paulinus
588 1097 692 1146 epist.
719 1099 769 1137 12
789 1098 837 1134 ad
857 1098 1053 1135 Severum:
1082 1097 1124 1133 in
1143 1097 1361 1134 secretariis
1379 1110 1469 1135 vero
1489 1096 1642 1135 duobus

189 1165 293 1203 quac
320 1165 444 1202 supra
467 1152 553 1190 dclvi
580 1166 703 1202 supra
732 1151 910 1190 absidem
936 1166 1032 1197 esse,
1072 1152 1117 1190 ln·
1143 1167 1277 1191 versus
1307 1152 1490 1192 indicant
1511 1154 1642 1206 qffioia

184 1208 451 1261 singulorum.
510 1222 538 1246 a
555 1208 691 1246 dextra
711 1209 861 1247 absidis

327 1264 394 1303 hic
413 1263 524 1302 locus
543 1272 600 1302 est
617 1267 841 1304 veneranda
850 1280 982 1317 penus
1002 1279 1082 1318 qua
1103 1265 1314 1310 conditur-,¹
1332 1273 1369 1302 et
1391 1280 1472 1318 qua

424 1323 626 1372 promitur
643 1322 754 1360 alma
776 1325 883 1361 sacri
897 1336 1047 1374 pompa
1069 1323 1287 1360 nzinisten'i.

185 1391 209 1418 a
235 1378 380 1417 sinistra
409 1379 575 1418 eiusdem

326 1436 363 1473 si
385 1449 500 1486 quem
526 1442 666 1473 saneta
685 1442 786 1473 tenet
803 1435 1032 1474 meditanda
1051 1437 1094 1472 in
1113 1435 1199 1487 lege
1218 1435 1420 1481 voluntas,

429 1492 496 1530 hie
506 1494 651 1542 poterit
667 1493 841 1530 residens·
860 1494 984 1530 sacris·
1002 1493 1200 1530 intendere
1217 1491 1342 1529 libris.

185 1548 329 1587 invenio
351 1552 392 1588 et
412 1550 648 1588 secretarium
665 1563 731 1599 pro
758 1550 900 1589 actione
922 1551 997 1588 sive
1017 1551 1190 1588 sessione.
1245 1550 1360 1588 Sexta
1377 1547 1547 1598 Synodus
1565 1547 1636 1597 Cp.

182 1619 222 1657 p.
243 1607 319 1646 192
338 1605 385 1644 d:
402 1605 598 1657 finarum
617 1606 884 1643 secretarium.
942 1605 1098 1652 (Concilii
1118 1605 1272 1644 Romani
1294 1606 1331 1643 d.
1351 1610 1423 1642 act.
1449 1607 1463 1643 1
1489 1603 1525 1640 in
1544 1603 1639 1641 finer

183 1667 394 1704 uenturum
412 1662 679 1700 secretarium.
740 1666 779 1702 et
800 1668 870 1700 act.
893 1665 940 1704 2:
973 1663 1230 1712 praeiet-ilum
1253 1661 1520 1699 secretarium.
1581 1672 1639 1698 se·

182 1718 338 1757 cretaria
361 1723 485 1758 autem
506 1719 592 1758 iude
616 1720 715 1756 dicta
743 1720 843 1768 quod
868 1726 1009 1757 secreto
1031 1724 1070 1756 et
1094 1719 1242 1756 interius
1265 1718 1417 1767 negotia
1436 1716 1486 1754 ibi
1503 1720 1638 1754 tracta-

181 1778 322 1814 rentur.
379 1775 451 1814 huc
470 1775 598 1814 alludit
614 1775 659 1814 B.
678 1774 904 1824 Augustinus
928 1780 1083 1813 tractatu
1103 1777 1155 1816 23
1174 1776 1210 1812 in
1229 1775 1418 1812 Ioannem:
1451 1772 1570 1823 quasi
1591 1772 1636 1808 in

182 1829 382 1877 thesauro,
412 1833 529 1882 quasi
550 1831 594 1868 in
612 1832 817 1868 secretario
841 1831 1013 1883 quodam
1034 1838 1069 1867 et
1082 1830 1282 1881 penetrali
1298 1830 1491 1866 interiore.
1552 1829 1634 1867 vide

178 1887 437 1927 Balsamonem
457 1889 506 1927 ad
524 1900 602 1926 can.
623 1890 648 1929 9
674 1891 711 1926 et
731 1888 784 1927 12
810 1889 898 1938 Syn.
922 1891 947 1929 7
973 1893 1010 1927 et
1030 1889 1080 1925 ad
1101 1901 1178 1925 can.
1203 1889 1256 1926 34
1277 1887 1367 1936 Syn.
1388 1888 1413 1926 6
1436 1887 1471 1923 in
1490 1884 1633 1931 Trullo,

180 1944 365 1983 zonaram
390 1945 440 1982 ad
459 1944 537 1983 CC.
555 1958 594 1995 p.
614 1942 710 1991 486,
738 1944 816 1985 561
840 1945 877 1981 in
897 1943 988 1992 fine,
1019 1949 1054 1982 et
1077 1945 1158 1984 629
1182 1955 1223 1990 c,
1252 1944 1332 1983 714
1354 1942 1390 1979 d.
1447 1940 1631 1991 Nicepho-

179 2013 260 2039 rum
278 2000 418 2039 Callisti
437 2002 462 2041 6
491 2002 544 2041 30
564 2004 600 2039 et
618 2004 718 2037 tomo
742 2003 768 2041 2
789 2013 825 2051 p.
846 2000 941 2042 531.
980 2014 1014 2039 v,
1038 1999 1080 2037 P.
1103 1998 1198 2038 Pith.
1216 1999 1301 2036 adv.
1322 2001 1348 2040 2
1366 1998 1631 2038 c.12.1nret.

178 2061 268 2097 tom.
280 2059 306 2098 3
324 2057 496 2097 Biblioth.
510 2057 656 2095 Pati-um
669 2056 876 2096 Graecolat.
887 2070 926 2108 p.
939 2056 1032 2098 905.
1062 2054 1182 2094 V.ales
1206 2055 1255 2093 ad
1272 2054 1498 2092 Ammianurn
1518 2067 1554 2104 p.
1566 2055 1632 2095 87.

293 2108 616 2163 σεκρετάριος
647 2113 888 2162 europalates
914 2126 952 2163 p.
980 2113 1061 2154 839
1088 2125 1120 2150 c.
1175 2110 1393 2150 secretarius
1419 2122 1440 2147 a
1466 2109 1628 2148 secretis.

178 2169 410 2220 Nicephorus
435 2170 577 2208 Callisti
599 2168 648 2208 15
678 2169 1148 2215 c.u1t.:Kmv⁶wvzzvog
1170 2162 1428 2217 σεκρετοῖριος.
1486 2166 1629 2203 concil.

178 2226 402 2265 Chalcedon.
421 2231 491 2264 act.
511 2227 558 2266 1:
590 2220 854 2278 σηκρητᾶριος
874 2227 946 2266 τοῦ
967 2225 1084 2265 θείου
1104 2224 1399 2277 κονσιστωρίου.
1446 2235 1479 2260 v.
1503 2223 1628 2263 Cuiac.

177 2283 226 2321 ad
243 2283 298 2321 tit.
320 2283 412 2323 cod.
432 2283 481 2321 «le
506 2281 719 2333 primicerio.

290 2338 456 2388 σε’λλα,
486 2338 704 2386 ‹sem-lov,
732 2337 831 2376 sella.
889 2335 1178 2376 Constantinus
1168 2348 1206 2374 ιιι
1222 2335 1402 2374 Tacticis:
1432 2331 1626 2385 ἐχέτωσαν

177 2393 220 2435 δὲ
239 2394 306 2435 και
327 2395 372 2435 αἱ
390 2393 519 2435 σὲλλαι
539 2392 736 2435 ἐπισέλλια
759 2391 892 2436 δασέα.
949 2393 1113 2431 Eustath.
1137 2393 1185 2430 ad
1208 2391 1248 2430 ll.
1267 2395 1314 2433 7.
1353 2388 1460 2441 napo?
1493 2388 1625 2440 μέντοι

174 2455 259 2500 τοῖς
291 2447 458 2504 ὕστερον
497 2450 564 2491 καὶ
600 2449 665 2490 ἐπὶ
706 2452 777 2501 τῆς
814 2446 1039 2500 κοινότερον
1067 2446 1278 2517 λεγομένης
1297 2446 1439 2518 ισε’λλοις
1465 2444 1495 2497 ἦ
1522 2444 1624 2493 λέξις

174 2508 356 2561 (δίφρος)
386 2506 546 2559 κειμένη
568 2522 742 2558 ευρηται.
780 2512 819 2546 et
839 2509 887 2545 ad
906 2501 1307 2557 Ο(1.α.·οἷστραβη,
1295 2503 1318 2546 ὀ
1337 2502 1521 2554 σημαίνει
1541 2500 1624 2542 σέλ-

175 2568 248 2605 λαν
268 2564 337 2606 καὶ
356 2560 591 2617 σαγμάριον.
648 2564 802 2603 Glossae
827 2564 974 2615 Cyrilli:
1006 2561 1118 2603 σε’λλα
1139 2561 1252 2600 sella.
1313 2561 1447 2599 Suidas
1476 2560 1514 2597 in
1543 2554 1621 2609 ἐφ’

174 2621 326 2673 Edoniis:
372 2621 483 2674 εδραι
514 2618 589 2674 γὰρ
617 2617 823 2691 λέγονται
828 2621 873 2660 αἱ
905 2619 1048 2660 σὲλλαι.
1111 2619 1196 2658 hinc
1203 2613 1444 2686 σελλοῖριος.
1501 2615 1622 2655 idem:

173 2676 290 2728 κέλης
320 2676 344 2719 o‘
371 2675 496 2729 μόνος
524 2677 668 2726 ἵππος,
704 2675 771 2717 και
799 2675 823 2718 ὁ
853 2675 918 2718 ἐπὶ
944 2672 1087 2716 τούτου
1114 2670 1336 2727 φερόμενος
1365 2672 1389 2714 0‘
1409 2669 1622 2725 σελλᾶριος

175 2747 301 2784 eques.
342 2734 510 2773 Eustath.
528 2729 590 2776 ²17..
610 2748 652 2775 o.-
679 2749 722 2774 το
747 2730 790 2774 δὲ
808 2734 1019 2785 κελητίζειν
1041 2727 1120 2774 α’πό
1136 2734 1208 2773 τοῦ
1226 2729 1390 2782 κέλητος
1409 2731 1622 2797 παρῆκται,

176 2807 197 2831 υ
222 2790 339 2843 δηλοῖ
357 2788 429 2831 τόν
449 2787 677 2839 &svumss
659 2805 800 2842 ιππον,
838 2790 906 2832 καὶ
933 2787 1033 2832 κατά
1056 2805 1164 2839 τινας
1190 2804 1261 2830 τον
1289 2783 1549 2841 μονάμπυκα,
1580 2781 1625 2833 ὃς
