1916 3210
751 172 1031 226 HISTORIA.
1521 171 1623 221 687

162 288 253 335 um
293 285 519 346 εὖὸρομοῧν
557 284 694 344 ἔχουσι
705 319 720 342 ‚
764 287 861 341 τοὺς
895 285 1252 347 καταπεφευγότας
1279 289 1526 348 ’διατηρῆσαι
1540 289 1622 331 -καὶ

160 354 363 410 inligat
381 357 453 401 τὸν
470 359 657 401 κίνδυνον
674 360 860 413 ἰσχῦσαι,
889 359 982 402 ἀλλ’
1006 358 1102 415 ὅπερ
1126 358 1173 401 οὗ
1192 358 1328 415 γέγονέ
1342 375 1459 411 ποτε,
1486 361 1622 413 πλημ-

159 429 342 484 μνρῆσαι
373 426 420 470 τὸ
450 424 564 483 ὕδωρ
596 428 664 470 καὶ
693 424 780 470 οἷον
808 426 1130 484 ἀναρροιβδῆσαι
1153 429 1221 470 καὶ
1242 428 1533 484 ἇνερρίξασθαι
1553 427 1621 469 καὶ

159 492 315 546 πάντας
344 493 476 551 ἄρδην
506 494 602 546 τοὺς
631 494 986 553 καταπεφευγότας
1020 494 1267 539 κατακλύσαι
1298 497 1365 539 καὶ
1396 496 1465 538 διὰ
1496 499 1623 552 ’ξηρᾶς

125 561 432 622 ὅῦποβρυχίους
459 562 727 619 ποιήσασθαι.
794 568 924 608 ταῦτα
954 569 1166 621 τοιγαροῦν
1188 565 1496 621 ἐπιὸιηγηθέντα
1519 568 1620 607 πολ·
1643 569 1676 606 C

158 631 235 688 λὴν
261 633 407 688 ἐνῆκαν
430 631 505 688 τὴν
531 632 715 687 ἀθυμίαν
744 629 843 688 ἡμῖν
849 664 864 685 ‚
898 634 1167 689 λογιζομένοις
1194 635 1423 688 θεοσημίαν
1448 631 1550 676 εἶναι
1575 632 1621 677 τὸ

158 700 321 758 γεγονὸς
346 702 415 744 καὶ
439 704 559 756 μῆνιν
589 703 658 744 καὶ
683 699 810 757 χόλον
843 705 970 754 θεοῦ,
1005 699 1062 753 ὡς
1083 702 1141 758 μὴ
1167 700 1292 756 μόνον
1315 706 1397 745 τῶν
1422 702 1622 756 πολεμίων

158 769 267 814 ἀλλὰ
306 774 388 814 τῶν
427 771 633 825 στοιχείων
671 770 997 827 ἀντιμαχομένων
1036 769 1147 826 ἡμῖν.
1226 768 1422 828 πρότερον
1467 771 1547 828 γὰρ
1594 769 1620 826 ἦ

156 836 335 895 τοσαύτη
373 841 455 882 τῶν
491 839 623 881 ἐθνῶν
663 837 769 897 ὁρμὴ
800 841 865 882 καὶ
894 838 1061 897 ἔπαρσις
1090 841 1156 882 καὶ
1185 843 1266 882 τῶν
1294 837 1373 882 ὖπό
1399 837 1623 894 Ῥωμαίους

103 914 150 951 10
159 906 378 954 τελούντων
406 907 614 963 κατακοπὴ
641 907 740 964 ὀργὴ
761 908 836 962 μὲν
857 912 930 951 τοῦ
949 913 1074 961 θεοῦ,
1109 908 1213 966 κατὰ
1231 913 1313 952 τῶν
1333 909 1541 965 αἱρετικῶν
1561 909 1625 960 δέ,

157 975 206 1020 οἳ
226 976 299 1032 τὴν
319 976 500 1033 Ἰβηρίαν
526 978 593 1019 καὶ
619 978 944 1032 Μεσοποταμίαν
963 978 1081 1034 μέχρι
1101 979 1327 1020 Λυκανὸοὕ
1349 979 1416 1020 καὶ
1433 979 1622 1032 Μελιτη-

155 1050 229 1101 νῆς
244 1046 312 1091 καὶ
328 1044 403 1100 τὴν
421 1044 715 1102 παρακειμένην
736 1047 913 1090 οἰκοῦσιν
926 1047 1156 1102 Ἀρμενίαν,
1190 1047 1258 1088 καὶ
1283 1045 1330 1088 οἳ
1347 1045 1421 1101 τὴν
1441 1046 1620 1089 Ἰουδαΐ-

155 1113 233 1171 κῆν
251 1118 324 1158 τοῦ
342 1115 566 1169 Νεστορίου
587 1115 655 1157 καὶ
674 1119 755 1158 τῶν
772 1114 1006 1172 Ἀκεφάλων
1025 1113 1321 1172 θρησκεύουσιν
1342 1116 1514 1173 α’ίρεσιν·
1548 1115 1617 1157 καὶ

154 1183 234 1242 γὰρ
261 1180 492 1239 πλήθουσιν
517 1184 604 1226 αἵδε
627 1183 670 1226 αἶ
685 1189 820 1241 χῶραι
838 1189 910 1239 τῆς
927 1181 1116 1239 τοιαύτης
1133 1185 1386 1235 κακοδοξίας.
1453 1183 1553 1227 ἓπὰν
1572 1184 1617 1226 δὲ

101 1259 147 1297 15
157 1254 225 1297 καὶ
251 1256 333 1297 τῶν
357 1249 596 1310 ὄρθοὸόξων
621 1251 766 1308 ἥψατο,
784 1252 830 1297 τὸ
853 1250 981 1296 δεινόν
989 1285 1003 1306 ,
1037 1253 1079 1295 ἓν
1106 1251 1330 1308 ἀμηχάνοις
1349 1247 1454 1308 ἦσαν
1474 1250 1619 1304 πάντες

156 1321 196 1367 οἶ
213 1320 265 1365 τὰ
279 1319 488 1375 Ῥωμαίων
505 1319 820 1378 θρησκεύοντες,
846 1325 1138 1378 πεπληρῶσθαι
1158 1323 1225 1364 καὶ
1247 1321 1293 1364 τὸ
1314 1322 1447 1365 αὐτῶν
1464 1322 1612 1379 μέτρον
1634 1328 1667 1365 D

156 1388 224 1435 οἷα
241 1389 370 1437 καὶ-,τὸ
388 1393 469 1433 τῶν
479 1390 732 1447 Ἀμορραίων
750 1389 1016 1448 λογιζόμενοι,
1044 1392 1110 1433 καὶ
1131 1388 1382 1442 πιστεύοντες
1399 1395 1619 1446 τηνικαῦτα

155 1457 214 1511 ὥς
242 1458 326 1516 ἄρα
354 1457 404 1502 οὗ
426 1456 552 1514 μόνον
571 1461 703 1510 πίστις
723 1459 947 1502 ἄπαιτεῖται
968 1459 1077 1517 ὀρθὴ
1101 1459 1204 1501 ἀλλὰ
1227 1461 1293 1502 καὶ
1311 1461 1402 1514 βίος
1422 1464 1471 1517 τῇ
1489 1461 1618 1503 πίστει

155 1525 466 1583 ἀνθιστάμενος.
534 1527 598 1571 διὸ
629 1530 698 1571 καὶ
728 1527 973 1586 ἀμφότεροι,
1009 1526 1033 1571 ὅ
1056 1545 1097 1571 τε
1120 1529 1210 1585 περὶ
1231 1528 1305 1584 τὴν
1325 1529 1457 1572 πίστιν
1479 1532 1619 1586 σφαλ-

95 1594 322 1653 Ξολόμενος
348 1595 505 1652 δηλαδὴ
536 1598 603 1640 καὶ
630 1595 652 1640 ὅ
679 1599 769 1654 περὶ
789 1597 859 1640 τὸν
877 1598 969 1651 βίον
986 1594 1224 1650 ὑποσκάζων
1243 1598 1310 1639 καὶ
1329 1595 1541 1652 χωλεύων,
1574 1597 1619 1640 ἓν

151 1666 221 1724 ἴσῃ
251 1666 426 1726 τιμωρίᾳ
454 1667 747 1710 καθίστανται·
781 1663 803 1709 ὃ
824 1666 903 1722 γὰρ
923 1663 1097 1721 ποιήσας
1116 1667 1184 1708 καὶ
1207 1664 1377 1717 διδάξας
1399 1667 1618 1709 ἐπαινεῖται

152 1737 223 1779 καὶ
239 1736 513 1792 μακαρίζεται.
583 1739 712 1779 ταῦτα
733 1732 1021 1789 ε’νωτισάμενος
1040 1733 1062 1778 ὃ
1081 1735 1274 1789 βασιλεὺς
1290 1737 1526 1791 προθυμίαν
1544 1735 1619 1790 μέν

153 1801 256 1860 εἶχεν
290 1803 394 1849 ὥστε
432 1803 578 1850 αὖτίκα
610 1805 831 1863 ἐξορμῆσαι
867 1805 936 1848 καὶ
970 1808 1023 1863 τῇ
1058 1802 1207 1848 ἑαυτοῦ
1237 1801 1358 1866 χώρᾳ
1389 1808 1618 1861 βοηθῆσαι,

147 1980 247 2028 quit,
279 1979 411 2028 quique
432 1981 613 2017 admodum
636 1981 796 2018 celeriter
819 1982 949 2027 currit,
981 1993 1050 2018 non
1073 1981 1233 2028 potuisse
1256 1993 1317 2018 eos
1341 1980 1401 2028 qui
1426 1980 1509 2016 illuc
1530 1992 1616 2016 con-

148 2029 312 2074 fugerant
333 2039 479 2064 servare
501 2028 634 2064 evitato
658 2029 833 2076 periculo:
860 2029 984 2073 immo,
1006 2029 1099 2074 quod
1123 2040 1296 2075 nunquam
1319 2032 1401 2063 ante
1423 2027 1615 2074 acciderat,

148 2074 203 2110 ita
223 2074 420 2109 abundasse
441 2086 586 2121 aquam,
621 2080 658 2110 et
679 2075 790 2111 veluti
812 2075 987 2120 absorptis
1020 2075 1220 2110 fluminibus
1247 2086 1366 2109 omnes
1389 2074 1530 2120 penitus
1553 2074 1616 2120 qui

149 2132 194 2156 eo
225 2121 455 2166 confugerant
485 2121 618 2156 diluvio
651 2126 688 2156 et
717 2121 944 2158 inundatione
967 2121 1187 2168 oppressisse
1211 2126 1248 2156 et
1270 2122 1336 2155 sub
1358 2125 1455 2155 terra
1477 2120 1616 2155 demer-

150 2165 254 2202 sisse.
300 2166 388 2202 haec
415 2165 428 2200 i
455 2165 525 2201 ‘tur
554 2168 600 2202 ad
629 2167 700 2202 alia
730 2168 890 2202 nuntiata
923 2167 1100 2212 ingentem
1131 2166 1232 2202 nobis
1262 2166 1368 2201 animi
1401 2166 1555 2201 dolorem
1578 2171 1616 2202 et

149 2212 342 2248 cruciatum
366 2216 442 2247 attu
455 2224 533 2255 ere,
556 2214 802 2259 reputantibus
828 2214 920 2260 quod
945 2213 1121 2248 acciderat
1142 2224 1221 2248 esse
1241 2213 1395 2247 divinum
1417 2217 1615 2259 portentum

151 2264 189 2294 et
216 2258 305 2293 iram
336 2262 443 2303 atque
471 2257 744 2304 indignationem
768 2259 846 2305 dei,
882 2270 957 2294 cum
981 2271 1051 2294 non
1075 2259 1195 2294 hostes
1216 2259 1318 2294 modo
1341 2259 1404 2293 sed
1427 2259 1506 2305 ipsa
1526 2269 1616 2304 quo·-

150 2316 221 2352 que
244 2303 414 2340 elementa
433 2304 535 2340 nobis
557 2311 806 2352 repugnarent.
854 2305 952 2350 prius
975 2306 1064 2341 enim
1085 2310 1140 2340 tot
1164 2305 1342 2340 nationum
1367 2316 1556 2340 concursus
1579 2309 1617 2340 et

149 2350 359 2395 concitatio,
394 2356 431 2386 et
459 2361 576 2386 eorum
608 2352 669 2397 qui
700 2353 765 2386 sub
799 2351 966 2386 Romanis
997 2352 1171 2397 degebant
1199 2350 1373 2394 defectio,
1408 2351 1463 2386 ira
1494 2350 1617 2386 divina

149 2397 291 2444 quidem
319 2408 488 2441 evenere,
525 2397 588 2433 sed
612 2403 734 2432 contra
756 2397 976 2441 haereticos,
1011 2399 1071 2444 qui
1094 2397 1246 2433 Iberiam
1270 2402 1307 2432 et
1328 2397 1618 2444 Mesopotamiam

148 2454 262 2490 usque
283 2443 327 2478 ad
349 2442 542 2478 Licandum
564 2447 600 2479 et
618 2443 818 2478 Melitenem
840 2449 877 2479 et
895 2443 1075 2479 finitimam
1091 2444 1245 2480 incolunt
1259 2443 1474 2489 Armeniam,
1498 2443 1622 2479 Iudai-

149 2500 294 2535 camque
323 2489 485 2524 Nestorii
517 2495 554 2524 et
585 2489 836 2536 Acephalorum
859 2490 977 2525 colunt
999 2490 1186 2526 haeresim.
1236 2489 1364 2525 etenim
1388 2489 1514 2536 plenae
1536 2493 1620 2525 sunt

149 2535 216 2571 hae
238 2535 402 2581 regiones
425 2535 664 2571 huiuscemodi
688 2548 819 2582 pravae
844 2536 1032 2582 opinionis.
1078 2536 1141 2571 sed
1165 2537 1226 2572 ubi
1250 2536 1461 2571 orthodoxos
1479 2547 1621 2582 quoque

149 2581 282 2618 invasit
311 2581 510 2626 calamitas,
545 2594 664 2618 omnes
697 2581 758 2628 qui
789 2584 1021 2618 Romanorum
1056 2582 1163 2618 cultui
1191 2582 1323 2618 addicti
1346 2586 1464 2617 essent
1485 2593 1555 2628 quo
1577 2593 1619 2617 se

147 2633 331 2663 verterent
362 2628 586 2674 nesciebant,
617 2632 822 2674 reputantes
854 2634 891 2664 et
919 2629 1073 2675 ipsorum
1105 2640 1301 2664 mensuram
1332 2628 1481 2674 perinde
1510 2633 1618 2674 atque

149 2674 231 2710 olim
254 2674 518 2710 Amori-aeorum
541 2675 716 2720 impletam
739 2687 837 2719 esse,
865 2680 902 2710 et
922 2681 1006 2710 tunc
1028 2676 1211 2710 credentes
1234 2686 1303 2711 non
1325 2679 1459 2710 tantum
1480 2679 1613 2709 rectam

148 2720 252 2755 fidem
271 2720 405 2766 requiri
424 2722 488 2756 sed
511 2726 548 2756 et
568 2721 674 2756 vitam
696 2721 780 2757 fidei
801 2722 1089 2768 respondentem
1136 2733 1220 2757 uare
1238 2721 1399 2767 utrique,
1424 2725 1462 2756 et
1483 2719 1521 2756 in
1541 2721 1613 2756 fide

147 2766 317 2802 videlicet
337 2773 496 2802 errantes
519 2773 557 2802 et
577 2767 615 2802 in
635 2767 711 2802 vita
733 2768 951 2804 offendentes
974 2773 1080 2814 atque
1102 2734 1336 2803 diaudicantes
1348 2794 1359 2812 ,
1382 2766 1460 2813 pari
1477 2766 1612 2814 suppli-

148 2813 205 2847 cio
227 2812 346 2848 affecti
368 2819 469 2856 sunt;
495 2814 556 2858 qui
580 2814 671 2849 enim
693 2814 780 2850 fecit
801 2820 838 2850 et
857 2814 997 2859 docuit,
1023 2815 1082 2849 hic
1104 2816 1227 2850 beatus
1248 2819 1424 2849 censetur.
1471 2813 1526 2848 his
1547 2824 1612 2848 au-

148 2858 234 2896 ditis
258 2859 448 2908 imperator
468 2871 600 2897 summo
622 2860 739 2899 studio
761 2866 800 2900 et
820 2861 928 2899 animi
947 2861 1132 2899 alacritate
1161 2860 1412 2909 quamprimum
1433 2859 1554 2907 egredi
1575 2865 1613 2897 et
