1890 3236
297 154 395 202 454
767 150 1004 197 essoaen
1036 126 1276 201 CEDRENI
1311 133 1313 136 ’

243 274 274 307 Β
297 265 471 327 ᾐτήσατο
499 264 602 309 κατὰ
631 263 703 319 τὴν
737 263 1033 318 Θεσσαλονίκην
1064 264 1238 318 οἲκῆσαι.
1305 261 1582 316 ἐπινεύσαντος
1605 266 1650 309 δέ
1671 269 1745 313 τοῦ

293 335 492 391 βασιλέως
517 330 724 388 ἡρμόσατο
746 338 916 388 γυναῖκα
934 331 1007 386 τὴν
1027 331 1238 387 θυγατέρα
1259 335 1332 374 τοῦ
1353 330 1517 389 πρώτου
1533 336 1614 376 τῶν
1631 350 1746 391 περι-

294 402 498 458 βαταρίων
526 404 600 442 τοῦ
628 403 728 442 ναοῦ
752 403 825 442 τοῦ
853 397 1094 456 ἀθλοφόροι]
1124 399 1386 455 Δημητρίου,
1429 401 1497 442 καὶ
1524 402 1674 452 παῖδας
1700 403 1746 455 ἐξ

296 470 422 524 αὐτῆς
434 467 530 521 ,ἴσχε
552 466 639 510 δύο.
705 464 790 509 εἶτα
810 466 991 524 ἀποδρὰς
1009 464 1137 519 ἑάλω,
1178 467 1246 508 καὶ
1267 465 1434 517 ἐντεύξει
1459 471 1531 510 τοῦ
1551 469 1746 523 κηόεάτοῦ

295 533 574 592 συνεχωρήθη.
641 535 707 576 καὶ
729 533 913 592 δεύτερον
935 534 1116 591 ἀποδρὰς
1139 531 1287 588 ὁμοίως
1306 534 1474 591 ἀφείθη.
1539 537 1608 578 ’καὶ
1630 536 1779 593 &spati

296 605 341 648 δὲ
359 604 476 646 τέκνα
495 601 567 646 δύο
588 600 759 658 ποιήσας
776 602 822 646 τὸ
850 603 982 662 τρίτον
1003 602 1181 659 ἀπέδρα,
1221 603 1288 645 καὶ
1308 603 1560 661 συλληφθεὶς
1583 603 1746 650 dumo-
1783 649 1786 652 ,

289 672 484 726 ,Mula-9⁷7.

432 742 528 782 Τῶν
553 737 598 781 δὲ
620 741 883 795 Νουμεριτῶν
912 739 978 781 καὶ
1002 738 1228 795 Ἀταφιτῶν
1254 735 1438 794 Ἀράβων
1459 740 1598 790 δεινῶς
1615 735 1690 795 τήν
1705 755 1750 783 τε

295 807 431 862 κοίλην
450 807 601 862 Συρίαν
619 808 684 849 καὶ
706 807 831 861 αὐτὴν
851 805 1175 863 κατατρεχόντων
1194 805 1267 860 τὴν
1290 804 1547 860 Ἀντιόχειαν,
1580 806 1650 850 τὸν
1667 803 1752 861 μά-

294 891 457 932 γιστρον
478 872 716 930 Νικηφόρον
736 875 805 918 τὸν
836 874 1019 931 Οὐρανὸν
1045 872 1066 917 ὅ
1092 874 1285 928 βασιλεὺς
1312 873 1489 931 ἄρχοντα
1510 874 1750 930 Ἀντιοχείας
1761 883 1806 920 10

245 951 275 986 C
298 943 484 997 ἐκπέμπει
492 974 506 994 ,
542 941 730 997 διάδοχον
754 943 876 985 αὐτοῦ
904 946 977 997 τῆς
998 943 1295 996 Θεσσαλονίκης
1320 942 1545 997 πεποιηκὼς
1571 942 1642 986 τὸν
1668 959 1752 986 πα-

295 1012 444 1068 τρίκιον
463 1011 602 1064 Λαβὶδ
628 1010 697 1053 τὸν
718 1010 953 1067 Ἀριανίτην.
1021 1012 1062 1054 ἓν
1084 1011 1127 1052 δὲ
1149 1008 1464 1053 Φιλιππουπόλει
1493 1010 1563 1053 τὸν
1590 1026 1751 1067 πρωτο-

296 1077 529 1135 σπαθάριον
547 1077 784 1136 Νικηφόρον
805 1079 875 1121 τὸν
894 1076 1049 1136 Ξιφίαν
1067 1083 1302 1135 στρατηγεῖν
1326 1077 1436 1129 ἔταξε
1446 1109 1460 1129 ,
1488 1082 1562 1122 τοῦ
1585 1078 1751 1121 Θεοδω-

297 1146 470 1202 ροκάνου
492 1146 560 1189 διὰ
583 1151 711 1203 γῆρας
733 1147 1098 1203 παραιτησαμένου.
1166 1143 1188 1189 ὃ
1210 1146 1253 1188 δὲ
1275 1143 1496 1203 μάγιστρος
1511 1144 1752 1204 Νικηφόρος

298 1213 319 1257 ὅ
345 1214 529 1271 Οὐρανὸς
550 1215 590 1256 ἒν
602 1214 819 1273 Ἀντιοχείᾳ
838 1213 1046 1270 γενόμενος
1067 1214 1134 1256 καὶ
1157 1215 1247 1255 δυσὶ
1265 1215 1332 1255 καὶ
1350 1215 1455 1270 τρισὶ
1475 1212 1626 1268 μάχαις
1643 1214 1806 1268 uva-'15

297 1284 461 1332 πλακεὶς
485 1280 728 1339 Κιστρινήτῃ
760 1287 817 1341 τῷ
846 1288 926 1324 τῶν
951 1279 1136 1336 Ἀράβων
1160 1285 1370 1339 στρατηγῷ
1401 1283 1469 1324 καὶ
1500 1279 1752 1338 τρεψάμενος

298 1349 448 1392 ἔπεισεν
465 1348 634 1405 ἡσυχίαν
654 1350 773 1406 ἄγειν,
808 1351 875 1393 καὶ
896 1350 947 1393 τὰ
968 1348 1186 1407 πράγματα
1216 1352 1272 1400 εἷς
1297 1353 1476 1404 βαθεῖαν
1505 1348 1666 1408 εἰρήνην
1685 1351 1752 1394 καὶ

297 1422 548 1475 γαληνιιῦσαν
564 1417 795 1474 μετήγαγεν.
1688 1421 1691 1424 ’

429 1484 479 1529 ‘O
504 1486 546 1528 δὲ
566 1486 759 1539 βασιλεὺς
776 1486 880 1528 κατὰ
901 1485 946 1527 τὸ
975 1485 1087 1528 ἐπιὸν
1115 1483 1202 1535 ἔτος
1232 1486 1476 1536 ῗνδικτιῶνος
1506 1483 1552 1529 ιε’
1581 1486 1754 1544 ἐκστρα-

299 1550 402 1596 τεῦει
429 1553 531 1596 κατὰ
559 1552 756 1608 Βιὸύνης,
801 1555 867 1596 καὶ
891 1554 962 1610 ἐφ’
990 1552 1109 1602 ὅλους
1136 1552 1239 1595 ὀκτὼ
1262 1557 1394 1607 μῆνας
1414 1553 1808 1611 ἐμφιλοχωρήσαςὶο
1863 1554 1866 1556 ’

247 1630 278 1664 D
301 1625 353 1677 τῇ
373 1622 610 1680 προσεδρείᾳ
632 1622 741 1678 αἱρεῖ
757 1621 860 1663 κατὰ
881 1618 1026 1677 κράτος
1047 1620 1120 1675 τὴν
1138 1618 1264 1663 πόλιν.
1298 1621 1339 1662 ἓν
1360 1615 1395 1679 ᾧ
1413 1622 1457 1663 δὲ
1475 1626 1525 1678 τῇ
1543 1624 1755 1682 πολιορκίᾳ

301 1683 418 1738 οὗτος
438 1687 721 1746 προσήδρευεν,
749 1686 770 1732 ὅ
789 1689 983 1743 Σαμουὴλ
1000 1687 1154 1746 εὐζώνῳ
1168 1686 1424 1745 χρησάμενος
1441 1687 1650 1750 ὁδοιπορία
1667 1691 1755 1732 ἐπι-

300 1757 458 1800 τίθεται
487 1757 529 1808 ε”ξ
555 1756 705 1815 ἐφόδου
733 1760 784 1815 τῇ
807 1755 1130 1815 Ἀδριανουπόλει
1150 1756 1243 1800 κατ’
1271 1757 1397 1812 αὐτὴν
1413 1757 1487 1818 τὴν
1506 1755 1661 1816 ἡμέραν
1681 1762 1756 1814 τῆς

392 1897 416 1932 2
437 1894 692 1944 πρεσβυτέρων
714 1897 744 1932 C
846 1897 890 1933 13
913 1893 1222 1942 θεοδωρουκᾶνου
1245 1897 1276 1932 C
1368 1898 1417 1933 16
1433 1896 1609 1943 κιτρινίτῃ
1633 1898 1665 1933 C

293 2016 466 2062 ¹impetrat
487 2023 527 2054 ut
549 2019 820 2056 Thessalonicae
843 2020 912 2056 sibi
934 2019 1055 2055 liceret
1077 2020 1223 2065 degere3
1246 2019 1366 2065 ibique
1381 2030 1522 2055 uxorem
1538 2020 1634 2055 ducit
1649 2020 1756 2056 filiam

301 2063 404 2109 primi
429 2066 716 2110 peribatariormn
740 2067 836 2102 aedis
859 2066 1023 2112 martyris
1057 2067 1238 2102 Demetrii.
1285 2077 1430 2110 cumque
1454 2066 1507 2101 bis
1531 2077 1572 2100 ea
1595 2066 1757 2101 maritum

303 2114 436 2163 patrem
459 2111 613 2155 fecisset,
635 2113 710 2157 ipse
735 2113 905 2158 profugit.
952 2112 1188 2158 deprehensus
1211 2123 1334 2146 socero
1356 2112 1594 2146 intercedente
1615 2112 1755 2147 veniam

303 2157 516 2200 impetravit.
564 2166 600 2192 et
624 2170 698 2192 cnm
721 2159 833 2193 denuo
857 2157 1089 2203 profugisset,
1124 2168 1260 2191 rursum
1283 2161 1338 2192 est
1366 2157 1485 2191 eodem
1509 2158 1610 2192 modo
1632 2157 1754 2192 dimis-

301 2211 374 2236 sus.
422 2201 500 2236 aliis
523 2209 635 2237 antem
658 2204 791 2239 duobus
813 2204 934 2240 liberis
956 2202 1169 2251 procreatie,
1194 2202 1336 2238 tertium
1359 2207 1399 2238 ut
1420 2203 1596 2250 profugit,
1629 2208 1753 2250 captus

301 2245 408 2291 inque
430 2248 545 2294 palum
566 2249 713 2284 suffixus
736 2254 803 2284 est.

392 2315 534 2350 Interim
559 2317 763 2352 Numeritae
787 2322 824 2352 et
844 2315 1032 2361 Atapbitae
1058 2314 1192 2350 Arabes
1216 2326 1291 2351 cum
1314 2314 1550 2360 Coelesyriam
1573 2315 1755 2362 ipsamque

303 2358 405 2394 etiam
430 2361 580 2397 Africam
604 2363 760 2407 graviter
780 2367 950 2398 vexarent
983 2361 1262 2406 incursionibus,
1296 2362 1496 2407 magistrum
1519 2361 1756 2408 Nicephorum

302 2403 456 2440 Uranum
481 2407 669 2452 imperator
689 2414 884 2455 praetorem
907 2407 1120 2441 Antiocheae
1143 2407 1258 2450 mittit,
1283 2408 1470 2442 succedere
1494 2406 1528 2441 ei
1550 2406 1587 2441 in
1610 2412 1756 2452 praetu-

302 2459 376 2484 ram
410 2452 680 2489 Thessalonices
718 2454 812 2489 iusso
851 2452 999 2499 patricio
1032 2452 1168 2486 Davido
1210 2452 1378 2487 Arianita.
1434 2457 1469 2488 et
1498 2452 1755 2498 Philippopolis

303 2501 498 2539 praeturam
523 2500 567 2533 ob
597 2512 738 2544 gravem
770 2503 919 2534 aetatem
947 2498 1147 2543 resignante
1179 2498 1367 2532 Theodoro
1397 2509 1504 2541 cano,
1547 2510 1622 2533 eam
1645 2498 1755 2532 Nice-

302 2540 412 2583 phoro
441 2546 723 2590 protospathario
753 2545 908 2590 Xiphiae
941 2544 1090 2578 mandat.
1136 2543 1276 2577 Uranus
1310 2548 1351 2578 ut
1383 2543 1610 2578 Antiocheam
1642 2543 1755 2587 venit,

303 2584 435 2620 duobus
459 2595 519 2623 aut
540 2590 652 2625 tribus
675 2591 818 2636 praeliis
839 2589 1054 2624 Cistrinitam
1072 2590 1220 2623 Arabum
1244 2589 1363 2623 ducem
1385 2588 1554 2633 contudit,
1580 2588 1756 2635 facileque

302 2633 475 2675 persuasit
494 2640 532 2669 ut
555 2636 586 2670 is
608 2647 712 2681 porro
734 2637 944 2683 quiesceret,
966 2634 1148 2679 omniaque
1167 2634 1322 2669 reddidit
1345 2633 1581 2680 pacatissima.

392 2699 491 2736 Anno
514 2702 723 2749 insequenti,
750 2702 939 2738 indictione
966 2701 1099 2736 decima
1122 2701 1256 2747 quinta,
1278 2701 1448 2745 Bidynam
1469 2702 1587 2736 urbem
1603 2696 1753 2746 obsidet,

303 2748 340 2777 et
361 2752 438 2780 octo
461 2759 594 2782 menses
619 2749 878 2794 oppugnatione
901 2754 1025 2791 tracta,
1064 2759 1137 2782 eam
1162 2747 1199 2781 vi
1224 2746 1331 2792 cupit.
1378 2747 1456 2781 dum
1481 2747 1568 2782 haec
1590 2747 1664 2791 agit
1687 2747 1756 2781 im-

301 2798 462 2836 perator,
497 2793 676 2830 Samuelus
706 2794 886 2841 expeditos
919 2794 1050 2830 ducens
1082 2792 1410 2840 Adrianopolitanos
1441 2792 1557 2828 obiter
1586 2791 1753 2837 adoritur,

625 2967 643 2978 κ
