<?xml version="1.0" encoding="UTF-8"?>
<!DOCTYPE html PUBLIC "-//W3C//DTD XHTML 1.0 Transitional//EN"
    "http://www.w3.org/TR/xhtml1/DTD/xhtml1-transitional.dtd">
<html xmlns="http://www.w3.org/1999/xhtml" xml:lang="en" lang="en">
 <head>
  <title>
</title>
<meta http-equiv="Content-Type" content="text/html;charset=utf-8" />
  <meta name='ocr-system' content='tesseract 3.04.00' />
  <meta name='ocr-capabilities' content='ocr_page ocr_carea ocr_par ocr_line ocrx_word'/>
</head>
<body>
  <div class='ocr_page' id='page_1' title='image "./corpusscriptorum14niebuoft/corpusscriptorum14niebuoft_0833.png"; bbox 0 0 1916 3210; ppageno 0'>
   <div class='ocr_carea' id='block_1_1' title="bbox 685 126 1646 175">
    <p class='ocr_par' dir='ltr' id='par_1_1' title="bbox 685 126 1646 175">
     <span class='ocr_line' id='line_1_1' title="bbox 685 126 1646 175; baseline 0.001 -1"><span class='ocrx_word' id='word_1_1' title='bbox 685 126 1131 174; x_wconf 81' lang='lat' dir='ltr'><strong>ANNOTATIONES.</strong></span> <span class='ocrx_word' id='word_1_2' title='bbox 1547 127 1646 175; x_wconf 80' lang='lat'><strong>823</strong></span> 
     </span>
    </p>
   </div>
   <div class='ocr_carea' id='block_1_2' title="bbox 143 237 1649 2834">
    <p class='ocr_par' dir='ltr' id='par_1_2' title="bbox 179 237 1648 392">
     <span class='ocr_line' id='line_1_2' title="bbox 181 237 1648 292; baseline -0.003 -10"><span class='ocrx_word' id='word_1_3' title='bbox 181 239 366 282; x_wconf 71' lang='lat' dir='ltr'><strong>Man-idi.</strong></span> <span class='ocrx_word' id='word_1_4' title='bbox 379 241 420 278; x_wconf 89' lang='lat' dir='ltr'><strong>et</strong></span> <span class='ocrx_word' id='word_1_5' title='bbox 451 237 720 278; x_wconf 79' lang='lat' dir='ltr'><strong>constantinae</strong></span> <span class='ocrx_word' id='word_1_6' title='bbox 752 239 898 292; x_wconf 86' lang='lat' dir='ltr'><strong>nuptias</strong></span> <span class='ocrx_word' id='word_1_7' title='bbox 926 241 1040 279; x_wconf 83' lang='lat' dir='ltr'><strong>refert</strong></span> <span class='ocrx_word' id='word_1_8' title='bbox 1071 238 1292 288; x_wconf 85' lang='lat' dir='ltr'><strong>celebratas,</strong></span> <span class='ocrx_word' id='word_1_9' title='bbox 1330 238 1500 291; x_wconf 83' lang='lat' dir='ltr'><strong>depingit</strong></span> <span class='ocrx_word' id='word_1_10' title='bbox 1526 238 1648 278; x_wconf 90' lang='lat' dir='ltr'><strong>Simo-</strong></span> 
     </span>
     <span class='ocr_line' id='line_1_3' title="bbox 181 290 1646 349; baseline -0.003 -8"><span class='ocrx_word' id='word_1_11' title='bbox 181 299 290 341; x_wconf 61' lang='lat' dir='ltr'><strong>«tlh</strong></span> <span class='ocrx_word' id='word_1_12' title='bbox 308 295 361 337; x_wconf 88' lang='lat'><strong>10</strong></span> <span class='ocrx_word' id='word_1_13' title='bbox 394 297 431 338; x_wconf 88' lang='lat'><strong>1.</strong></span> <span class='ocrx_word' id='word_1_14' title='bbox 487 290 793 349; x_wconf 75' lang='grc' dir='ltr'><strong>Αυγουστάλιον</strong></span> <span class='ocrx_word' id='word_1_15' title='bbox 812 299 921 336; x_wconf 88' lang='lat' dir='ltr'><strong>vocat</strong></span> <span class='ocrx_word' id='word_1_16' title='bbox 937 295 1231 348; x_wconf 85' lang='lat' dir='ltr'><strong>Euchologium&#39;</strong></span> <span class='ocrx_word' id='word_1_17' title='bbox 1221 308 1259 335; x_wconf 89' lang='grc' dir='ltr'><strong>ιιι</strong></span> <span class='ocrx_word' id='word_1_18' title='bbox 1278 297 1512 336; x_wconf 77' lang='lat' dir='ltr'><strong>coronatione</strong></span> <span class='ocrx_word' id='word_1_19' title='bbox 1530 297 1646 349; x_wconf 90' lang='lat' dir='ltr'><strong>impe-</strong></span> 
     </span>
     <span class='ocr_line' id='line_1_4' title="bbox 179 352 527 392; baseline -0.006 0"><span class='ocrx_word' id='word_1_20' title='bbox 179 352 334 392; x_wconf 74' lang='lat' dir='ltr'><strong>ratricis.</strong></span> <span class='ocrx_word' id='word_1_21' title='bbox 389 352 527 390; x_wconf 74' lang='lat' dir='ltr'><strong>GoAa.</strong></span> 
     </span>
    </p>

    <p class='ocr_par' dir='ltr' id='par_1_3' title="bbox 179 404 1649 516">
     <span class='ocr_line' id='line_1_5' title="bbox 293 404 1649 463; baseline -0.002 -11.901"><span class='ocrx_word' id='word_1_22' title='bbox 293 408 442 460; x_wconf 79' lang='lat' dir='ltr'><strong>p.792</strong></span> <span class='ocrx_word' id='word_1_23' title='bbox 465 421 500 448; x_wconf 78' lang='lat' dir='ltr'><strong>v·</strong></span> <span class='ocrx_word' id='word_1_24' title='bbox 527 410 567 451; x_wconf 87' lang='grc'><strong>7-</strong></span> <span class='ocrx_word' id='word_1_25' title='bbox 624 422 697 448; x_wconf 87' lang='grc' dir='ltr'><strong>τον</strong></span> <span class='ocrx_word' id='word_1_26' title='bbox 724 404 848 460; x_wconf 78' lang='grc' dir='ltr'><strong><em>μέγαν</em></strong></span> <span class='ocrx_word' id='word_1_27' title='bbox 875 407 1148 463; x_wconf 80' lang='grc' dir='ltr'><strong>βαπτιστῆρα]</strong></span> <span class='ocrx_word' id='word_1_28' title='bbox 1185 411 1356 461; x_wconf 87' lang='lat' dir='ltr'><strong>respectu</strong></span> <span class='ocrx_word' id='word_1_29' title='bbox 1382 408 1544 448; x_wconf 89' lang='lat' dir='ltr'><strong>minoris.</strong></span> <span class='ocrx_word' id='word_1_30' title='bbox 1599 409 1649 449; x_wconf 91' lang='lat' dir='ltr'><strong>de</strong></span> 
     </span>
     <span class='ocr_line' id='line_1_6' title="bbox 179 463 826 516; baseline -0.003 -12"><span class='ocrx_word' id='word_1_31' title='bbox 179 468 336 516; x_wconf 82' lang='lat' dir='ltr'><strong>utroque</strong></span> <span class='ocrx_word' id='word_1_32' title='bbox 353 463 629 515; x_wconf 83' lang='lat' dir='ltr'><strong>Euchologium.</strong></span> <span class='ocrx_word' id='word_1_33' title='bbox 686 464 826 503; x_wconf 75' lang='lat' dir='ltr'><strong>GoAn.</strong></span> 
     </span>
    </p>

    <p class='ocr_par' dir='ltr' id='par_1_4' title="bbox 143 520 1646 743">
     <span class='ocr_line' id='line_1_7' title="bbox 293 520 1646 587; baseline 0.001 -28"><span class='ocrx_word' id='word_1_34' title='bbox 293 520 823 587; x_wconf 68' lang='lat' dir='ltr'><strong>ib.v.13.suseeper1mt]</strong></span> <span class='ocrx_word' id='word_1_35' title='bbox 854 534 989 573; x_wconf 85' lang='lat' dir='ltr'><strong>nempe</strong></span> <span class='ocrx_word' id='word_1_36' title='bbox 1017 533 1063 560; x_wconf 84' lang='lat' dir='ltr'><strong>ex</strong></span> <span class='ocrx_word' id='word_1_37' title='bbox 1093 522 1289 573; x_wconf 86' lang='lat' dir='ltr'><strong>baptismo.</strong></span> <span class='ocrx_word' id='word_1_38' title='bbox 1347 522 1516 561; x_wconf 89' lang='lat' dir='ltr'><strong>ordinum</strong></span> <span class='ocrx_word' id='word_1_39' title='bbox 1540 522 1646 574; x_wconf 87' lang='lat' dir='ltr'><strong>prin-</strong></span> 
     </span>
     <span class='ocr_line' id='line_1_8' title="bbox 180 571 1646 630; baseline 0.001 -13"><span class='ocrx_word' id='word_1_40' title='bbox 180 579 293 630; x_wconf 80' lang='lat' dir='ltr'>cipes</span> <span class='ocrx_word' id='word_1_41' title='bbox 312 578 388 616; x_wconf 84' lang='lat' dir='ltr'>dixi</span> <span class='ocrx_word' id='word_1_42' title='bbox 415 571 607 630; x_wconf 77' lang='grc' dir='ltr'><em>θεμάτων</em></span> <span class='ocrx_word' id='word_1_43' title='bbox 630 572 900 629; x_wconf 71' lang='grc' dir='ltr'><strong><em>προῦχοντας,</em></strong></span> <span class='ocrx_word' id='word_1_44' title='bbox 927 579 1016 628; x_wconf 90' lang='lat' dir='ltr'><strong>quia</strong></span> <span class='ocrx_word' id='word_1_45' title='bbox 1042 581 1079 616; x_wconf 90' lang='lat' dir='ltr'><strong>et</strong></span> <span class='ocrx_word' id='word_1_46' title='bbox 1107 579 1202 616; x_wconf 88' lang='lat' dir='ltr'><strong>infra</strong></span> <span class='ocrx_word' id='word_1_47' title='bbox 1222 575 1381 629; x_wconf 80' lang='grc' dir='ltr'><strong><em>θέματα</em></strong></span> <span class='ocrx_word' id='word_1_48' title='bbox 1397 578 1646 618; x_wconf 84' lang='lat' dir='ltr'><strong>Artabasdum</strong></span> 
     </span>
     <span class='ocr_line' id='line_1_9' title="bbox 179 633 1646 686; baseline 0.002 -14"><span class='ocrx_word' id='word_1_49' title='bbox 179 648 252 686; x_wconf 86' lang='lat' dir='ltr'><strong>pro</strong></span> <span class='ocrx_word' id='word_1_50' title='bbox 271 633 510 685; x_wconf 84' lang='lat' dir='ltr'><strong>copronymo</strong></span> <span class='ocrx_word' id='word_1_51' title='bbox 528 634 787 685; x_wconf 84' lang='lat' dir='ltr'><strong>imperatorem</strong></span> <span class='ocrx_word' id='word_1_52' title='bbox 805 647 950 673; x_wconf 75' lang='lat' dir='ltr'><strong>creasse</strong></span> <span class='ocrx_word' id='word_1_53' title='bbox 970 635 1155 676; x_wconf 90' lang='lat' dir='ltr'><strong>dicuntur.</strong></span> <span class='ocrx_word' id='word_1_54' title='bbox 1210 635 1360 686; x_wconf 87' lang='lat' dir='ltr'><strong>ponitur</strong></span> <span class='ocrx_word' id='word_1_55' title='bbox 1381 648 1452 674; x_wconf 86' lang='lat' dir='ltr'><strong>vox</strong></span> <span class='ocrx_word' id='word_1_56' title='bbox 1470 649 1514 675; x_wconf 87' lang='lat' dir='ltr'><strong>ea</strong></span> <span class='ocrx_word' id='word_1_57' title='bbox 1534 637 1646 676; x_wconf 85' lang='lat' dir='ltr'><strong>etiam</strong></span> 
     </span>
     <span class='ocr_line' id='line_1_10' title="bbox 143 690 1229 743; baseline -0.001 -14"><span class='ocrx_word' id='word_1_58' title='bbox 143 713 146 715; x_wconf 19' lang='grc' dir='ltr'><strong>Δ</strong></span> <span class='ocrx_word' id='word_1_59' title='bbox 178 703 251 743; x_wconf 86' lang='lat' dir='ltr'><strong>pro</strong></span> <span class='ocrx_word' id='word_1_60' title='bbox 267 690 508 738; x_wconf 82' lang='lat' dir='ltr'><strong>exercitibus,</strong></span> <span class='ocrx_word' id='word_1_61' title='bbox 537 694 580 728; x_wconf 91' lang='lat' dir='ltr'><strong>ut</strong></span> <span class='ocrx_word' id='word_1_62' title='bbox 597 690 709 729; x_wconf 89' lang='lat' dir='ltr'><strong>duces</strong></span> <span class='ocrx_word' id='word_1_63' title='bbox 726 691 932 740; x_wconf 87' lang='lat' dir='ltr'><strong>intelligere</strong></span> <span class='ocrx_word' id='word_1_64' title='bbox 948 690 1070 731; x_wconf 88' lang='lat' dir='ltr'><strong>liceat.</strong></span> <span class='ocrx_word' id='word_1_65' title='bbox 1125 691 1229 730; x_wconf 78' lang='grc' dir='ltr'><strong>ΧΥι..</strong></span> 
     </span>
    </p>

    <p class='ocr_par' dir='ltr' id='par_1_5' title="bbox 177 743 1647 1081">
     <span class='ocr_line' id='line_1_11' title="bbox 292 743 1640 802; baseline -0.002 -15"><span class='ocrx_word' id='word_1_66' title='bbox 292 759 332 798; x_wconf 77' lang='lat' dir='ltr'><strong>p·</strong></span> <span class='ocrx_word' id='word_1_67' title='bbox 354 747 437 788; x_wconf 83' lang='lat'><strong>793</strong></span> <span class='ocrx_word' id='word_1_68' title='bbox 464 759 501 787; x_wconf 88' lang='lat' dir='ltr'><strong>v.</strong></span> <span class='ocrx_word' id='word_1_69' title='bbox 524 743 564 788; x_wconf 88' lang='lat'><strong>4.</strong></span> <span class='ocrx_word' id='word_1_70' title='bbox 628 744 673 786; x_wconf 82' lang='grc' dir='ltr'><strong>ἐν</strong></span> <span class='ocrx_word' id='word_1_71' title='bbox 705 749 759 802; x_wconf 82' lang='grc' dir='ltr'><strong>τῷ</strong></span> <span class='ocrx_word' id='word_1_72' title='bbox 788 746 1074 802; x_wconf 79' lang='grc' dir='ltr'><strong>τριβουναλίῳ]</strong></span> <span class='ocrx_word' id='word_1_73' title='bbox 1112 747 1294 800; x_wconf 72' lang='lat' dir='ltr'><strong>interpres</strong></span> <span class='ocrx_word' id='word_1_74' title='bbox 1322 760 1399 798; x_wconf 82' lang='lat' dir='ltr'><strong>pro</strong></span> <span class='ocrx_word' id='word_1_75' title='bbox 1431 745 1640 785; x_wconf 77' lang='lat' dir='ltr'><strong>tribunali.</strong></span> 
     </span>
     <span class='ocr_line' id='line_1_12' title="bbox 180 776 1646 843; baseline -0.001 0"><span class='ocrx_word' id='word_1_76' title='bbox 180 776 278 843; x_wconf 70' lang='lat' dir='ltr'><strong>errat</strong></span> <span class='ocrx_word' id='word_1_77' title='bbox 308 801 407 841; x_wconf 84' lang='lat' dir='ltr'><strong>vocis</strong></span> <span class='ocrx_word' id='word_1_78' title='bbox 434 803 493 842; x_wconf 83' lang='lat' dir='ltr'><strong>ad</strong></span> <span class='ocrx_word' id='word_1_79' title='bbox 524 801 695 842; x_wconf 79' lang='lat' dir='ltr'><strong>Latinam</strong></span> <span class='ocrx_word' id='word_1_80' title='bbox 721 787 898 842; x_wconf 79' lang='lat' dir='ltr'><strong>allusione</strong></span> <span class='ocrx_word' id='word_1_81' title='bbox 926 805 1022 843; x_wconf 77' lang='lat' dir='ltr'><strong>male</strong></span> <span class='ocrx_word' id='word_1_82' title='bbox 1050 804 1195 842; x_wconf 86' lang='lat' dir='ltr'><strong>ductus.</strong></span> <span class='ocrx_word' id='word_1_83' title='bbox 1256 803 1520 841; x_wconf 79' lang='lat' dir='ltr'><strong>tribunalium</strong></span> <span class='ocrx_word' id='word_1_84' title='bbox 1546 805 1646 842; x_wconf 87' lang='lat' dir='ltr'><strong>enim</strong></span> 
     </span>
     <span class='ocr_line' id='line_1_13' title="bbox 177 858 1644 912; baseline 0 -14"><span class='ocrx_word' id='word_1_85' title='bbox 177 858 355 912; x_wconf 81' lang='lat' dir='ltr'><strong>palatium</strong></span> <span class='ocrx_word' id='word_1_86' title='bbox 380 864 460 898; x_wconf 87' lang='lat' dir='ltr'><strong>erat</strong></span> <span class='ocrx_word' id='word_1_87' title='bbox 487 858 794 909; x_wconf 84' lang='lat' dir='ltr'><strong>augustissimum.</strong></span> <span class='ocrx_word' id='word_1_88' title='bbox 850 861 953 898; x_wconf 84' lang='lat' dir='ltr'><strong>favet</strong></span> <span class='ocrx_word' id='word_1_89' title='bbox 974 864 1013 898; x_wconf 85' lang='lat' dir='ltr'><strong>et</strong></span> <span class='ocrx_word' id='word_1_90' title='bbox 1035 860 1245 899; x_wconf 89' lang='lat' dir='ltr'><strong>Cedrenum</strong></span> <span class='ocrx_word' id='word_1_91' title='bbox 1263 861 1420 912; x_wconf 84' lang='lat' dir='ltr'><strong>explicat</strong></span> <span class='ocrx_word' id='word_1_92' title='bbox 1435 860 1644 899; x_wconf 86' lang='lat' dir='ltr'><strong>Himerius.</strong></span> 
     </span>
     <span class='ocr_line' id='line_1_14' title="bbox 179 912 1646 982; baseline 0 -25"><span class='ocrx_word' id='word_1_93' title='bbox 179 913 232 957; x_wconf 73' lang='grc' dir='ltr'><strong>ἐν</strong></span> <span class='ocrx_word' id='word_1_94' title='bbox 251 916 310 982; x_wconf 73' lang='grc' dir='ltr'><strong>τῷ</strong></span> <span class='ocrx_word' id='word_1_95' title='bbox 333 913 511 970; x_wconf 56' lang='lat' dir='ltr'><strong>walarico</strong></span> <span class='ocrx_word' id='word_1_96' title='bbox 530 916 588 970; x_wconf 78' lang='grc' dir='ltr'><strong>τῷ</strong></span> <span class='ocrx_word' id='word_1_97' title='bbox 605 915 868 971; x_wconf 82' lang='grc' dir='ltr'><strong>τριβουναλίω</strong></span> <span class='ocrx_word' id='word_1_98' title='bbox 888 912 1095 964; x_wconf 78' lang='grc' dir='ltr'><em>Εὐδοκίας</em></span> <span class='ocrx_word' id='word_1_99' title='bbox 1120 914 1311 969; x_wconf 76' lang='grc' dir='ltr'><strong>γυναικός</strong></span> <span class='ocrx_word' id='word_1_100' title='bbox 1333 917 1551 957; x_wconf 82' lang='grc' dir='ltr'><em>Θεοδοσίου</em></span> <span class='ocrx_word' id='word_1_101' title='bbox 1570 919 1646 957; x_wconf 79' lang='grc' dir='ltr'><strong>τοῦ</strong></span> 
     </span>
     <span class='ocr_line' id='line_1_15' title="bbox 177 956 1647 1027; baseline -0.001 -13"><span class='ocrx_word' id='word_1_102' title='bbox 177 970 248 1027; x_wconf 54' lang='lat' dir='ltr'><strong>{ny</strong></span> <span class='ocrx_word' id='word_1_103' title='bbox 249 968 351 1014; x_wconf 75' lang='grc' dir='ltr'><strong>ὄνου</strong></span> <span class='ocrx_word' id='word_1_104' title='bbox 377 971 608 1013; x_wconf 72' lang='grc' dir='ltr'><em>Θεοδοσίου.</em></span> <span class='ocrx_word' id='word_1_105' title='bbox 665 956 857 1013; x_wconf 82' lang='lat' dir='ltr'><strong>dicebatur</strong></span> <span class='ocrx_word' id='word_1_106' title='bbox 883 973 982 1012; x_wconf 87' lang='lat' dir='ltr'><strong>idem</strong></span> <span class='ocrx_word' id='word_1_107' title='bbox 1009 974 1261 1013; x_wconf 83' lang='lat' dir='ltr'><strong>novemdecim</strong></span> <span class='ocrx_word' id='word_1_108' title='bbox 1285 973 1569 1023; x_wconf 89' lang='lat' dir='ltr'><strong>Accubitorum,</strong></span> <span class='ocrx_word' id='word_1_109' title='bbox 1595 974 1647 1013; x_wconf 87' lang='lat' dir='ltr'><strong>de</strong></span> 
     </span>
     <span class='ocr_line' id='line_1_16' title="bbox 178 1029 631 1081; baseline -0.009 -13"><span class='ocrx_word' id='word_1_110' title='bbox 178 1041 255 1080; x_wconf 84' lang='lat' dir='ltr'><strong>quo</strong></span> <span class='ocrx_word' id='word_1_111' title='bbox 277 1042 315 1081; x_wconf 88' lang='lat' dir='ltr'><strong>p.</strong></span> <span class='ocrx_word' id='word_1_112' title='bbox 338 1029 436 1071; x_wconf 84' lang='lat'><strong>307.</strong></span> <span class='ocrx_word' id='word_1_113' title='bbox 492 1029 557 1067; x_wconf 88' lang='lat' dir='ltr'><strong>Go</strong></span> <span class='ocrx_word' id='word_1_114' title='bbox 561 1039 631 1066; x_wconf 75' lang='grc' dir='ltr'><strong>ιιι.</strong></span> 
     </span>
    </p>

    <p class='ocr_par' dir='ltr' id='par_1_6' title="bbox 178 1079 1648 1309">
     <span class='ocr_line' id='line_1_17' title="bbox 289 1079 1646 1140; baseline -0.001 -14"><span class='ocrx_word' id='word_1_115' title='bbox 289 1098 331 1138; x_wconf 83' lang='lat' dir='ltr'><strong>p.</strong></span> <span class='ocrx_word' id='word_1_116' title='bbox 341 1085 472 1140; x_wconf 78' lang='lat' dir='ltr'><strong>794y.</strong></span> <span class='ocrx_word' id='word_1_117' title='bbox 481 1086 522 1127; x_wconf 88' lang='lat'><strong>8.</strong></span> <span class='ocrx_word' id='word_1_118' title='bbox 561 1079 774 1139; x_wconf 81' lang='grc' dir='ltr'><strong>πρὸοικον]</strong></span> <span class='ocrx_word' id='word_1_119' title='bbox 805 1084 1092 1137; x_wconf 71' lang='lat' dir='ltr'><strong>domus-regiae</strong></span> <span class='ocrx_word' id='word_1_120' title='bbox 1105 1087 1293 1123; x_wconf 77' lang='lat' dir='ltr'><strong>maiorem</strong></span> <span class='ocrx_word' id='word_1_121' title='bbox 1307 1086 1407 1137; x_wconf 86' lang='lat' dir='ltr'><strong>apud</strong></span> <span class='ocrx_word' id='word_1_122' title='bbox 1422 1085 1646 1135; x_wconf 84' lang='lat' dir='ltr'><strong>Gregorium</strong></span> 
     </span>
     <span class='ocr_line' id='line_1_18' title="bbox 179 1140 1646 1194; baseline -0.001 -12"><span class='ocrx_word' id='word_1_123' title='bbox 179 1141 458 1190; x_wconf 71' lang='lat' dir='ltr'><strong>Turnacum,</strong></span> <span class='ocrx_word' id='word_1_124' title='bbox 496 1142 598 1194; x_wconf 87' lang='lat' dir='ltr'><strong>apud</strong></span> <span class='ocrx_word' id='word_1_125' title='bbox 627 1140 782 1180; x_wconf 88' lang='lat' dir='ltr'><strong>Paulum</strong></span> <span class='ocrx_word' id='word_1_126' title='bbox 810 1140 1002 1180; x_wconf 88' lang='lat' dir='ltr'><strong>Aemilium</strong></span> <span class='ocrx_word' id='word_1_127' title='bbox 1032 1143 1270 1194; x_wconf 77' lang='lat' dir='ltr'><strong>magistrum</strong></span> <span class='ocrx_word' id='word_1_128' title='bbox 1302 1142 1477 1180; x_wconf 78' lang='lat' dir='ltr'><strong>militum</strong></span> <span class='ocrx_word' id='word_1_129' title='bbox 1507 1143 1646 1180; x_wconf 89' lang='lat' dir='ltr'><strong>dictum</strong></span> 
     </span>
     <span class='ocr_line' id='line_1_19' title="bbox 178 1197 1648 1251; baseline 0.001 -13"><span class='ocrx_word' id='word_1_130' title='bbox 178 1197 362 1251; x_wconf 83' lang='lat' dir='ltr'><strong>reperies,</strong></span> <span class='ocrx_word' id='word_1_131' title='bbox 402 1199 461 1238; x_wconf 88' lang='lat' dir='ltr'><strong>cui</strong></span> <span class='ocrx_word' id='word_1_132' title='bbox 486 1211 614 1250; x_wconf 83' lang='lat' dir='ltr'><strong>parem</strong></span> <span class='ocrx_word' id='word_1_133' title='bbox 642 1210 719 1236; x_wconf 89' lang='lat' dir='ltr'><strong>non</strong></span> <span class='ocrx_word' id='word_1_134' title='bbox 744 1197 866 1236; x_wconf 90' lang='lat' dir='ltr'><strong>officio</strong></span> <span class='ocrx_word' id='word_1_135' title='bbox 894 1200 961 1237; x_wconf 86' lang='lat' dir='ltr'><strong>sed</strong></span> <span class='ocrx_word' id='word_1_136' title='bbox 990 1199 1138 1238; x_wconf 90' lang='lat' dir='ltr'><strong>nomine</strong></span> <span class='ocrx_word' id='word_1_137' title='bbox 1169 1199 1303 1238; x_wconf 86' lang='lat' dir='ltr'><strong>Graeci</strong></span> <span class='ocrx_word' id='word_1_138' title='bbox 1326 1198 1533 1238; x_wconf 90' lang='lat' dir='ltr'><strong>habuerunt</strong></span> <span class='ocrx_word' id='word_1_139' title='bbox 1560 1198 1648 1251; x_wconf 77' lang='grc' dir='ltr'><strong><em>ῥαί-</em></strong></span> 
     </span>
     <span class='ocr_line' id='line_1_20' title="bbox 178 1253 1556 1309; baseline -0.003 -13"><span class='ocrx_word' id='word_1_140' title='bbox 178 1270 324 1309; x_wconf 77' lang='grc' dir='ltr'><strong>κτωρα.</strong></span> <span class='ocrx_word' id='word_1_141' title='bbox 381 1259 560 1295; x_wconf 83' lang='lat' dir='ltr'><strong>rectorem</strong></span> <span class='ocrx_word' id='word_1_142' title='bbox 579 1255 711 1293; x_wconf 88' lang='lat' dir='ltr'><strong>domus</strong></span> <span class='ocrx_word' id='word_1_143' title='bbox 728 1259 834 1293; x_wconf 86' lang='lat' dir='ltr'><strong>vocat</strong></span> <span class='ocrx_word' id='word_1_144' title='bbox 850 1253 1101 1307; x_wconf 86' lang='lat' dir='ltr'><strong>Luitprandus</strong></span> <span class='ocrx_word' id='word_1_145' title='bbox 1120 1269 1151 1293; x_wconf 91' lang='lat' dir='ltr'><strong>c.</strong></span> <span class='ocrx_word' id='word_1_146' title='bbox 1173 1255 1238 1295; x_wconf 90' lang='lat' dir='ltr'><strong>ult.</strong></span> <span class='ocrx_word' id='word_1_147' title='bbox 1257 1255 1358 1294; x_wconf 85' lang='lat' dir='ltr'><strong>Hist.</strong></span> <span class='ocrx_word' id='word_1_148' title='bbox 1416 1255 1556 1293; x_wconf 58' lang='lat' dir='ltr'><strong>Gom.</strong></span> 
     </span>
    </p>

    <p class='ocr_par' dir='ltr' id='par_1_7' title="bbox 177 1309 1645 1579">
     <span class='ocr_line' id='line_1_21' title="bbox 246 1309 1645 1364; baseline 0 -15"><span class='ocrx_word' id='word_1_149' title='bbox 246 1334 249 1335; x_wconf 31' lang='grc' dir='ltr'><strong>ν</strong></span> <span class='ocrx_word' id='word_1_150' title='bbox 292 1309 390 1349; x_wconf 73' lang='lat' dir='ltr'><strong>ibid.</strong></span> <span class='ocrx_word' id='word_1_151' title='bbox 471 1310 639 1362; x_wconf 74' lang='lat' dir='ltr'><strong>torrens]</strong></span> <span class='ocrx_word' id='word_1_152' title='bbox 687 1325 709 1351; x_wconf 95' lang='grc' dir='ltr'><em>ο</em></span> <span class='ocrx_word' id='word_1_153' title='bbox 749 1311 948 1363; x_wconf 82' lang='grc' dir='ltr'><strong>χείμαρος.</strong></span> <span class='ocrx_word' id='word_1_154' title='bbox 1017 1312 1074 1350; x_wconf 86' lang='lat' dir='ltr'><strong>vel</strong></span> <span class='ocrx_word' id='word_1_155' title='bbox 1106 1312 1153 1350; x_wconf 85' lang='lat' dir='ltr'><strong>sit</strong></span> <span class='ocrx_word' id='word_1_156' title='bbox 1186 1312 1394 1364; x_wconf 87' lang='lat' dir='ltr'><strong>proprium,</strong></span> <span class='ocrx_word' id='word_1_157' title='bbox 1437 1311 1645 1350; x_wconf 86' lang='lat' dir='ltr'><strong>Chimarus.</strong></span> 
     </span>
     <span class='ocr_line' id='line_1_22' title="bbox 177 1367 1644 1419; baseline -0.002 -11"><span class='ocrx_word' id='word_1_158' title='bbox 177 1372 363 1408; x_wconf 83' lang='lat' dir='ltr'><strong>torrentes</strong></span> <span class='ocrx_word' id='word_1_159' title='bbox 394 1370 519 1407; x_wconf 83' lang='lat' dir='ltr'><strong>autem</strong></span> <span class='ocrx_word' id='word_1_160' title='bbox 556 1380 623 1406; x_wconf 86' lang='lat' dir='ltr'><strong>sua</strong></span> <span class='ocrx_word' id='word_1_161' title='bbox 658 1368 904 1407; x_wconf 82' lang='lat' dir='ltr'><strong>exundatione</strong></span> <span class='ocrx_word' id='word_1_162' title='bbox 940 1381 1016 1407; x_wconf 92' lang='lat' dir='ltr'><strong>non</strong></span> <span class='ocrx_word' id='word_1_163' title='bbox 1050 1369 1173 1419; x_wconf 86' lang='lat' dir='ltr'><strong>parvis</strong></span> <span class='ocrx_word' id='word_1_164' title='bbox 1212 1373 1278 1407; x_wconf 86' lang='lat' dir='ltr'><strong>aut</strong></span> <span class='ocrx_word' id='word_1_165' title='bbox 1309 1367 1403 1406; x_wconf 87' lang='lat' dir='ltr'><strong>male</strong></span> <span class='ocrx_word' id='word_1_166' title='bbox 1439 1368 1644 1407; x_wconf 86' lang='lat' dir='ltr'><strong>aedificatis</strong></span> 
     </span>
     <span class='ocr_line' id='line_1_23' title="bbox 178 1423 1644 1477; baseline -0.001 -14"><span class='ocrx_word' id='word_1_167' title='bbox 178 1425 307 1477; x_wconf 78' lang='lat' dir='ltr'><strong>pagis,</strong></span> <span class='ocrx_word' id='word_1_168' title='bbox 354 1425 422 1464; x_wconf 83' lang='lat' dir='ltr'><strong>sed</strong></span> <span class='ocrx_word' id='word_1_169' title='bbox 466 1424 618 1463; x_wconf 79' lang='lat' dir='ltr'><strong>urbibus</strong></span> <span class='ocrx_word' id='word_1_170' title='bbox 650 1436 799 1474; x_wconf 86' lang='lat' dir='ltr'><strong>quoque</strong></span> <span class='ocrx_word' id='word_1_171' title='bbox 836 1426 984 1464; x_wconf 88' lang='lat' dir='ltr'><strong>minime</strong></span> <span class='ocrx_word' id='word_1_172' title='bbox 1023 1426 1296 1464; x_wconf 86' lang='lat' dir='ltr'><strong>contemnendis</strong></span> <span class='ocrx_word' id='word_1_173' title='bbox 1330 1436 1485 1474; x_wconf 85' lang='lat' dir='ltr'><strong>magnas</strong></span> <span class='ocrx_word' id='word_1_174' title='bbox 1519 1423 1644 1462; x_wconf 83' lang='lat' dir='ltr'><strong>clades</strong></span> 
     </span>
     <span class='ocr_line' id='line_1_24' title="bbox 178 1477 1645 1534; baseline -0.001 -14"><span class='ocrx_word' id='word_1_175' title='bbox 178 1483 316 1522; x_wconf 73' lang='lat' dir='ltr'><strong>inferre</strong></span> <span class='ocrx_word' id='word_1_176' title='bbox 336 1480 404 1520; x_wconf 62' lang='lat' dir='ltr'><strong>,vel</strong></span> <span class='ocrx_word' id='word_1_177' title='bbox 428 1480 579 1520; x_wconf 78' lang='lat' dir='ltr'><strong>Basilea</strong></span> <span class='ocrx_word' id='word_1_178' title='bbox 605 1481 741 1520; x_wconf 86' lang='lat' dir='ltr'><strong>docere</strong></span> <span class='ocrx_word' id='word_1_179' title='bbox 769 1485 904 1531; x_wconf 87' lang='lat' dir='ltr'><strong>potest.</strong></span> <span class='ocrx_word' id='word_1_180' title='bbox 962 1477 1206 1534; x_wconf 79' lang='grc' dir='ltr'><strong>δογματικήν</strong></span> <span class='ocrx_word' id='word_1_181' title='bbox 1229 1492 1352 1534; x_wconf 88' lang='lat' dir='ltr'><strong>papae</strong></span> <span class='ocrx_word' id='word_1_182' title='bbox 1380 1479 1574 1533; x_wconf 89' lang='lat' dir='ltr'><strong>epistolam</strong></span> <span class='ocrx_word' id='word_1_183' title='bbox 1593 1481 1645 1519; x_wconf 87' lang='lat' dir='ltr'><strong>ad</strong></span> 
     </span>
     <span class='ocr_line' id='line_1_25' title="bbox 178 1537 844 1579; baseline -0.005 0"><span class='ocrx_word' id='word_1_184' title='bbox 178 1539 331 1579; x_wconf 86' lang='lat' dir='ltr'><strong>verbum</strong></span> <span class='ocrx_word' id='word_1_185' title='bbox 345 1537 564 1577; x_wconf 78' lang='lat' dir='ltr'><strong>decretalem</strong></span> <span class='ocrx_word' id='word_1_186' title='bbox 576 1537 680 1576; x_wconf 83' lang='lat' dir='ltr'><strong>verti.</strong></span> <span class='ocrx_word' id='word_1_187' title='bbox 738 1538 844 1576; x_wconf 73' lang='lat' dir='ltr'><strong>XYr..</strong></span> 
     </span>
    </p>

    <p class='ocr_par' dir='ltr' id='par_1_8' title="bbox 177 1592 1644 1756">
     <span class='ocr_line' id='line_1_26' title="bbox 289 1592 1642 1647; baseline -0.002 -15"><span class='ocrx_word' id='word_1_188' title='bbox 289 1608 328 1647; x_wconf 88' lang='lat' dir='ltr'><strong>p.</strong></span> <span class='ocrx_word' id='word_1_189' title='bbox 351 1594 433 1637; x_wconf 88' lang='grc'><strong>795</strong></span> <span class='ocrx_word' id='word_1_190' title='bbox 461 1606 495 1632; x_wconf 84' lang='lat' dir='ltr'><strong>v.</strong></span> <span class='ocrx_word' id='word_1_191' title='bbox 520 1593 589 1634; x_wconf 82' lang='lat'><strong>20.</strong></span> <span class='ocrx_word' id='word_1_192' title='bbox 649 1593 932 1633; x_wconf 86' lang='lat' dir='ltr'><strong>Oecumenicum</strong></span> <span class='ocrx_word' id='word_1_193' title='bbox 963 1593 1179 1642; x_wconf 86' lang='lat' dir='ltr'><strong>magistrum</strong></span> <span class='ocrx_word' id='word_1_194' title='bbox 1213 1593 1350 1632; x_wconf 88' lang='lat' dir='ltr'><strong>dictum</strong></span> <span class='ocrx_word' id='word_1_195' title='bbox 1384 1595 1499 1644; x_wconf 85' lang='lat' dir='ltr'><strong>puto,</strong></span> <span class='ocrx_word' id='word_1_196' title='bbox 1535 1592 1642 1643; x_wconf 87' lang='lat' dir='ltr'><strong>quasi</strong></span> 
     </span>
     <span class='ocr_line' id='line_1_27' title="bbox 177 1648 1644 1700; baseline -0.003 -10"><span class='ocrx_word' id='word_1_197' title='bbox 177 1651 280 1690; x_wconf 85' lang='lat' dir='ltr'><strong>cuius</strong></span> <span class='ocrx_word' id='word_1_198' title='bbox 299 1651 469 1691; x_wconf 85' lang='lat' dir='ltr'><strong>doctrina</strong></span> <span class='ocrx_word' id='word_1_199' title='bbox 487 1653 588 1689; x_wconf 88' lang='lat' dir='ltr'><strong>totus</strong></span> <span class='ocrx_word' id='word_1_200' title='bbox 606 1653 785 1689; x_wconf 87' lang='lat' dir='ltr'><strong>terrarum</strong></span> <span class='ocrx_word' id='word_1_201' title='bbox 805 1650 904 1688; x_wconf 88' lang='lat' dir='ltr'><strong>orbis</strong></span> <span class='ocrx_word' id='word_1_202' title='bbox 923 1648 1182 1700; x_wconf 81' lang='lat' dir='ltr'><strong>illustraretur,</strong></span> <span class='ocrx_word' id='word_1_203' title='bbox 1210 1653 1274 1688; x_wconf 89' lang='lat' dir='ltr'><strong>aut</strong></span> <span class='ocrx_word' id='word_1_204' title='bbox 1294 1649 1394 1688; x_wconf 88' lang='lat' dir='ltr'><strong>cuius</strong></span> <span class='ocrx_word' id='word_1_205' title='bbox 1412 1661 1480 1700; x_wconf 87' lang='lat' dir='ltr'><strong>per</strong></span> <span class='ocrx_word' id='word_1_206' title='bbox 1497 1660 1644 1687; x_wconf 84' lang='lat' dir='ltr'><strong>omnem</strong></span> 
     </span>
     <span class='ocr_line' id='line_1_28' title="bbox 177 1706 1035 1756; baseline -0.001 -9"><span class='ocrx_word' id='word_1_207' title='bbox 177 1707 492 1747; x_wconf 81' lang='lat' dir='ltr'><strong>Christianitatem</strong></span> <span class='ocrx_word' id='word_1_208' title='bbox 507 1707 650 1756; x_wconf 78' lang='lat' dir='ltr'><strong>vigeret</strong></span> <span class='ocrx_word' id='word_1_209' title='bbox 665 1707 874 1745; x_wconf 85' lang='lat' dir='ltr'><strong>auctoritas.</strong></span> <span class='ocrx_word' id='word_1_210' title='bbox 929 1706 1035 1746; x_wconf 67' lang='lat' dir='ltr'><strong>xvi..</strong></span> 
     </span>
    </p>

    <p class='ocr_par' dir='ltr' id='par_1_9' title="bbox 176 1757 1643 1873">
     <span class='ocr_line' id='line_1_29' title="bbox 291 1757 1643 1817; baseline -0.007 -10"><span class='ocrx_word' id='word_1_211' title='bbox 291 1777 332 1816; x_wconf 81' lang='lat' dir='ltr'><strong>p·</strong></span> <span class='ocrx_word' id='word_1_212' title='bbox 355 1767 439 1806; x_wconf 88' lang='lat'><strong>796</strong></span> <span class='ocrx_word' id='word_1_213' title='bbox 467 1777 502 1803; x_wconf 84' lang='lat' dir='ltr'><strong>v.</strong></span> <span class='ocrx_word' id='word_1_214' title='bbox 530 1764 598 1803; x_wconf 87' lang='lat'><strong>18.</strong></span> <span class='ocrx_word' id='word_1_215' title='bbox 655 1758 856 1817; x_wconf 78' lang='grc' dir='ltr'><em>στρᾶτωρ]</em></span> <span class='ocrx_word' id='word_1_216' title='bbox 897 1757 1149 1815; x_wconf 79' lang='grc' dir='ltr'><em>ἱπποκόμος,</em></span> <span class='ocrx_word' id='word_1_217' title='bbox 1176 1762 1248 1814; x_wconf 76' lang='lat' dir='ltr'><strong>qui</strong></span> <span class='ocrx_word' id='word_1_218' title='bbox 1281 1775 1471 1814; x_wconf 77' lang='lat' dir='ltr'><strong>equorum</strong></span> <span class='ocrx_word' id='word_1_219' title='bbox 1502 1774 1643 1798; x_wconf 75' lang='lat' dir='ltr'><strong>caram</strong></span> 
     </span>
     <span class='ocr_line' id='line_1_30' title="bbox 176 1817 663 1873; baseline -0.002 -15"><span class='ocrx_word' id='word_1_220' title='bbox 176 1817 300 1873; x_wconf 79' lang='lat' dir='ltr'><strong>gerit,</strong></span> <span class='ocrx_word' id='word_1_221' title='bbox 326 1821 467 1871; x_wconf 86' lang='lat' dir='ltr'><strong>equiso.</strong></span> <span class='ocrx_word' id='word_1_222' title='bbox 524 1820 663 1858; x_wconf 78' lang='lat' dir='ltr'><strong>GoAn.</strong></span> 
     </span>
    </p>

    <p class='ocr_par' dir='ltr' id='par_1_10' title="bbox 178 1874 1644 2098">
     <span class='ocr_line' id='line_1_31' title="bbox 292 1874 1644 1928; baseline -0.006 -9"><span class='ocrx_word' id='word_1_223' title='bbox 292 1891 330 1928; x_wconf 84' lang='lat' dir='ltr'><strong>p·</strong></span> <span class='ocrx_word' id='word_1_224' title='bbox 346 1879 428 1920; x_wconf 87' lang='grc'><strong>797</strong></span> <span class='ocrx_word' id='word_1_225' title='bbox 447 1889 482 1917; x_wconf 87' lang='lat' dir='ltr'><strong>v.</strong></span> <span class='ocrx_word' id='word_1_226' title='bbox 502 1876 540 1916; x_wconf 87' lang='lat'><strong>1.</strong></span> <span class='ocrx_word' id='word_1_227' title='bbox 597 1876 778 1913; x_wconf 73' lang='lat' dir='ltr'><strong>tormenti</strong></span> <span class='ocrx_word' id='word_1_228' title='bbox 803 1875 963 1928; x_wconf 81' lang='lat' dir='ltr'><strong>lapide]</strong></span> <span class='ocrx_word' id='word_1_229' title='bbox 991 1874 1035 1918; x_wconf 75' lang='grc' dir='ltr'><strong>ἔκ</strong></span> <span class='ocrx_word' id='word_1_230' title='bbox 1065 1877 1141 1916; x_wconf 80' lang='grc' dir='ltr'><strong>τοῦ</strong></span> <span class='ocrx_word' id='word_1_231' title='bbox 1173 1875 1434 1928; x_wconf 76' lang='grc' dir='ltr'><strong>μαγγανικοιῖ.</strong></span> <span class='ocrx_word' id='word_1_232' title='bbox 1487 1877 1644 1926; x_wconf 87' lang='lat' dir='ltr'><strong>apparet</strong></span> 
     </span>
     <span class='ocr_line' id='line_1_32' title="bbox 179 1932 1643 1984; baseline -0.004 -11"><span class='ocrx_word' id='word_1_233' title='bbox 179 1934 384 1974; x_wconf 86' lang='lat' dir='ltr'><strong>machinam</strong></span> <span class='ocrx_word' id='word_1_234' title='bbox 412 1934 466 1972; x_wconf 84' lang='lat' dir='ltr'><strong>sic</strong></span> <span class='ocrx_word' id='word_1_235' title='bbox 496 1945 647 1981; x_wconf 77' lang='lat' dir='ltr'><strong>vocare,</strong></span> <span class='ocrx_word' id='word_1_236' title='bbox 676 1945 772 1983; x_wconf 86' lang='lat' dir='ltr'><strong>quae</strong></span> <span class='ocrx_word' id='word_1_237' title='bbox 802 1945 975 1982; x_wconf 83' lang='lat' dir='ltr'><strong>magnum</strong></span> <span class='ocrx_word' id='word_1_238' title='bbox 1003 1932 1163 1984; x_wconf 87' lang='lat' dir='ltr'><strong>lapidem</strong></span> <span class='ocrx_word' id='word_1_239' title='bbox 1189 1932 1335 1970; x_wconf 86' lang='lat' dir='ltr'><strong>funibus</strong></span> <span class='ocrx_word' id='word_1_240' title='bbox 1362 1934 1535 1969; x_wconf 88' lang='lat' dir='ltr'><strong>contenta</strong></span> <span class='ocrx_word' id='word_1_241' title='bbox 1565 1934 1643 1968; x_wconf 88' lang='lat' dir='ltr'><strong>tor-</strong></span> 
     </span>
     <span class='ocr_line' id='line_1_33' title="bbox 178 1986 1640 2041; baseline -0.005 -11"><span class='ocrx_word' id='word_1_242' title='bbox 178 1994 324 2041; x_wconf 86' lang='lat' dir='ltr'><strong>queret.</strong></span> <span class='ocrx_word' id='word_1_243' title='bbox 381 2002 603 2040; x_wconf 81' lang='lat' dir='ltr'><strong>mangonem</strong></span> <span class='ocrx_word' id='word_1_244' title='bbox 629 1992 738 2028; x_wconf 79' lang='lat' dir='ltr'><strong>vocat</strong></span> <span class='ocrx_word' id='word_1_245' title='bbox 762 1988 895 2027; x_wconf 89' lang='lat' dir='ltr'><strong>Paulus</strong></span> <span class='ocrx_word' id='word_1_246' title='bbox 916 1988 1139 2028; x_wconf 88' lang='lat' dir='ltr'><strong>Diaconusl.</strong></span> <span class='ocrx_word' id='word_1_247' title='bbox 1158 1991 1238 2037; x_wconf 85' lang='lat'><strong>21,</strong></span> <span class='ocrx_word' id='word_1_248' title='bbox 1272 2000 1391 2039; x_wconf 88' lang='lat' dir='ltr'><strong>prope</strong></span> <span class='ocrx_word' id='word_1_249' title='bbox 1416 1987 1466 2026; x_wconf 88' lang='lat' dir='ltr'><strong>ad</strong></span> <span class='ocrx_word' id='word_1_250' title='bbox 1492 1986 1640 2025; x_wconf 88' lang='lat' dir='ltr'><strong>verbum</strong></span> 
     </span>
     <span class='ocr_line' id='line_1_34' title="bbox 178 2045 918 2098; baseline -0.006 -12"><span class='ocrx_word' id='word_1_251' title='bbox 178 2046 272 2097; x_wconf 86' lang='lat' dir='ltr'><strong>hoc,</strong></span> <span class='ocrx_word' id='word_1_252' title='bbox 301 2050 342 2084; x_wconf 90' lang='lat' dir='ltr'><strong>ut</strong></span> <span class='ocrx_word' id='word_1_253' title='bbox 361 2046 556 2098; x_wconf 87' lang='lat' dir='ltr'><strong>pleraque,</strong></span> <span class='ocrx_word' id='word_1_254' title='bbox 582 2045 918 2084; x_wconf 70' lang='lat' dir='ltr'><strong>referens.XY1..</strong></span> 
     </span>
    </p>

    <p class='ocr_par' dir='ltr' id='par_1_11' title="bbox 179 2095 1642 2255">
     <span class='ocr_line' id='line_1_35' title="bbox 292 2095 1642 2154; baseline -0.003 -14"><span class='ocrx_word' id='word_1_255' title='bbox 292 2116 332 2154; x_wconf 85' lang='lat' dir='ltr'><strong>p.</strong></span> <span class='ocrx_word' id='word_1_256' title='bbox 345 2104 428 2145; x_wconf 88' lang='grc'><strong>798</strong></span> <span class='ocrx_word' id='word_1_257' title='bbox 446 2115 480 2141; x_wconf 87' lang='lat' dir='ltr'><strong>v.</strong></span> <span class='ocrx_word' id='word_1_258' title='bbox 491 2103 557 2144; x_wconf 90' lang='lat'><strong>10.</strong></span> <span class='ocrx_word' id='word_1_259' title='bbox 613 2102 861 2152; x_wconf 77' lang='lat' dir='ltr'><strong>sedittomm]</strong></span> <span class='ocrx_word' id='word_1_260' title='bbox 893 2098 1153 2154; x_wconf 82' lang='grc' dir='ltr'><strong>φατριαστήν.</strong></span> <span class='ocrx_word' id='word_1_261' title='bbox 1209 2095 1385 2150; x_wconf 81' lang='grc' dir='ltr'><strong><em>φατριοῖν</em></strong></span> <span class='ocrx_word' id='word_1_262' title='bbox 1404 2112 1486 2138; x_wconf 87' lang='lat' dir='ltr'><strong>esse</strong></span> <span class='ocrx_word' id='word_1_263' title='bbox 1505 2097 1642 2149; x_wconf 86' lang='lat' dir='ltr'><strong>aliquid</strong></span> 
     </span>
     <span class='ocr_line' id='line_1_36' title="bbox 179 2156 1643 2208; baseline -0.003 -10"><span class='ocrx_word' id='word_1_264' title='bbox 179 2159 295 2198; x_wconf 88' lang='lat' dir='ltr'><strong>tribus</strong></span> <span class='ocrx_word' id='word_1_265' title='bbox 310 2162 380 2197; x_wconf 81' lang='lat' dir='ltr'><strong>aut</strong></span> <span class='ocrx_word' id='word_1_266' title='bbox 397 2159 518 2197; x_wconf 88' lang='lat' dir='ltr'><strong>curiae</strong></span> <span class='ocrx_word' id='word_1_267' title='bbox 537 2159 675 2205; x_wconf 85' lang='lat' dir='ltr'><strong>simile,</strong></span> <span class='ocrx_word' id='word_1_268' title='bbox 702 2171 783 2197; x_wconf 89' lang='lat' dir='ltr'><strong>cum</strong></span> <span class='ocrx_word' id='word_1_269' title='bbox 800 2158 947 2197; x_wconf 90' lang='lat' dir='ltr'><strong>aliunde</strong></span> <span class='ocrx_word' id='word_1_270' title='bbox 965 2164 1040 2196; x_wconf 86' lang='lat' dir='ltr'><strong>tum</strong></span> <span class='ocrx_word' id='word_1_271' title='bbox 1059 2170 1103 2196; x_wconf 88' lang='lat' dir='ltr'><strong>ex</strong></span> <span class='ocrx_word' id='word_1_272' title='bbox 1121 2156 1236 2194; x_wconf 89' lang='lat' dir='ltr'><strong>Suida</strong></span> <span class='ocrx_word' id='word_1_273' title='bbox 1253 2159 1422 2208; x_wconf 87' lang='lat' dir='ltr'><strong>apparet.</strong></span> <span class='ocrx_word' id='word_1_274' title='bbox 1479 2168 1551 2205; x_wconf 82' lang='lat' dir='ltr'><strong>ego</strong></span> <span class='ocrx_word' id='word_1_275' title='bbox 1584 2166 1643 2194; x_wconf 87' lang='lat' dir='ltr'><strong>se-</strong></span> 
     </span>
     <span class='ocr_line' id='line_1_37' title="bbox 179 2215 826 2255; baseline -0.005 0"><span class='ocrx_word' id='word_1_276' title='bbox 179 2220 284 2255; x_wconf 87' lang='lat' dir='ltr'><strong>cutus</strong></span> <span class='ocrx_word' id='word_1_277' title='bbox 302 2228 383 2253; x_wconf 85' lang='lat' dir='ltr'><strong>sum</strong></span> <span class='ocrx_word' id='word_1_278' title='bbox 400 2216 658 2255; x_wconf 87' lang='lat' dir='ltr'><strong>coniecturam.</strong></span> <span class='ocrx_word' id='word_1_279' title='bbox 715 2215 826 2252; x_wconf 75' lang='lat' dir='ltr'><strong>XYr..</strong></span> 
     </span>
    </p>

    <p class='ocr_par' dir='ltr' id='par_1_12' title="bbox 177 2266 1643 2834">
     <span class='ocr_line' id='line_1_38' title="bbox 292 2266 1640 2324; baseline -0.004 -14"><span class='ocrx_word' id='word_1_280' title='bbox 292 2269 485 2312; x_wconf 81' lang='lat' dir='ltr'><strong>ib.v.12.</strong></span> <span class='ocrx_word' id='word_1_281' title='bbox 542 2266 781 2324; x_wconf 78' lang='grc' dir='ltr'><strong>συγκελλον]</strong></span> <span class='ocrx_word' id='word_1_282' title='bbox 810 2271 994 2321; x_wconf 85' lang='lat' dir='ltr'><strong>Xylandri</strong></span> <span class='ocrx_word' id='word_1_283' title='bbox 1010 2270 1058 2308; x_wconf 90' lang='lat' dir='ltr'><strong>de</strong></span> <span class='ocrx_word' id='word_1_284' title='bbox 1076 2268 1235 2320; x_wconf 89' lang='lat' dir='ltr'><strong>syncello</strong></span> <span class='ocrx_word' id='word_1_285' title='bbox 1253 2270 1387 2320; x_wconf 87' lang='lat' dir='ltr'><strong>scripta</strong></span> <span class='ocrx_word' id='word_1_286' title='bbox 1407 2280 1554 2305; x_wconf 88' lang='lat' dir='ltr'><strong>suarum</strong></span> <span class='ocrx_word' id='word_1_287' title='bbox 1573 2277 1640 2304; x_wconf 85' lang='lat' dir='ltr'><strong>an-</strong></span> 
     </span>
     <span class='ocr_line' id='line_1_39' title="bbox 178 2323 1640 2380; baseline -0.006 -13"><span class='ocrx_word' id='word_1_288' title='bbox 178 2328 407 2367; x_wconf 86' lang='lat' dir='ltr'><strong>notationum</strong></span> <span class='ocrx_word' id='word_1_289' title='bbox 426 2328 544 2380; x_wconf 87' lang='lat' dir='ltr'><strong>prima</strong></span> <span class='ocrx_word' id='word_1_290' title='bbox 561 2329 747 2379; x_wconf 85' lang='lat' dir='ltr'><strong>praesenti</strong></span> <span class='ocrx_word' id='word_1_291' title='bbox 765 2327 846 2365; x_wconf 89' lang='lat' dir='ltr'><strong>loco</strong></span> <span class='ocrx_word' id='word_1_292' title='bbox 866 2330 1082 2377; x_wconf 87' lang='lat' dir='ltr'><strong>congruunt.</strong></span> <span class='ocrx_word' id='word_1_293' title='bbox 1137 2326 1361 2377; x_wconf 87' lang='lat' dir='ltr'><strong>presbyteris</strong></span> <span class='ocrx_word' id='word_1_294' title='bbox 1383 2324 1478 2364; x_wconf 90' lang='lat' dir='ltr'><strong>enim</strong></span> <span class='ocrx_word' id='word_1_295' title='bbox 1493 2323 1640 2373; x_wconf 88' lang='lat' dir='ltr'><strong>quibus-</strong></span> 
     </span>
     <span class='ocr_line' id='line_1_40' title="bbox 178 2381 1641 2433; baseline -0.006 -9"><span class='ocrx_word' id='word_1_296' title='bbox 178 2385 293 2424; x_wconf 87' lang='lat' dir='ltr'><strong>dam</strong></span> <span class='ocrx_word' id='word_1_297' title='bbox 283 2398 321 2423; x_wconf 88' lang='grc' dir='ltr'><strong>ιιι</strong></span> <span class='ocrx_word' id='word_1_298' title='bbox 339 2384 568 2422; x_wconf 89' lang='lat' dir='ltr'><strong>contubernii</strong></span> <span class='ocrx_word' id='word_1_299' title='bbox 583 2384 680 2423; x_wconf 87' lang='lat' dir='ltr'><strong>vitae</strong></span> <span class='ocrx_word' id='word_1_300' title='bbox 696 2383 1022 2433; x_wconf 84' lang='lat' dir='ltr'><strong>familiaritatisque</strong></span> <span class='ocrx_word' id='word_1_301' title='bbox 1041 2383 1262 2421; x_wconf 86' lang='lat' dir='ltr'><strong>consortium</strong></span> <span class='ocrx_word' id='word_1_302' title='bbox 1282 2395 1304 2419; x_wconf 90' lang='lat' dir='ltr'><strong>a</strong></span> <span class='ocrx_word' id='word_1_303' title='bbox 1323 2381 1524 2433; x_wconf 85' lang='lat' dir='ltr'><strong>patriarcha</strong></span> <span class='ocrx_word' id='word_1_304' title='bbox 1539 2391 1641 2417; x_wconf 89' lang='lat' dir='ltr'><strong>rece-</strong></span> 
     </span>
     <span class='ocr_line' id='line_1_41' title="bbox 178 2436 1641 2494; baseline -0.006 -14"><span class='ocrx_word' id='word_1_305' title='bbox 178 2442 253 2494; x_wconf 85' lang='lat' dir='ltr'><strong>ptis</strong></span> <span class='ocrx_word' id='word_1_306' title='bbox 280 2453 564 2491; x_wconf 87' lang='lat' dir='ltr'><strong>nonnunquam,</strong></span> <span class='ocrx_word' id='word_1_307' title='bbox 594 2453 639 2480; x_wconf 90' lang='lat' dir='ltr'><strong>eo</strong></span> <span class='ocrx_word' id='word_1_308' title='bbox 670 2441 745 2479; x_wconf 88' lang='lat' dir='ltr'><strong>vita</strong></span> <span class='ocrx_word' id='word_1_309' title='bbox 771 2440 920 2487; x_wconf 83' lang='lat' dir='ltr'><strong>functo,</strong></span> <span class='ocrx_word' id='word_1_310' title='bbox 947 2439 1176 2491; x_wconf 84' lang='lat' dir='ltr'><strong>patriarchae</strong></span> <span class='ocrx_word' id='word_1_311' title='bbox 1203 2439 1362 2488; x_wconf 83' lang='lat' dir='ltr'><strong>dignitas</strong></span> <span class='ocrx_word' id='word_1_312' title='bbox 1389 2436 1641 2480; x_wconf 87' lang='lat' dir='ltr'><strong>deferebatur;</strong></span> 
     </span>
     <span class='ocr_line' id='line_1_42' title="bbox 179 2490 1641 2550; baseline -0.007 -14"><span class='ocrx_word' id='word_1_313' title='bbox 179 2510 224 2536; x_wconf 86' lang='lat' dir='ltr'><strong>ac</strong></span> <span class='ocrx_word' id='word_1_314' title='bbox 245 2510 420 2550; x_wconf 88' lang='lat' dir='ltr'><strong>processu</strong></span> <span class='ocrx_word' id='word_1_315' title='bbox 439 2497 616 2548; x_wconf 88' lang='lat' dir='ltr'><strong>temporis</strong></span> <span class='ocrx_word' id='word_1_316' title='bbox 633 2509 708 2536; x_wconf 93' lang='lat' dir='ltr'><strong>non</strong></span> <span class='ocrx_word' id='word_1_317' title='bbox 728 2495 872 2544; x_wconf 86' lang='lat' dir='ltr'><strong>officio,</strong></span> <span class='ocrx_word' id='word_1_318' title='bbox 901 2497 1003 2546; x_wconf 89' lang='lat' dir='ltr'><strong>quod</strong></span> <span class='ocrx_word' id='word_1_319' title='bbox 1025 2496 1134 2544; x_wconf 81' lang='lat' dir='ltr'><strong>fingit</strong></span> <span class='ocrx_word' id='word_1_320' title='bbox 1148 2495 1360 2545; x_wconf 87' lang='lat' dir='ltr'><strong>Xylander,</strong></span> <span class='ocrx_word' id='word_1_321' title='bbox 1389 2494 1454 2531; x_wconf 86' lang='lat' dir='ltr'><strong>sed</strong></span> <span class='ocrx_word' id='word_1_322' title='bbox 1474 2490 1641 2542; x_wconf 71' lang='lat' dir='ltr'><strong>syncelli</strong></span> 
     </span>
     <span class='ocr_line' id='line_1_43' title="bbox 180 2549 1640 2604; baseline -0.004 -14"><span class='ocrx_word' id='word_1_323' title='bbox 180 2553 471 2591; x_wconf 68' lang='lat' dir='ltr'><strong>concellaneive</strong></span> <span class='ocrx_word' id='word_1_324' title='bbox 503 2554 643 2592; x_wconf 88' lang='lat' dir='ltr'><strong>honore</strong></span> <span class='ocrx_word' id='word_1_325' title='bbox 679 2557 718 2592; x_wconf 88' lang='lat' dir='ltr'><strong>et</strong></span> <span class='ocrx_word' id='word_1_326' title='bbox 751 2554 897 2592; x_wconf 88' lang='lat' dir='ltr'><strong>nomine</strong></span> <span class='ocrx_word' id='word_1_327' title='bbox 931 2552 1160 2604; x_wconf 85' lang='lat' dir='ltr'><strong>patriarchae</strong></span> <span class='ocrx_word' id='word_1_328' title='bbox 1194 2563 1381 2590; x_wconf 88' lang='lat' dir='ltr'><strong>successor</strong></span> <span class='ocrx_word' id='word_1_329' title='bbox 1411 2549 1640 2599; x_wconf 84' lang='lat' dir='ltr'><strong>designatus,</strong></span> 
     </span>
     <span class='ocr_line' id='line_1_44' title="bbox 180 2604 1640 2660; baseline -0.005 -11"><span class='ocrx_word' id='word_1_330' title='bbox 180 2611 394 2649; x_wconf 85' lang='lat' dir='ltr'><strong>ornabatur.</strong></span> <span class='ocrx_word' id='word_1_331' title='bbox 451 2610 628 2660; x_wconf 83' lang='lat' dir='ltr'><strong>legendus</strong></span> <span class='ocrx_word' id='word_1_332' title='bbox 658 2610 716 2648; x_wconf 91' lang='lat' dir='ltr'><strong>hic</strong></span> <span class='ocrx_word' id='word_1_333' title='bbox 744 2613 869 2648; x_wconf 89' lang='lat' dir='ltr'><strong>auctor</strong></span> <span class='ocrx_word' id='word_1_334' title='bbox 898 2609 934 2647; x_wconf 93' lang='lat' dir='ltr'><strong>in</strong></span> <span class='ocrx_word' id='word_1_335' title='bbox 961 2608 1138 2648; x_wconf 90' lang='lat' dir='ltr'><strong>Michaele</strong></span> <span class='ocrx_word' id='word_1_336' title='bbox 1163 2607 1357 2658; x_wconf 87' lang='lat' dir='ltr'><strong>Theophili</strong></span> <span class='ocrx_word' id='word_1_337' title='bbox 1382 2605 1480 2654; x_wconf 83' lang='lat' dir='ltr'><strong>filio,</strong></span> <span class='ocrx_word' id='word_1_338' title='bbox 1510 2605 1573 2642; x_wconf 91' lang='lat' dir='ltr'><strong>ubi</strong></span> <span class='ocrx_word' id='word_1_339' title='bbox 1591 2604 1640 2642; x_wconf 87' lang='lat' dir='ltr'><strong>de</strong></span> 
     </span>
     <span class='ocr_line' id='line_1_45' title="bbox 179 2658 1643 2734; baseline -0.003 -30"><span class='ocrx_word' id='word_1_340' title='bbox 179 2666 306 2706; x_wconf 88' lang='lat' dir='ltr'><strong>lanne.</strong></span> <span class='ocrx_word' id='word_1_341' title='bbox 367 2667 598 2706; x_wconf 81' lang='lat' dir='ltr'><strong>attendenda</strong></span> <span class='ocrx_word' id='word_1_342' title='bbox 631 2678 780 2717; x_wconf 85' lang='lat' dir='ltr'><strong>quoque</strong></span> <span class='ocrx_word' id='word_1_343' title='bbox 816 2665 1074 2734; x_wconf 86' lang='lat' dir='ltr'><strong>Theophanis</strong></span> <span class='ocrx_word' id='word_1_344' title='bbox 1088 2665 1217 2704; x_wconf 83' lang='lat' dir='ltr'><strong>verba:</strong></span> <span class='ocrx_word' id='word_1_345' title='bbox 1262 2662 1283 2705; x_wconf 87' lang='grc' dir='ltr'>ὁ</span> <span class='ocrx_word' id='word_1_346' title='bbox 1318 2660 1436 2703; x_wconf 81' lang='grc' dir='ltr'><strong><em>Λέων</em></strong></span> <span class='ocrx_word' id='word_1_347' title='bbox 1468 2660 1568 2713; x_wconf 73' lang='grc' dir='ltr'><strong><em>ἔχων</em></strong></span> <span class='ocrx_word' id='word_1_348' title='bbox 1598 2658 1643 2700; x_wconf 76' lang='grc' dir='ltr'><strong>ἐν</strong></span> 
     </span>
     <span class='ocr_line' id='line_1_46' title="bbox 177 2716 1644 2791; baseline -0.005 -29"><span class='ocrx_word' id='word_1_349' title='bbox 177 2737 307 2777; x_wconf 79' lang='grc' dir='ltr'><em>τουτο)</em></span> <span class='ocrx_word' id='word_1_350' title='bbox 323 2734 536 2791; x_wconf 84' lang='grc' dir='ltr'><strong>συμμαχον</strong></span> <span class='ocrx_word' id='word_1_351' title='bbox 559 2721 626 2763; x_wconf 83' lang='grc' dir='ltr'><strong>και</strong></span> <span class='ocrx_word' id='word_1_352' title='bbox 647 2720 890 2790; x_wconf 83' lang='grc' dir='ltr'><em>συμμέτοχον</em></span> <span class='ocrx_word' id='word_1_353' title='bbox 905 2716 1165 2763; x_wconf 80' lang='grc' dir='ltr'><strong>Ἀναστάσιον</strong></span> <span class='ocrx_word' id='word_1_354' title='bbox 1185 2716 1400 2786; x_wconf 80' lang='grc' dir='ltr'><strong><em>μαθητην</em></strong></span> <span class='ocrx_word' id='word_1_355' title='bbox 1395 2716 1461 2758; x_wconf 80' lang='grc' dir='ltr'><strong>καὶ</strong></span> <span class='ocrx_word' id='word_1_356' title='bbox 1484 2717 1644 2786; x_wconf 51' lang='lat' dir='ltr'><strong>onyae&amp;-</strong></span> 
     </span>
     <span class='ocr_line' id='line_1_47' title="bbox 178 2770 1643 2834; baseline -0.005 -14"><span class='ocrx_word' id='word_1_357' title='bbox 178 2781 252 2820; x_wconf 81' lang='grc' dir='ltr'><strong>λον</strong></span> <span class='ocrx_word' id='word_1_358' title='bbox 281 2774 427 2827; x_wconf 81' lang='grc' dir='ltr'><em>αυτοῦ,</em></span> <span class='ocrx_word' id='word_1_359' title='bbox 454 2775 749 2834; x_wconf 76' lang='grc' dir='ltr'><strong>συνταξαμενος</strong></span> <span class='ocrx_word' id='word_1_360' title='bbox 779 2774 909 2833; x_wconf 73' lang='grc' dir='ltr'><strong><em>αὐτῷ,</em></strong></span> <span class='ocrx_word' id='word_1_361' title='bbox 939 2793 995 2826; x_wconf 80' lang='grc' dir='ltr'><strong>ως</strong></span> <span class='ocrx_word' id='word_1_362' title='bbox 1020 2780 1091 2831; x_wconf 81' lang='grc' dir='ltr'><strong>τῆς</strong></span> <span class='ocrx_word' id='word_1_363' title='bbox 1119 2773 1302 2831; x_wconf 69' lang='grc' dir='ltr'><em>ἀσεβείας</em></span> <span class='ocrx_word' id='word_1_364' title='bbox 1325 2770 1544 2830; x_wconf 83' lang='grc' dir='ltr'><strong>ὅμόφρονι,</strong></span> <span class='ocrx_word' id='word_1_365' title='bbox 1574 2770 1643 2815; x_wconf 74' lang='grc' dir='ltr'><strong>καὶ</strong></span> 
     </span>
    </p>
   </div>
  </div>
 </body>
</html>
