1916 3210
330 185 429 232 912
937 184 1182 229 FABROTI

328 312 396 350 χος
419 297 490 348 τῆς
511 291 678 347 κου’ρτις.
733 291 814 332 Leo
837 290 947 332 Tact.
971 306 1004 332 c.
1022 292 1050 336 4
1076 291 1103 346 §
1125 295 1194 335 10:
1222 290 1350 347 κόμης
1372 291 1416 336 δέ
1439 292 1546 336 ἐστιν
1562 293 1587 338 ὃ
1601 299 1675 338 τοῦ
1691 294 1778 347 §vag

329 351 542 421 volynoevogn
549 348 639 402 η’τοι
667 343 822 419 βᾶνδου
844 365 1152 418 αφηγουμενος.
1196 350 1460 391 Gloss.1uris:
1489 347 1620 406 κόμης
1638 351 1662 397 ὁ
1682 357 1779 409 μιᾶς

329 407 496 462 κοόρτης
515 404 666 472 ἅρχων,
695 399 726 460 ᾧ
744 404 812 446 καὶ
829 402 1108 459 ἑκατοντάρχαι
1125 403 1421 449 ὖποταττονται.

441 446 843 514 κομητόπουλος
883 463 1023 502 comitis
1055 464 1162 501 filius.
1227 465 1280 503 sic
1308 459 1650 518 ου’μπερτὸπουλος
1676 465 1777 517 apud

326 520 470 560 Annam
493 519 721 558 Comnenam
740 532 778 572 p.
798 517 902 569 412,
930 515 1192 582 ἰατρόπουλος
1216 521 1315 573 apud
1340 521 1626 572 Pachymerinm·
1678 521 1778 561 Har*

328 575 557 628 menopulus.

439 627 761 684 κομμὲρκιον
788 631 1058 682 commercium,
1087 605 1276 671 tributum.
1336 632 1548 672 Cedrenus·
1574 633 1648 686 τῆς
1661 627 1798 686 2156--

329 689 404 728 δου
432 687 500 729 καὶ
528 689 601 728 τοῦ
622 685 745 739 Ἱεροῦ
765 684 813 727 τὰ
832 686 1052 740 κομμέρκια
1070 684 1273 739 ἐκούφισε.
1329 689 1429 728 idem
1454 689 1554 741 apud
1579 688 1780 740 Theopha-

327 758 423 783 nem.
479 738 692 782 Anastasius
716 743 1037 784 bibliothecarius‘
1027 757 1064 782 ιιι
1085 744 1168 782 hist.
1189 746 1319 784 eccles.
1340 745 1392 784 sic
1411 745 1539 784 vertit·
1564 744 1708 796 Abydi
1729 758 1780 782 ae

327 801 448 837 Ilien·
477 813 523 838 ea
543 813 655 865 oquae
683 799 870 838 dicantur
899 801 1130 838 commercia
1158 800 1360 840 relevavit.
1419 801 1518 840 idem
1545 800 1781 841 Anastasius·

332 871 424 894 cnm
456 857 550 894 auri
579 855 775 894 librarum
803 857 1008 895 duodecim
1033 856 1326 908 persolverent,
1366 856 1491 895 simul
1523 864 1561 896 et
1595 864 1804 896 consueta·

332 913 576 951 commercia.
637 912 901 965 Theophanes·
930 911 973 954 τὰ
994 911 1207 965 κουμὲρκιν
1224 916 1298 954 τοῦ
1315 912 1564 967 πανηγυρίου
1584 911 1619 968 ρ’
1637 915 1783 967 λιτρων

332 970 497 1022 χρυσίου
518 965 746 1020 ἐκούφισεν.
802 970 996 1010 Constant.
1017 970 1064 1008 de
1084 970 1218 1009 admin.
1238 971 1408 1023 imperio.
1436 969 1512 1023 ἔχει
1533 967 1578 1012 δὲ
1598 969 1668 1012 καὶ
1686 984 1782 1023 κομ-

333 1026 505 1093 μέρκιον
516 1025 560 1066 ἐκ
578 1040 660 1066 των
679 1020 872 1066 τοιούτων
890 1029 1166 1080 πραγματειῶν
1185 1023 1362 1079 αἰτειρον.

445 1097 470 1122 κ
483 1077 505 1123 o'
520 1096 610 1135 ρτη
638 1082 780 1122 cohors.
836 1082 940 1131 aula,
965 1082 1008 1120 la
1025 1095 1120 1120 cour
1138 1082 1195 1120 οἶα
1206 1084 1365 1133 prinae,
1392 1083 1601 1126 tentorium.
1654 1078 1784 1135 κόμης

333 1134 480 1191 κόρτης
504 1151 624 1177 comes
646 1138 824 1177 cohortis:
851 1151 886 1177 v.
909 1151 1019 1191 supra
1043 1139 1082 1177 in
1104 1135 1244 1191 κόμης.
1300 1139 1429 1188 Polyb.
1449 1139 1520 1180 11:
1538 1141 1652 1208 τρεῖς
1674 1139 1784 1180 σπεί-

333 1211 405 1247 ρας
434 1195 576 1246 (τοῦτο
602 1192 646 1234 δὲ
674 1197 847 1235 καλεῖται
871 1192 917 1235 το“
947 1192 1147 1247 σύνταγμα
1174 1197 1257 1235 τοῖν
1287 1196 1417 1243 πεζων
1442 1209 1551 1248 παρα
1580 1194 1788 1247 Ῥωμαίοις

333 1248 528 1305 κοόρτις).
585 1246 753 1303 κονόρτα
789 1252 938 1290 Graecis
967 1251 1150 1290 Basilicon
1175 1252 1431 1319 interpretibus
1455 1251 1505 1289 ad
1531 1251 1613 1292 1.2
1641 1251 1690 1290 D.
1718 1251 1783 1302 qui

332 1312 411 1347 not.
442 1308 565 1346 infam.
622 1307 889 1358 Theophanes:
918 1306 1061 1358 ἐξῆλθε
1078 1309 1187 1348 πᾶσα
1204 1303 1231 1358 ἡ
1253 1304 1435 1360 βασιλικη
1455 1305 1654 1360 υπουργία
1669 1305 1737 1347 και
1755 1305 1786 1358 ἦ

331 1361 477 1416 κόρτη,
510 1370 614 1400 toute
639 1363 682 1400 la
707 1377 814 1401 cour.
874 1364 991 1403 idem:
1020 1360 1190 1433 ἐπήρασι
1207 1361 1250 1404 δὲ
1267 1363 1335 1405 καὶ
1353 1379 1396 1404 το
1416 1364 1584 1404 τοῦλδον
1606 1359 1787 1416 χρήματά

329 1435 371 1459 τε
390 1420 456 1460 καὶ
476 1419 625 1467 ι’ππους
642 1418 710 1459 καὶ
729 1417 803 1470 τὴν
819 1417 965 1472 κόρτην
984 1434 1080 1472 μετα
1097 1416 1229 1471 πάσης
1245 1423 1318 1471 τῆς
1334 1421 1540 1472 βασιλικῆς
1553 1417 1784 1471 ὑπουργίας.

330 1476 546 1515 Anastasius
576 1476 869 1515 bibliothecarius
900 1478 950 1514 ita
977 1477 1102 1516 vertit·
1145 1476 1393 1514 abstulerunt
1419 1483 1552 1514 autem
1588 1476 1632 1515 V
1624 1475 1785 1527 ulvares

333 1533 451 1569 etiam
478 1533 694 1578 sarcinam,
719 1546 951 1583 pec-umam,
980 1546 1097 1583 equos
1117 1539 1153 1569 et
1173 1533 1360 1571 aulaeam
1381 1546 1466 1570 una
1489 1546 1579 1570 eum
1603 1533 1784 1570 universo
1801 1533 1814 1545 “

331 1590 438 1639 regio
462 1596 677 1638 apparata.
724 1590 776 1626 sic
800 1590 873 1627 duo
895 1590 1128 1639 manuscripti
1147 1590 1302 1628 codices·
1340 1589 1463 1628 nescio
1482 1601 1530 1626 an
1548 1589 1635 1628 satis
1658 1601 1784 1627 emen-

334 1646 444 1692 date,
474 1650 512 1682 et
540 1658 587 1682 an
619 1645 805 1695 scripserit
832 1644 985 1681 aulam.
1045 1641 1168 1695 κόρτη
1192 1645 1302 1695 igitur
1325 1645 1484 1684 Cedreni
1501 1657 1538 1695 p.
1556 1643 1640 1685 472
1657 1645 1681 1682 b
1707 1657 1783 1682 non

333 1704 390 1739 est
410 1700 557 1739 cohors:
587 1701 777 1738 Cedrenus
807 1702 903 1739 enim
934 1706 972 1739 et
998 1700 1245 1752 Theophanes
1272 1701 1321 1739 de
1348 1714 1389 1740 re
1416 1701 1545 1740 eadem
1573 1700 1783 1750 loquuntur.

331 1757 402 1794 nisi
421 1755 524 1794 malis
544 1756 594 1794 ibi
615 1769 697 1795 cum
716 1757 757 1795 P.
780 1756 882 1795 Goar
901 1752 1048 1808 κὸρτην
1067 1758 1261 1795 tentorium
1280 1757 1451 1808 principis
1467 1757 1713 1807 interpretari.

446 1807 811 1865 κουβικλαρεα,
854 1809 1300 1864 κουβικουλάριος.
1356 1812 1593 1862 cubicularia,
1626 1812 1783 1851 cubicu-

331 1867 455 1906 larius.
512 1869 694 1918 Georgius
719 1868 911 1907 Alexandr.
937 1870 974 1906 in
1002 1869 1076 1907 vita
1100 1870 1136 1907 b.
1160 1868 1428 1920 Chrysostomi.
1456 1865 1630 1938 παρέστη
1657 1866 1726 1908 καὶ
1753 1866 1784 1919 ’ἧ

332 1924 543 1977 βασίλισσα
567 1921 644 1976 πρό
672 1926 818 1977 θυρων
840 1927 914 1977 τῆς
937 1923 1143 1976 ἐκκλησίας
1166 1939 1261 1976 μετα
1283 1936 1413 1976 πασης
1442 1921 1567 1975 αὐτῆς
1587 1925 1660 1976 τῆς
1679 1938 1784 1974 φαν-

333 1981 470 2027 τασίας
497 1978 564 2019 καὶ
592 1982 671 2020 τῶν
695 1981 1034 2033 κουβικουλαρίων
1057 1980 1125 2021 καὶ
1144 1983 1216 2032 τῆς
1231 1977 1390 2030 τάξεως.
1443 1982 1599 2019 Ioannes
1626 1980 1784 2020 Malela·

337 2033 594 2084 Θεοδόσιος“
574 2052 594 2076 ο
614 2034 751 2090 μικρὸς
781 2036 908 2088 ἐφίλει
935 2037 1048 2090 ἔρωτι
1075 2035 1315 2088 Χρυσαφιον
1340 2051 1412 2077 τον
1438 2033 1781 2088 κουβικουλάριον.

334 2093 507 2143 Synodus
540 2093 1305 2145 Cp.7.Niceph.ca11ist.Chr0nieon
1332 2093 1634 2142 Alexandrinum,
1671 2091 1784 2132 Nice-

333 2149 470 2200 phorus
489 2148 715 2213 Cpolitanus.
772 2150 1009 2188 cubicularius
1028 2163 1051 2188 a
1069 2150 1254 2198 cubiculo,
1282 2149 1532 2200 κοιτωνίτης,
1560 2144 1783 2202 πρόκοιτος,

334 2199 638 2256 κατακοιμητής.
678 2206 770 2243 sacri
787 2206 912 2257 palatii
929 2206 1190 2244 cubicularius'
1181 2219 1219 2244 m
1237 2206 1435 2244 Marcellini
1453 2206 1644 2243 Chronico.
1679 2209 1785 2243 erant

334 2266 456 2299 autem
479 2261 600 2312 plures
620 2261 768 2312 palatini
789 2262 1013 2310 cubicularii3
1042 2263 1176 2312 quique
1197 2262 1254 2300 his
1273 2265 1443 2314 praeerat
1462 2274 1584 2300 comes
1604 2261 1786 2299 cubicula-

334 2318 472 2355 riorum
497 2317 698 2356 dicebatur.
752 2318 789 2356 in
812 2318 977 2357 Concilio
999 2318 1183 2357 Toletano
1202 2319 1228 2358 8
1248 2318 1439 2356 subscribit
1456 2315 1645 2356 Odoacrns
1662 2329 1784 2355 comes

334 2372 642 2412 cubiculariorum.
698 2386 731 2412 v.
756 2374 879 2413 Cuiac.
897 2375 947 2413 ad
963 2376 1019 2414 tit.
1042 2374 1112 2417 51.
1134 2377 1186 2416 12
1207 2375 1301 2414 Cod.
1322 2378 1359 2413 et
1381 2373 1604 2412 Glossarium
1619 2376 1784 2412 nostrum

333 2430 383 2466 ad
406 2429 598 2468 Iulianum.

446 2481 845 2536 κουβουκλειον,
874 2481 1234 2556 κουβξιύκλιον.
1292 2485 1505 2524 cubiculum.
1562 2484 1597 2525 b.
1623 2483 1786 2535 Chryso-

335 2543 473 2577 stomns
508 2541 606 2581 hom.
641 2543 688 2580 de
718 2543 879 2593 poenita
921 2557 975 2589 ως
1007 2540 1048 2581 έν
1074 2557 1152 2581 τινι
1180 2542 1447 2609 κουβουκλείῳ
1476 2536 1783 2581 αποκέκλεισται.

336 2597 501 2634 Codinus
529 2597 568 2635 in
596 2599 882 2650 παρεκβολαῖς.·
927 2593 1140 2644 κλειδώσας
1168 2593 1290 2638 πόλιν
1318 2582 1546 2666 ἔμπροσθεν
1575 2611 1710 2637 αυτων
1737 2592 1783 2636 το“

337 2648 614 2702 κουβούκλιον.
687 2654 893 2692 Chronicon
930 2654 1210 2692 Alexandrinum
1243 2668 1282 2704 p.
1313 2655 1388 2694 90:
1430 2647 1557 2694 ουσαν
1585 2648 1712 2704 αὐτὴν
1739 2650 1785 2692 ἐν

337 2708 618 2762 κουβουκλείῳ.
673 2710 827 2749 Ioannes
850 2710 991 2748 Mosch.
1014 2710 1156 2748 Limon.
1177 2723 1208 2747 c.
1232 2712 1333 2753 129:
1362 2707 1455 2750 ἐλθὲ
1478 2709 1536 2756 εἰς
1552 2706 1597 2749 το
1615 2703 1786 2760 κουβου-

337 2765 478 2803 κλειον.
535 2765 574 2802 S.
601 2764 781 2804 Maximus
808 2781 838 2805 c.
866 2765 920 2809 84
948 2770 1041 2804 cent.
1067 2769 1112 2806 2:
1142 2766 1374 2806 συνείποντο
1404 2763 1447 2806 δὲ
1474 2767 1524 2821 τῇ
1552 2762 1691 2819 μνήμῃ
1712 2764 1788 2809 ποῦ’

339 2818 504 2873 χρυσίου
532 2819 600 2861 καὶ
626 2818 656 2873 ἦ
683 2818 821 2875 μνήμη
847 2823 921 2864 τοῦ
948 2821 1184 2875 βαλλαντίου
1209 2821 1278 2863 καὶ
1307 2824 1379 2863 τοῦ
1405 2805 1590 2874 σκεβρίου
1617 2820 1686 2862 καὶ
1712 2819 1786 2860 τοῦ
