1890 3236
271 187 372 238 406
744 182 982 230 GEORGII
1015 184 1260 234 CEDRENI

273 292 354 348 κῶν
379 295 762 356 σωματοφυλάκων,
797 296 920 341 αὐτόν
943 315 986 341 τε
1014 295 1203 355 εῧψῦχως
1233 295 1521 356 ἀγωνιζόμενον
1545 302 1613 344 καὶ
1637 292 1735 353 τους

274 370 440 420 λοιποὺς
471 370 527 418 εἷς
550 371 671 410 τοῦτο
701 371 976 424 παρορμῶντα
1007 369 1075 410 καὶ
1101 369 1342 425 διεγείροντα
1360 369 1428 410 καὶ
1447 367 1735 420 1:251&va-

271 439 405 496 μαίων
425 427 556 486 τάξεις
580 434 928 493 διαταράσσοντα,
962 434 1063 491 μήτε
1085 436 1190 494 πρὸς
1209 435 1256 479 τὸ
1279 436 1453 493 μέγεθος
1470 439 1735 495 καταπλαγεὶς

137 514 160 545 Ρ
186 514 253 550 679
277 512 348 551 τοῦ
378 503 523 562 ἀνδρὸς
545 501 646 558 μήτε
677 504 751 559 τὴν
781 505 907 559 ἀλκὴν
937 503 1166 558 ὃειλιάσας,
1201 505 1305 547 ἀλλὰ
1329 506 1580 564 περικαρδίῳ
1592 507 1735 564 θέρρέῃ

276 575 451 632 ληφθεὶς
478 573 546 615 καὶ
572 572 642 616 τὸν
664 574 789 616 ἰ’ππον
819 575 916 631 τῇδε
949 573 1106 617 κάκεῖσε
1136 572 1437 630 παρακινήσαςη,
1469 573 1579 629 μεθ’
1608 570 1771 633 &ppei-55³5

276 640 550 696 ἀκατασχέτου
572 641 618 683 τὸ
640 641 958 698 παρῃωρημένον
978 647 1035 701 τῷ
1056 646 1177 700 μηρῷ
1199 642 1325 685 αὐτοῦ
1345 644 1463 701 ξίφος
1482 634 1740 698 σπασάμενος
1773 650 1776 653 ’

273 715 378 755 ἵεται
408 709 513 753 κατὰ
541 713 615 752 τοῦ
639 708 830 763 Σκύθου,
865 712 934 754 καὶ
955 712 1062 754 παίει
1080 715 1224 754 τοῦτον
1247 714 1306 769 τῷ
1324 709 1520 769 φασγάνῳ
1540 711 1646 755 κατὰ
1665 714 1742 755 τοῦ

278 781 492 838 ἀριστεροῦ
522 776 636 833 ὤμου
665 780 755 832 περὶ
776 778 850 834 τὴν
873 781 1010 822 κλεῖδα
1021 791 1037 831 ,“
1066 781 1134 823 καὶ
1159 779 1371 834 ἀποτέμνει
1390 779 1460 823 τὸν
1480 779 1628 835 αὐχένα
1636 790 1661 832 ,’
1680 774 1743 831 ὥς

278 852 485 904 συμβῆναι
505 845 578 901 τὴν
592 848 775 905 κεφαλὴν
793 847 867 891 σὺν
888 852 940 905 τῇ
960 851 1074 908 δεξιᾷ
1090 850 1193 906 χειρὶ
1215 849 1450 891 ἐκκοπεῖσαν
1467 854 1600 891 πεσεῖν
1617 849 1673 899 εἲς
1690 847 1740 892 τὸ

278 916 444 975 ἔδαφος.
486 924 488 926 ’
511 917 580 958 καὶ
606 913 628 958 ὅ
658 917 731 971 μὲν
759 915 927 973 Σκύθης
954 917 1077 960 ἔκειτο
1106 915 1263 969 πεσών,
1297 915 1318 959 ὃ
1343 917 1387 960 δ’
1407 919 1578 972 Ἀνεμᾶς
1599 915 1741 972 ἀσινὴς
1753 919 1798 959 10

279 987 473 1041 ἐπανῆκεν
501 985 558 1035 εἷς
583 984 630 1027 τὸ
662 983 949 1042 στρατόπεδον.
1015 984 1128 1043 ἤρθη
1159 986 1223 1028 ἐπὶ
1242 989 1302 1043 τῷ
1323 984 1426 1044 ἔργῳ
1445 979 1561 1044 φωνῆ
1582 997 1742 1041 παμμι-

282 1053 378 1111 γής,
412 1057 495 1096 τῶν
522 1053 596 1107 μὲν
619 1051 828 1108 Ῥωμαίων
857 1052 1143 1104 ἀλαλαξάντων
1164 1055 1227 1097 ἐπὶ
1248 1058 1300 1112 τῇ
1319 1056 1431 1110 νίκῃ,
1464 1058 1547 1098 τῶν
1566 1055 1610 1098 δὲ
1632 1053 1742 1097 Σκυ-

234 1126 261 1160 Β
285 1127 376 1166 θῶν
396 1119 565 1177 ἀσήμως
585 1120 861 1172 ὄλολυξάντων
883 1123 951 1164 καὶ
972 1127 1044 1177 τῆς
1063 1120 1216 1165 ἕαυτιῦν
1238 1120 1492 1166 ὖπενδόντων
1511 1122 1745 1174 ἒνστάσεως.

284 1188 576 1248 ἐπιβρισάντων
593 1191 637 1232 δὲ
654 1194 734 1233 τῶν
749 1189 960 1246 Ῥωμαίων
979 1193 1035 1242 εἰς
1054 1190 1186 1248 φυγὴν
1204 1192 1448 1247 ἕγκεκλίκασι
1457 1223 1471 1243 ,
1505 1193 1572 1234 καὶ
1593 1191 1745 1243 ἀκλεῶς

286 1263 343 1310 εἷς
357 1260 430 1314 τὴν
447 1256 563 1300 πόλιν
580 1257 786 1311 ἐσώζοντο.
855 1259 995 1302 ἔπεσον
1012 1260 1055 1302 δὲ
1073 1261 1212 1302 πολλοὶ
1233 1259 1336 1302 κατὰ
1354 1257 1474 1315 τήνδε
1487 1259 1560 1316 τὴν
1574 1258 1741 1317 ἡμέραν,
1754 1263 1799 1300 15

286 1326 359 1371 ὕπ’
385 1325 572 1382 ἀλλήλων
588 1344 630 1369 τε
650 1326 976 1383 συμπατούμενοι
999 1328 1068 1370 διὰ
1091 1327 1164 1383 τὴν
1185 1328 1458 1386 στενοχωρίαν·
1467 1330 1534 1370 καὶ
1551 1327 1630 1371 ὕπὸ
1642 1327 1745 1372 Ῥω·-

286 1396 419 1452 μαίων
449 1394 719 1452 σφαττόμενοι
747 1400 807 1455 τῷ
836 1394 1240 1452 καταλαμβάνεσθαι.
1307 1400 1454 1453 μικροῦ
1483 1397 1526 1439 δ’
1562 1396 1613 1440 ἃν
1638 1395 1746 1440 ἑάλω

287 1466 355 1508 καὶ
379 1462 401 1507 ὃ
423 1462 772 1521 Σφενὸοσθλάβος
791 1464 914 1515 αὐτός
922 1497 934 1516 ,
971 1467 1006 1507 εἲ
1023 1465 1083 1520 μὴ
1104 1464 1176 1516 νὺξ
1195 1465 1607 1520 ἐπιγενομένη-τοῦτον
1625 1463 1750 1524 ἕρρύ,

289 1539 404 1576 σατο.
426 1573 430 1575 ,
472 1532 512 1574 οἳ
532 1532 575 1574 δὲ
596 1532 666 1575 τὸν
685 1534 867 1576 κίνδυνον
887 1531 1143 1589 διαδράντες,
1159 1534 1291 1583 ,ἐντὸς
1309 1537 1384 1576 τοῦ
1401 1533 1617 1591 περιβόλου
1634 1532 1748 1591 γενό-

288 1618 427 1656 μενοι,
471 1600 650 1644 κωκυτὸν
686 1602 750 1643 ε’πὶ
783 1605 841 1659 τῷ
872 1606 945 1644 τοῦ
967 1601 1155 1659 ’Ἰκμορος
1180 1601 1350 1660 θανάτῳ
1379 1602 1504 1657 με’γαν
1533 1601 1805 1658 {namma-2⁰

288 1669 385 1720 τοὺς
413 1668 457 1711 δὲ
483 1667 679 1720 πεσόντας
704 1673 784 1712 τῶν
813 1668 1038 1727 βαρβάρων
1066 1668 1323 1720 σκυλεύοντες
1353 1670 1392 1712 οἳ
1414 1668 1606 1726 Ῥωμαῖοι
1634 1666 1750 1728 εὗρον

291 1739 359 1780 καὶ
390 1743 582 1794 γυναῖκας
608 1739 649 1780 ἓν
675 1744 760 1788 τοῖς
790 1738 1053 1795 ἀνῃρημένοις
1075 1739 1256 1793 κειμένας
1280 1739 1479 1795 ἀνδρικῶς
1505 1741 1752 1796 ἐσταλμένας

291 1808 359 1849 καὶ
378 1805 482 1860 μετὰ
502 1809 582 1849 τῶν
601 1805 761 1864 ἀνδρῶν
781 1806 882 1864 πρὸς
899 1805 1121 1862 Ῥωμαίους
1141 1807 1456 1863 ἀγωνισαμένας.

382 1903 406 1937 8
427 1899 531 1945 παρὰ
552 1901 583 1937 C
676 1902 717 1937 11
744 1901 809 1947 εἰς]
832 1899 930 1946 πρὸς
951 1903 982 1938 C
1060 1902 1104 1938 14
1126 1899 1445 1946 ἐπιβριμησάντων
1470 1901 1503 1937 C
1572 1901 1615 1937 15
1639 1900 1751 1947 τήνδε

384 1948 494 2028 οηιθς
546 1993 578 2028 c
638 1949 685 1983 20
707 1947 865 1993 ι”κμωρος
886 1948 918 1983 C
1056 1949 1099 1984 21
1126 1946 1385 1989 σκυλεύσαντες
1408 1947 1439 1986 O
1575 1949 1623 1984 22
1645 1947 1752 1985 ἄναι-

383 2004 423 2038 ρε
457 2003 525 2028 εισι

295 2073 441 2107 cernens
463 2072 606 2108 sortiter
626 2084 776 2120 pugnam
800 2074 899 2110 obire
922 2086 963 2110 ac
982 2073 1135 2120 reliquos
1160 2073 1314 2109 excitare
1337 2076 1374 2108 et
1394 2072 1627 2108 Romanorum
1655 2074 1751 2109 ordi-

295 2130 358 2153 nes
385 2121 610 2164 conturbare,
646 2120 732 2154 nihil
760 2121 814 2155 vel
839 2121 1007 2157 vastitate
1037 2121 1193 2167 corporis
1222 2121 1298 2155 eius
1320 2119 1377 2154 vel
1398 2121 1526 2155 robore
1548 2120 1753 2165 deterritus,

293 2165 463 2209 sanguine
493 2165 586 2199 circa
616 2177 678 2199 cor
707 2168 960 2202 effervescente
988 2178 1111 2212 equum
1134 2168 1199 2201 hac
1220 2166 1301 2201 illac
1323 2170 1510 2211 torquens,
1543 2165 1664 2200 stricto
1690 2166 1752 2212 qui

294 2212 339 2245 ad
362 2212 475 2245 femur
498 2211 672 2256 pendebat
701 2213 819 2257 gladio
842 2213 1002 2259 impetum
1026 2213 1062 2247 in
1086 2224 1162 2247 eum
1195 2212 1255 2247 dat
1284 2211 1639 2257 vehementissimum,
1673 2215 1754 2246 tan-

294 2261 436 2301 tumque
461 2257 498 2291 in
523 2257 700 2292 sinistrum
733 2259 908 2293 humerum
940 2260 1037 2293 iuxta
1065 2258 1266 2293 claviculam
1296 2254 1471 2304 imponitf
1473 2257 1618 2301 vulnus,
1650 2261 1690 2292 ut
1717 2261 1756 2293 et

297 2302 420 2337 collum
442 2303 664 2338 abscinderet
687 2309 723 2339 et
744 2316 820 2339 cum
842 2306 966 2339 dextra
988 2316 1089 2339 manu
1113 2309 1322 2350 amputatum
1345 2308 1451 2350 caput
1471 2303 1509 2337 in
1531 2303 1639 2338 solum
1657 2303 1756 2338 deci-

296 2349 410 2382 deret.
456 2348 536 2394 ipse
564 2349 702 2385 illaesus
735 2351 779 2385 ad
811 2362 893 2385 suos
922 2351 1038 2385 rediit.
1087 2351 1311 2385 exclamatum
1341 2350 1385 2384 ad
1417 2349 1484 2384 hoe
1511 2349 1646 2383 facinus
1669 2361 1754 2396 pro-

297 2393 447 2439 miscue,
482 2395 649 2429 Romanis
679 2397 722 2430 ob
755 2396 936 2430 victoriam
966 2396 1093 2431 laetum
1118 2397 1298 2431 clamorem
1321 2394 1576 2439 attollentibus,
1611 2395 1756 2439 Scythis

300 2444 415 2474 autem
454 2441 632 2475 confusum
672 2441 882 2476 eiulantibus
914 2448 951 2477 et
978 2442 1134 2486 vigorem
1166 2453 1263 2476 suum
1294 2441 1560 2476 dimittentibus.
1616 2442 1756 2476 tandem

299 2485 465 2520 Romanis
492 2487 729 2532 prementibus
751 2488 856 2523 Rossi
877 2489 993 2533 fugam
1015 2489 1171 2532 faciunt,
1207 2498 1318 2532 eaque
1342 2498 1418 2521 cum
1439 2486 1610 2521 dedecore
1634 2486 1671 2521 in
1695 2498 1757 2522 ur·

299 2531 377 2564 bem
402 2532 568 2567 evadunt.
615 2533 714 2567 multi
743 2546 785 2569 eo
815 2535 874 2568 die
896 2535 1096 2581 perierunt,
1132 2533 1257 2580 partim
1281 2534 1325 2567 ob
1348 2533 1498 2567 locorum
1520 2533 1711 2576 angustiam
1735 2542 1758 2567 a

300 2584 340 2609 se
372 2576 520 2611 invicem
554 2579 768 2624 conculcati,
806 2581 932 2625 partim
968 2593 989 2614 a
1021 2579 1184 2614 Romanis
1211 2577 1377 2614 assecutis
1400 2589 1462 2612 eos
1482 2577 1518 2611 in
1543 2578 1626 2623 fuga
1647 2578 1756 2613 caesi.

303 2622 395 2666 quod
419 2623 487 2656 nisi
510 2635 580 2657 nox
602 2624 766 2669 ingruens
789 2626 1124 2671 Sphendosthlabum
1156 2625 1361 2670 eripuisset,
1397 2623 1519 2668 utique
1542 2627 1579 2657 et
1599 2623 1678 2669 ipse
1700 2623 1757 2658 vi-

301 2678 366 2700 vus
400 2667 438 2701 in
470 2669 701 2705 Romanorum
729 2671 888 2707 venisset
909 2677 1129 2717 potestatem.
1177 2669 1383 2716 superstites
1406 2681 1429 2703 a
1449 2670 1549 2703 clade
1572 2681 1647 2704 cum
1666 2670 1760 2704 intra

303 2713 440 2747 moenia
467 2715 667 2759 venissent,
702 2728 825 2762 magno
858 2729 934 2753 cum
956 2718 1048 2752 luctu
1072 2728 1114 2752 ac
1138 2717 1279 2762 planctu
1302 2718 1446 2749 mortem
1467 2716 1612 2750 Icmoris
1635 2715 1759 2760 deplo-

302 2762 483 2793 raverunt.
530 2765 565 2793 et
599 2761 748 2796 Romani
780 2771 856 2797 cum
891 2763 1050 2798 barbaris
1083 2762 1209 2797 occisis
1242 2761 1354 2806 spolia
1385 2761 1633 2806 detraherent,
1666 2761 1760 2796 inter

302 2805 474 2839 cadavera
498 2805 601 2840 etiam
626 2808 786 2842 mulieres
809 2810 1019 2845 invenerunt
1040 2809 1134 2844 virili
1158 2807 1279 2844 habitu
1301 2811 1436 2852 tectas,
1461 2818 1553 2853 quae
1571 2807 1665 2843 inter
1687 2816 1758 2846 ma-

303 2849 392 2885 ritos
414 2849 452 2885 in
474 2850 649 2887 Romanos
673 2859 927 2899 pugnaverant.
