1890 3236
300 202 394 248 138
756 197 1008 244 'GEORGII
1037 198 1279 246 CEDREM

293 316 363 360 τὸν
384 312 548 372 ἐχθρόν.
615 312 678 355 διὸ
699 313 767 354 καὶ
791 311 942 355 στέλλει
964 310 1066 369 πρὸς
1081 312 1152 356 τὸν
1169 313 1272 371 ῥῆγα
1293 315 1504 373 Φραγγίας
1518 315 1589 360 τὸν
1606 314 1751 376 πατρί-

295 403 381 428 κιον
415 380 656 431 Θεοδόσιον,
686 381 729 423 ἐκ
759 384 834 422 τοῦ
862 386 942 424 τῶν
970 383 1278 436 Βουβουτζίκων
1304 383 1575 441 καταγόμενον
1601 384 1750 441 γένους,

157 458 183 491 Ρ
209 457 274 493 533
299 452 525 507 ἐπικουρίαν
547 465 590 490 τε
611 450 776 499 ἐξαιτῶν
800 453 1063 507 πεμφθῆναι,
1097 452 1164 493 καὶ
1188 451 1423 495 ἀποστεῖλαι
1446 451 1620 508 δύναμιν
1637 451 1750 504 ὀξύ*-

293 536 424 575 μαχον
444 519 512 560 καὶ
532 522 711 560 κακῶσαι
730 517 833 574 μέρη
854 517 943 561 τινὰ
962 523 1035 573 τῆς,
1050 518 1220 575 Λιβύης
1238 524 1294 578 τῷ
1316 521 1582 578 ἀμερμουμνῇ
1607 521 1752 578 διαφί-

295 605 430 645 ροντα.
498 586 591 628 ἀλλ’
623 585 723 640 αὕτη
751 584 865 641 μὲνὴ
886 588 1078 643 πρεσβεία
1100 587 1305 645 ἄπρακτος
1323 589 1472 643 ἔμεινε,
1499 589 1784 633 1⁰5⁴&503oe6

295 658 382 700 σίου
410 655 483 710 τὴν
511 653 614 710 ζωὴν
642 655 745 697 καθ’
777 653 872 698 ὁδὸν
906 657 1285 714 καταστρέψαντος·
1323 656 1345 700 ὃ
1379 657 1581 715 Θεόφιλος
1609 658 1654 700 δὲ
1683 659 1775 701 καὶ,

293 723 444 779 ταύτης
469 723 686 766 ὁιεκπεσὼν
703 727 776 778 τῆς
795 725 956 775 ἐλπίδος
973 726 1036 767 ἐπὶ
1058 726 1178 767 πλέον
1194 743 1236 768 τε
1255 723 1334 768 ὕπὸ
1353 731 1425 780 τῆς
1441 724 1563 770 νόσου
1575 723 1752 784 σφιγγό-

295 810 414 848 μενος
440 791 566 835 ἄνεισι
591 791 778 848 κλινήρης
796 793 899 848 πρὸς
916 793 988 848 τὴν
1004 793 1265 851 Μαγναύραν
1274 826 1287 846 ,
1316 795 1358 837 ἓν
1376 789 1404 852 ᾗ
1420 793 1493 850 τήν
1512 811 1558 838 τε
1578 793 1752 851 σύγκλη-

295 878 366 904 τον
390 858 655 916 ἐκκλησιάσας
671 862 737 903 καὶ
755 861 800 902 τὸ
819 860 960 904 λοιπὸν
978 862 1153 920 ἐμφανὲς
1176 862 1299 919 μέρος
1317 867 1390 919 τῆς
1405 861 1558 914 πόλεως
1568 863 1627 907 >τὰ
1645 861 1749 906 καθ’

298 929 441 973 ἑαυτὸν
460 927 718 987 ἓξετραγῴὸει
735 931 802 971 καὶ
820 929 1064 988 ὠλοφύρετο,
1092 933 1158 973 καὶ
1176 932 1271 982 τοὺς
1289 932 1607 988 συνειλεγμένους
1625 929 1809 987 ἔζήτειίθ

245 1002 275 1036 Β
300 1000 372 1054 τὴν
401 1001 456 1049 εἷς
484 998 606 1041 αὐτὸν
634 998 974 1053 ἀπομνημονεύειν
1000 998 1156 1042 εὔνοιαν
1175 1001 1216 1042 ἓν
1234 1004 1293 1059 τῷ
1312 1002 1444 1044 πίστιν
1462 1002 1529 1043 καὶ
1552 999 1755 1054 εὐμένειαν

299 1072 473 1124 τηρῆσαι
488 1065 589 1123 πρός
606 1083 647 1109 τε
666 1066 739 1122 τὴν
761 1067 886 1110 αὐτοῦ
903 1066 1072 1124 σύζυγον
1088 1070 1155 1111 καὶ
1173 1068 1242 1111 τὸν
1261 1071 1411 1122 παῖδα,
1444 1070 1512 1112 καὶ
1529 1066 1755 1126 διαφυλάτ-

300 1154 382 1179 τειν
413 1134 570 1185 τούτοις
599 1135 672 1189 τὴν
699 1137 908 1189 βασιλείαν
943 1135 1284 1190 ἀνεπιβούλευτον.
1352 1137 1674 1181 {anniane-{nm
1709 1136 1755 1179 δὲ

299 1210 379 1247 τῶν
410 1205 765 1261 συνηθροισμένων
792 1211 875 1255 τοῖς
904 1205 1083 1256 ἐλεεινοῖς
1111 1205 1266 1255 τούτοις
1294 1204 1446 1264 ῥήμασι
1465 1209 1538 1248 τοῦ
1556 1205 1756 1260 βασιλέως

301 1272 480 1329 ὀδυρμὸς
508 1272 620 1329 ἤρθη
650 1275 715 1315 καὶ
747 1273 925 1323 κωκυτὸς
954 1274 1067 1330 παρὰ
1097 1272 1278 1317 πάντων·
1311 1276 1379 1317 καὶ
1406 1271 1553 1324 πάντες
1578 1276 1750 1318 θεοκλυ-Υ
1767 1277 1810 1314 15

301 1345 462 1391 τοῦντες
483 1340 653 1395 ηὔχοντο
677 1342 750 1395 μὲν
771 1346 829 1398 τῷ
851 1346 1015 1395 βασιλεῖ
1031 1340 1167 1398 ὗγείαν
1186 1359 1229 1385 τε
1252 1346 1318 1386 καὶ
1342 1341 1468 1398 ζωήν,
1504 1344 1538 1385 εἲ
1564 1342 1625 1394 δ’,
1657 1340 1755 1399 ὅπερ

300 1409 497 1452 ἀπευκτὸν
517 1405 566 1464 ἦν
591 1410 748 1461 αὐτοῖς,
778 1409 981 1462 θάνατος,
1010 1410 1165 1467 ἔλεγον,
1193 1409 1535 1466 ἐπακολουθήσει,
1562 1408 1757 1468 ὑπὲρ-τῆς

301 1478 427 1521 αὐτοῦ
456 1482 632 1534 γαμετῆς
663 1483 778 1534 σφιόν
809 1479 852 1521 df*
881 1480 1088 1535 δεσποίνης
1116 1481 1182 1521 καὶ
1212 1484 1292 1522 τῶν
1316 1481 1471 1522 παίδων
1492 1477 1756 1533 ὑπισχνοῦντο

301 1548 370 1589 καὶ
397 1546 544 1597 αὐτάς,
581 1549 615 1589 εἲ
644 1546 805 1602 δεήσοι,
838 1548 1040 1604 προέσθαι
1066 1548 1141 1598 τὰς
1163 1549 1303 1603 ψυχὰς
1322 1550 1389 1591 καὶ
1408 1552 1586 1604 τηρῆσαι·
1602 1545 1758 1597 τούτοις

301 1615 374 1668 τὴν
401 1616 611 1669 βασιλείαν
642 1614 933 1671 ἀδιαλώβητον.
1001 1618 1068 1659 καὶ
1091 1617 1127 1659 οἱ
1149 1617 1222 1671 μὲν
1240 1618 1591 1673 κατεπηγγείλαντο
1612 1619 1813 1666 rathado

303 1682 324 1725 ὁ
355 1684 399 1725 δὲ
425 1684 615 1737 βασιλεὺς
650 1683 850 1742 Θεόφιλος
874 1683 952 1727 ὑπὸ
980 1690 1052 1740 τῆς
1069 1684 1190 1727 νόσου
1209 1687 1365 1736 τελείως
1382 1686 1515 1735 τακεὶς
1530 1685 1596 1727 καὶ
1614 1683 1758 1742 μικρὸν

253 1757 284 1790 C
307 1753 488 1805 ἐπιβιοὺς
515 1752 560 1794 τὸ
590 1752 722 1795 κοινὸν
750 1752 1026 1810 ἀνεπλήρωσεν
1053 1752 1220 1812 ὄφλημα
1230 1786 1243 1806 ,
1274 1756 1337 1797 ἐπὶ
1369 1753 1527 1796 δώδεκα
1556 1753 1658 1796 ἔτεσι
1691 1754 1759 1795 καὶ

305 1823 406 1875 μησὶ
428 1822 535 1879 τρισὶ
554 1820 627 1876 τὴν
648 1824 855 1875 βασιλείαν
877 1821 1036 1874 ἰθύνας.
1104 1823 1187 1865 ἐπεὶ
1213 1823 1278 1875 δέ,
1313 1821 1369 1873 ὥς
1398 1820 1569 1880 φθάσας
1593 1819 1614 1864 ὅ
1642 1820 1761 1877 λόγος

398 1961 421 1996 5
444 1961 513 1995 τοῦ
535 1959 600 2005 μὲν
621 1962 664 1999 θ’.
680 1962 717 1997 C
810 1964 853 1998 12
876 1961 1103 2007 διαφυλάξαι
1120 1963 1151 1997 C
1241 1962 1288 1998 20
1307 1959 1455 2009 ἀβλαβῆ
1477 1963 1509 1998 C
1598 1961 1644 1998 21
1669 1957 1760 1998 Θεόε

400 2009 507 2052 φιλος
529 2020 583 2043 om
608 2008 638 2043 C
773 2010 819 2044 23
842 2006 893 2050 ὥς
913 2015 994 2056 post
1016 2007 1172 2054 ἐδήλωσε
1196 2009 1227 2044 C

308 2131 619 2177 circumspiciebat.
666 2144 707 2168 ea
741 2133 785 2169 de
816 2145 922 2168 causa
949 2132 1186 2168 Theodosium
1213 2132 1416 2179 patricium,
1439 2130 1634 2167 Bubutzica
1651 2130 1764 2176 stirpe

308 2183 448 2221 natum,
473 2179 517 2212 ad
537 2190 654 2224 regem
675 2180 847 2214 Franciae
869 2179 1023 2224 ablegat,
1048 2179 1247 2214 auxiliarias
1270 2181 1312 2214 ab
1337 2190 1380 2213 eo
1403 2177 1522 2224 copias
1543 2177 1676 2212 validas
1695 2189 1762 2222 pe-

307 2230 406 2268 tens,
442 2224 653 2270 hortansque
674 2231 713 2260 ut
735 2226 766 2260 is
788 2231 905 2272 partes
924 2226 1060 2270 Libyae
1084 2227 1128 2260 ad
1151 2236 1411 2259 amermumnam
1433 2223 1649 2270 pertinentes
1669 2223 1764 2258 infe-

309 2275 393 2303 stet.
441 2271 503 2305 sed
526 2271 612 2306 haee
635 2283 772 2317 quoque
793 2272 922 2317 legatio
943 2272 1046 2306 irrita
1067 2272 1154 2314 fuit,
1181 2271 1374 2305 mortuoin
1396 2271 1524 2304 itinere
1547 2269 1764 2304 Theodosio.

310 2315 529 2361 Theophilus
563 2317 628 2352 hac
662 2329 799 2364 quoque
833 2330 896 2363 spe
927 2318 1067 2363 lapsus,
1102 2317 1368 2362 ingravescente
1390 2316 1534 2361 insuper
1554 2317 1694 2359 morbo,
1725 2314 1763 2349 in

309 2360 435 2396 lectica
458 2374 496 2396 se
519 2363 562 2397 ad
586 2364 812 2409 Magnaurum
843 2364 1020 2410 deportari
1050 2364 1171 2405 iubet3
1205 2363 1395 2408 eodemque
1426 2366 1618 2396 convocato
1639 2366 1763 2396 senatu

308 2412 345 2440 et
368 2414 465 2451 parte
491 2409 645 2444 civitatis
669 2411 858 2455 nobiliore,
891 2421 1027 2444 suarum
1050 2421 1165 2444 rerum
1187 2409 1346 2444 miseram
1370 2408 1606 2443 condicionem
1628 2406 1765 2451 tragice

309 2452 487 2498 deplorat,
521 2461 724 2502 coetumque
759 2457 916 2491 hortatur
939 2461 979 2491 ut
1001 2467 1167 2490 memores
1200 2466 1284 2490 suae
1307 2455 1343 2489 in
1365 2455 1478 2500 ipsum
1500 2452 1764 2488 benevolentiae

308 2498 412 2532 fidem
436 2501 536 2534 uxori
562 2512 644 2536 suae
669 2514 771 2547 porro
796 2503 937 2548 filioque
960 2508 1120 2546 servent,
1145 2501 1258 2546 iisque
1280 2500 1462 2546 imperium
1483 2500 1528 2533 ab
1550 2498 1764 2551 insidiis-tu-

309 2549 381 2577 tum
417 2552 607 2589 praestent.
653 2548 842 2583 miserabili
873 2547 1093 2594 imperatoris
1115 2547 1274 2582 oratione
1298 2547 1420 2581 fractis
1443 2543 1618 2580 concionis
1641 2554 1765 2578 animis

311 2589 474 2624 eiulatum
499 2592 652 2627 universi
675 2594 909 2637 sustulerunt,
947 2606 968 2628 a
990 2595 1126 2639 deoque
1148 2605 1266 2627 omnes
1291 2592 1436 2627 salutem
1458 2602 1500 2624 ac
1524 2589 1631 2624 vitam
1652 2589 1765 2634 impe-

311 2635 422 2670 ratori
447 2637 670 2683 flagitarunt,
701 2641 800 2675 simul
822 2640 987 2687 polliciti,
1020 2639 1051 2674 si
1074 2639 1158 2684 quid
1181 2638 1214 2674 ei
1236 2637 1431 2672 humanitus
1453 2635 1649 2680 accideret,
1673 2635 1767 2680 quod

311 2681 381 2727 ipsi
404 2682 541 2726 quidem
564 2685 860 2731 abominarentur,
894 2698 934 2721 se
954 2692 1026 2720 tum
1051 2697 1114 2730 pro
1136 2695 1245 2719 uxore
1268 2684 1359 2727 eius,
1392 2681 1531 2717 domina
1553 2693 1635 2725 sua,
1662 2687 1699 2716 et
1721 2681 1765 2715 li-

310 2727 407 2762 beris
428 2727 536 2774 ipsam
561 2741 718 2776 quoque,
743 2732 773 2767 si
795 2732 846 2766 ita
868 2744 925 2767 res
948 2731 1160 2778 postularet,
1182 2730 1288 2764 vitam
1306 2729 1541 2775 impensuros,
1565 2727 1680 2772 iisque
1701 2727 1768 2762 im-

312 2774 446 2819 perium
469 2775 638 2810 incolume
659 2784 938 2812 conservaturos.
984 2778 1169 2812 secundum
1189 2777 1276 2810 haec
1293 2773 1510 2819 Theophilus
1527 2774 1647 2808 morbo
1666 2773 1768 2819 plane

312 2826 534 2867 consumptus
558 2822 659 2866 paulo
684 2831 763 2868 post
785 2824 935 2859 debitum
959 2829 1103 2857 naturae
1130 2821 1318 2868 persolvit,
1353 2831 1427 2854 cum
1456 2819 1637 2864 imperium
1660 2828 1769 2853 annos

318 2868 359 2901 12
381 2872 417 2900 et
439 2878 573 2902 menses
596 2868 619 2903 3
641 2869 823 2913 gessisset.
870 2880 947 2904 cum
977 2874 1091 2903 autem
1114 2869 1160 2903 ob
1183 2867 1381 2913 praedictas
1409 2877 1531 2902 causas
1557 2866 1654 2902 locus
1676 2867 1769 2900 osset
