1916 3210
293 164 391 211 828
709 159 1007 206 XYLANDRI
1038 160 1111 204 ET
1147 159 1322 206 GO'ARI

289 285 524 326 pronymum,
553 275 592 309 ut
609 270 772 310 fortassis
788 270 968 321 quosdam
986 283 1034 310 ex
1052 270 1160 322 Syria
1176 271 1215 310 in
1233 270 1428 311 Thraciam
1440 272 1634 324 acciverit,
1662 273 1741 313 aliis

290 331 327 368 in
347 342 468 368 eorum
489 328 567 365 loca
585 327 716 367 missis.
771 326 877 365 ΧΠ..

399 389 426 421 t.
446 384 477 420 11
507 396 540 432 p.
562 384 611 423 17
633 395 668 421 v.
685 384 723 423 3.
779 381 905 420 mutile
931 380 1110 433 interpres
1139 389 1325 419 coronata
1340 409 1354 428 ‚
1394 395 1504 433 quam
1533 385 1742 436 nuptiarum

289 439 613 479 contrahendarum
642 450 751 476 causa
769 441 989 476 *coronatam
1020 438 1178 477 scribere
1209 438 1417 487 debuisset,
1456 439 1589 478 iterato
1624 440 1742 491 siqui-

289 497 374 534 dem
413 495 555 532 coronis
593 494 842 545 imperatrices
879 493 1122 541 ornabantur,
1159 495 1272 532 semel
1305 499 1346 532 ut
1376 496 1471 542 tori,
1511 496 1671 535 secundo
1702 501 1744 535 ut

289 550 429 601 imperii
455 554 653 590 consortes.
711 550 889 589 secundas
911 561 1063 588 coronas
1083 550 1286 589 numeravit
1303 555 1429 588 auctor
1442 551 1622 601 plerisque
1636 550 1743 592 locis:

286 607 423 658 primas
452 605 510 644 hic
539 609 727 655 recenset,
744 607 978 656 easdemque
1006 605 1190 645 fusissime
1218 606 1389 644 describit
1405 607 1607 646 Simocatta
1625 608 1648 648 1
1681 610 1744 650 1-.0
1789 656 1791 658 ¹

289 663 426 700 GoAu.
525 670 529 674 “
1736 688 1738 690 v

402 716 499 756 ibid.
556 717 600 754 in
631 716 727 754 aede
764 716 809 754 S.
844 714 1063 767 Stephani]
1091 716 1148 755 vel
1170 718 1292 768 potius
1313 731 1447 757 corona
1470 730 1594 765 sacra,
1625 716 1670 759 ἐν
1687 733 1742 784 τω

291 772 390 827 ἁγίῳ
422 769 620 826 στεφάνῳ.
676 785 773 823 quae
802 776 923 812 autem
953 773 1005 810 sit
1030 772 1090 811 illa
1117 786 1252 812 corona
1283 786 1406 822 sacra,
1433 775 1622 813 incertum.
1675 759 1746 813 suit

291 830 471 879 quaedam
506 842 527 867 a
561 830 738 867 Mauricio
767 829 956 877 dedicata,
985 841 1094 879 quam
1127 842 1195 867 suo
1223 829 1320 868 malo
1337 829 1418 868 Leo
1439 830 1542 868 huius
1562 829 1657 868 filius
1673 831 1744 868 sibi
1777 863 1780 866 .

291 886 461 936 sumpsit,
491 886 613 924 nescio
635 898 684 923 an
703 897 747 923 ea
765 884 815 923 ad
834 885 1040 924 huiusmodi
1057 884 1216 936 alioquin
1237 899 1323 925 usus
1343 887 1531 925 adhibita..
1544 886 1650 927 Xn.
1705 887 1754 927 in*

290 942 421 981 Palatii
443 941 630 980 oratorio.
685 941 823 979 GoAR.

401 996 456 1034 ib.
477 1011 511 1038 v.
534 998 572 1038 5.
630 997 903 1034 Romanorum
923 995 1136 1047 dicionem]
1163 993 1324 1049 Ῥώμην.
1359 997 1412 1040 ¹sit:
1429 1000 1469 1036 et
1486 996 1585 1039 alibi:
1639 997 1744 1039 XYR.

403 1053 457 1090 ib.
481 1066 514 1092 v,
538 1053 599 1092 10.
655 1053 902 1103 Berzetc'am]
933 1053 1118 1092 Diaconus
1151 1053 1262 1091 habet
1292 1053 1488 1101 Beritiam,
1523 1057 1561 1093 et
1582 1066 1653 1104 »pro
1677 1053 1744 1093 Li-

291 1108 485 1148 thosoraea
512 1109 746 1148 Lithsoriam.
801 1114 958 1161 apparet
984 1113 1111 1148 nostra
1137 1121 1219 1148 esse
1243 1110 1504 1148 emendatiora.
1559 1108 1659 1150 idem
1671 1122 1743 1162 pro

288 1165 456 1204 Elericho
474 1165 585 1203 habet
603 1165 639 1203 Γ
641 1165 819 1204 clericum
876 1165 980 1204 xm..

402 1220 457 1258 ib.
490 1234 525 1259 v,
554 1221 622 1261 20.
678 1217 754 1273 τήν
782 1217 995 1274 γενειάδα]
1039 1221 1192 1260 adversa
1219 1221 1367 1269 fortuna
1390 1219 1556 1259 mulieres
1581 1219 1744 1274 capillos3

287 1277 353 1316 viri
376 1278 525 1316 barbam
551 1277 660 1315 etiam
679 1277 790 1316 hodie
810 1277 879 1316 sibi
900 1277 1096 1316 detrahunt
1115 1272 1331 1318 orientales.
1387 1277 1526 1317 GoAn.

399 1332 452 1370 ib.
480 1346 513 1371 v.
541 1334 607 1372 22.
665 1331 764 1372 κατοῖ
792 1348 874 1373 των
901 1336 1051 1374 σκελων
1080 1330 1388 1385 ἅνθρακωθείς]
1431 1331 1601 1369 bubones
1625 1331 1744 1382 igniti

282 1396 559 1426 extremuerunt
575 1395 612 1425 et
628 1396 857 1427 exarserunt
871 1390 915 1427 in
932 1391 1015 1427 eiu-9
1030 1389 1277 1441 inguinibus.
1300 1389 1302 1394 ’
1332 1391 1388 1428 ita
1410 1389 1558 1441 proprie
1582 1389 1744 1428 redden-

283 1446 353 1483 dus
373 1452 522 1494 auctor,
553 1446 652 1484 iuxta
669 1445 905 1510 Theophanis
922 1447 1069 1498 scripta.
1126 1448 1264 1484 GOAR.

395 1507 421 1539 t.
439 1503 471 1539 11
500 1515 538 1552 p.
562 1502 613 1541 18
632 1514 667 1539 v.
689 1504 729 1543 6.
796 1497 946 1552 σωζου]
987 1504 1182 1542 correctius
1215 1502 1332 1540 reddo
1365 1500 1456 1539 vale
1487 1512 1598 1551 quam
1631 1499 1744 1536 ineo-

284 1556 405 1594 lumis·
426 1564 514 1594 esto.
573 1557 711 1595 GOAR.

396 1612 448 1650 ib.
483 1626 519 1650 v.
549 1614 587 1653 8.
643 1616 728 1661 τοῖς
766 1612 1112 1667 wazonem-stom]
1150 1612 1212 1651 ubi
1244 1624 1354 1651 aerea
1390 1624 1558 1663 quaeque
1580 1609 1743 1663 supellex

284 1681 415 1708 venum
431 1668 696 1720 exponebatur.
753 1669 890 1707 GoAR.

397 1723 451 1761 ib.
486 1737 520 1762 v.
550 1724 616 1765 16.
673 1723 986 1764 Nobilissimorum
1020 1725 1127 1763 titulo
1157 1722 1425 1762 exornabantur
1453 1723 1518 1774 qui
1546 1723 1743 1762 Caesarem

284 1784 375 1818 natu
401 1781 572 1818 maiorem
597 1780 709 1819 filium
736 1781 996 1832 sequebantur.
1052 1781 1296 1832 Dempsterus
1312 1781 1350 1818 in
1365 1779 1642 1830 antiquitatibus
1660 1779 1744 1818 Ro—

283 1836 412 1875 manis.
467 1837 606 1874 GoAn.

398 1896 424 1931 t.
440 1892 477 1929 11
505 1906 541 1943 p.
560 1894 610 1933 19
628 1904 663 1931 v.
681 1896 723 1934 2.
789 1891 1008 1943 Tellerigus
1021 1889 1401 1943 Longobardorum]
1428 1889 1558 1928 falsum
1575 1903 1658 1930 esse
1673 1889 1744 1929 hoc

286 1951 397 1998 puto,
439 1952 478 1986 et
500 1947 716 1986 inculcatum
744 1960 768 1986 a
793 1948 976 1997 Bulgaro‚
1014 1949 1062 1987 de
1087 1961 1163 1999 quo
1190 1948 1370 1998 sequitur:
1411 1946 1522 1996 longe
1547 1946 1618 1984 alio
1645 1946 1743 1984 enim

287 2004 369 2041 loco
397 2007 472 2042 tum
499 2004 567 2042 suit
595 2017 654 2042 res
679 2003 962 2054 Longobardica
984 2016 1095 2055 quam
1116 2009 1156 2042 ut
1176 2004 1344 2054 Byzantii
1365 2015 1474 2055 opem
1494 2001 1742 2054 implorarent.

285 2059 391 2098 XYL.
1733 2054 1735 2057 ’

397 2114 452 2152 ib.
492 2128 525 2153 v.
562 2116 600 2156 6.
658 2110 856 2166 μοναχούς
884 2110 1123 2166 προεβάλετο
1154 2112 1464 2166 μητροπολίτας]
1508 2113 1557 2152 ab
1587 2113 1742 2165 antiquo

286 2172 483 2210 monachos
502 2173 541 2209 in
562 2171 755 2222 pontifices
775 2171 931 2209 evehunt
948 2171 1101 2219 Graeci,
1130 2172 1220 2208 alios
1240 2171 1432 2208 rarissime.
1488 2170 1630 2208 GoAu.

398 2226 452 2268 ib.
484 2240 517 2264 v.
553 2230 618 2268 19.
675 2227 812 2279 primus
839 2227 933 2265 inter
957 2227 1137 2278 palatinos
1169 2227 1378 2265 sacerdotes
1407 2229 1488 2264 erat
1513 2226 1663 2277 papias,
1702 2228 1743 2273 et

286 2287 406 2321 custos
431 2282 577 2334 palatii,
604 2283 661 2321 cui
686 2288 762 2321 tum
790 2295 835 2321 ex
861 2283 1038 2333 religione
1066 2287 1144 2321 tum
1173 2295 1217 2322 ex
1246 2283 1465 2320 auctoritate
1490 2282 1597 2320 facile
1624 2282 1743 2319 suerat

286 2340 503 2390 imperatrici
527 2351 647 2377 sacras
669 2340 845 2389 imagines
866 2340 1149 2378 subministrare.
1207 2338 1254 2378 de
1276 2339 1386 2391 papia
1406 2337 1627 2376 commodius
1644 2335 1742 2380 alibi.

289 2395 427 2436 Goxn.

400 2449 453 2487 ib.
478 2463 510 2488 v.
529 2451 597 2490 20.
653 2450 874 2501 primicerios
897 2449 987 2488 istos
1010 2449 1272 2489 ecclesiasticos
1301 2453 1469 2497 autum03
1510 2460 1584 2486 non
1610 2446 1742 2499 palati-

287 2518 374 2554 nos,
405 2519 497 2556 quos
513 2505 708 2556 ·religionis
737 2506 897 2555 fideique
922 2518 1050 2544 sensus
1078 2520 1151 2544 non
1177 2506 1230 2544 ita
1255 2507 1419 2557 proxime
1447 2504 1637 2554 tangebat.
1693 2504 1741 2541 de

289 2562 346 2599 his
377 2562 520 2612 Imperii
546 2561 710 2610 Nomia,
743 2563 791 2599 de
815 2561 882 2599 illis
907 2562 1072 2600 Codinus
1102 2575 1135 2599 c.
1158 2563 1180 2602 1
1209 2566 1246 2600 et
1271 2560 1551 2624 Euchologium
1563 2560 1611 2597 de
1630 2557 1740 2598 Offic.

291 2617 464 2655 ecclesiae
499 2618 574 2656 (ΣΡ.
630 2617 789 2656 Lexicon
812 2629 1044 2699 ³:anonymum
1073 2618 1158 2656 bibl.
1187 2618 1327 2666 Regiae
1355 2610 1641 2668 πριμμικήριον
1666 2626 1742 2652 uno

292 2673 403 2710 verbo
443 2674 590 2723 exponit
629 2669 955 2738 nqoeroragcornv3
1000 2674 1149 2711 ordinis·
1195 2671 1403 2710 cuiuslibet
1445 2671 1632 2722 primum.
1704 2669 1741 2707 hi

291 2740 384 2776 quos
413 2729 673 2768 ecclesiasticos
701 2733 869 2778 autumo,
895 2730 1002 2781 primi
1025 2735 1215 2769 cantorum
1242 2730 1280 2768 in
1307 2729 1416 2768 choro
1444 2727 1740 2767 recensebuntur.

292 2783 430 2822 GoAu.
