1916 3210
341 183 437 233 778
765 181 1060 226 XYLANDRI
1093 181 1166 224 ET
1201 181 1404 227 GOAR10

452 306 490 343 p.
508 291 591 335 438
607 304 642 332 v.
665 291 728 333 18.
785 290 804 313 *
829 292 1001 329 Traiano
1017 292 1142 343 enim]
1171 292 1262 332 haec
1278 305 1398 344 neque
1415 294 1464 333 de
1481 291 1666 334 Antonino
1683 294 1799 346 accipi

342 353 496 402 possunt
520 361 640 399 neque
663 347 812 386 omnino
835 348 908 386 huc
929 349 1139 399 pertinent,
1169 349 1235 388 sed
1258 350 1308 387 ad
1332 349 1553 398 Adriannm,
1581 351 1644 401 qui
1660 350 1756 390 fictis
1775 364 1799 389 a

342 406 486 444 platina
510 403 671 454 Augusta
693 404 806 442 literis
829 403 992 443 Traiano
1015 405 1214 457 adoptatus
1237 405 1314 444 suit.
1380 410 1526 444 constat
1554 405 1626 445 hoc
1655 418 1700 447 ox
1729 406 1798 445 xi-

341 462 479 513 philino
497 460 696 511 Spartiano
718 460 870 498 zonara
887 465 1000 510 atque
1020 460 1115 499 aliis.
1171 461 1273 500 ΧΠ..

454 529 495 567 p.
527 513 613 556 439
645 528 678 554 v.
705 514 745 556 4
802 516 1105 567 Bardesanem}
1144 517 1337 568 perspicue
1366 515 1459 555 saiso
1487 516 1546 556 hie
1573 516 1796 559 nauh-mis

341 585 473 612 nomen
506 572 729 618 inculcatur,
769 572 946 621 hominis,
976 577 1016 610 ut
1041 573 1141 611 aliud
1167 573 1254 611 nihil
1281 574 1417 621 dicam,
1445 572 1560 623 Syri..
1592 572 1796 623 legetfium

341 628 455 679 opud
478 627 659 679 Phaeyges
681 628 914 666 Priscillam
932 632 1000 667 etc.
1059 630 1108 668 de
1127 629 1340 668 Bardesane
1360 630 1445 667 vide
1466 629 1600 668 Euseb.
1622 630 1697 668 fine
1713 629 1798 671 libri

342 685 460 735 quarti
481 685 604 723 histor.
624 685 761 724 Eccles.
819 686 871 724 de
895 685 1162 737 Cataphrygm
1189 686 1352 734 haeresi,
1380 685 1549 724 Montani
1570 689 1608 725 et
1627 684 1798 725 falsamm

343 746 464 779 vatum
486 741 669 779 Priscillae
692 755 735 780 ac
758 741 1000 788 Maximillae,
1030 743 1127 780 idem
1147 741 1172 781 5
1206 743 1261 785 16
1288 746 1326 781 et
1343 741 1450 783 alias.
1506 741 1609 781 ΧῊ..

453 795 508 834 ib.
540 796 673 838 v.15.
731 798 766 834 is
789 811 881 835 cum
907 798 989 835 ada
981 797 1134 849 ersus]
1158 798 1199 836 in
1225 788 1404 848 margine.
1414 798 1503 837 haec
1527 799 1694 838 stabant:
1732 795 1798 839 ἔπι

343 855 416 893 τοῦ
449 850 529 906 πρὸ
562 849 687 894 αὐτοῦ
715 849 955 896 Ἀντωνίνου
981 857 1099 896 τοῦτο
1128 852 1317 907 γενέσθαι
1344 852 1366 895 ὁ
1395 850 1627 905 σοφώτατος
1653 849 1800 907 γράφει

346 910 573 961 Θεμίστιος,
611 907 739 958 ἄλλως
767 908 811 951 δὲ
839 909 908 951 καὶ
939 925 1013 963 ουχ
1041 907 1180 958 οὕτως.
1237 910 1439 962 Apologiae
1471 911 1598 949 Iustini
1626 910 1798 962 Martyris

344 967 526 1005 secundae
553 967 743 1006 subiuncta
771 970 830 1005 est
861 980 905 1006 ea
929 967 976 1005 de
998 981 1038 1006 re
1060 968 1173 1018 ipsius
1198 964 1374 1007 Antonini
1396 966 1567 1018 epistola:
1595 967 1666 1007 sed
1687 967 1798 1006 utrius

343 1035 389 1061 ea
418 1023 486 1071 sit,
514 1023 618 1062 Piine
646 1036 694 1061 an
724 1023 955 1075 Philosophi,
990 1024 1124 1073 ambigi
1149 1026 1287 1075 potest.
1343 1036 1390 1063 ex
1416 1023 1547 1062 Orosio
1571 1025 1598 1064 7
1631 1021 1687 1064 15·
1710 1024 1798 1062 satis

341 1082 446 1130 patet
472 1080 539 1118 sub
569 1079 788 1131 Philosopho
811 1092 895 1118 eam
917 1092 993 1118 rem
1016 1085 1176 1130 gestam,
1205 1079 1365 1131 itemque
1386 1093 1432 1120 ex
1450 1079 1600 1118 Eusebii
1619 1080 1799 1118 narratio-

342 1148 428 1173 num
458 1136 605 1181 ordine,
631 1140 667 1174 et
688 1138 787 1185 quod
810 1137 957 1175 fratrem
979 1136 1133 1175 alterius
1148 1136 1323 1174 Antonini
1349 1136 1542 1185 (nimirum
1557 1134 1674 1184 Veri)
1698 1135 1798 1177 Mar-

341 1205 421 1229 cum
451 1192 506 1230 ait
534 1192 666 1231 bellum
693 1192 957 1231 Germanicum*
977 1193 1134 1242 gessisse
1158 1196 1196 1230 et
1218 1192 1440 1233 Christianis
1453 1192 1686 1243 precantibus
1703 1204 1799 1242 aqua

339 1249 516 1300 potitum,
545 1247 570 1288 5
601 1247 640 1288 5.
698 1250 767 1287 sed
788 1253 825 1287 et
845 1248 975 1287 Mento
996 1250 1099 1300 apud
1115 1248 1272 1287 eundem
1288 1248 1397 1300 paulo
1413 1253 1498 1287 ante
1513 1248 1665 1296 Adriani
1682 1260 1798 1298 nepo-

341 1309 415 1342 tem
442 1303 627 1355 appessat,
657 1301 684 1344 4
707 1306 776 1346 26.
840 1304 1045 1356 xiphilinus
1073 1317 1220 1355 quoque
1248 1308 1286 1343 et
1311 1305 1477 1344 Zonaras
1500 1317 1545 1343 ex
1568 1303 1692 1343 Dione
1715 1303 1799 1344 Phi·

339 1360 483 1411 Iosophi
505 1361 655 1414 imperio
676 1375 752 1400 rem
774 1365 936 1399 narrant.
994 1361 1103 1399 lulius
1125 1361 1213 1401 item
1235 1361 1463 1413 Capitolinus
1483 1365 1523 1399 et
1541 1360 1799 1407 Germanicum

340 1416 749 1468 Marcomannicumque
767 1417 862 1456 bella
881 1418 928 1456 ab
946 1417 1015 1456 hoc
1032 1421 1138 1468 gesta
1159 1418 1296 1456 diserte
1315 1416 1474 1464 indicat,
1505 1419 1542 1455 et
1559 1429 1644 1455 eum
1664 1415 1799 1456 fiumen

342 1477 471 1512 contra
500 1473 658 1514 hostium
689 1474 1015 1514 machinamentum
1044 1487 1250 1525 aquamque
1275 1474 1351 1514 suis
1376 1473 1439 1512 siti
1460 1473 1711 1517 laborantibus
1733 1471 1800 1512 eli-

343 1530 462 1567 cuisse
483 1530 651 1580 precibus
673 1534 862 1568 memorat.
919 1530 1025 1571 Xn.

450 1598 488 1636 p.
508 1583 591 1626 440
612 1598 647 1626 v.
663 1587 726 1626 16.
787 1586 842 1634 εἷς
863 1582 1097 1639 μετάνοιαν]
1128 1586 1329 1626 haereticus
1346 1585 1406 1627 ad
1417 1585 1728 1638 resipiscentiam
1743 1585 1798 1623 in-

342 1645 586 1692 terpretatur,
619 1642 844 1680 orthodoxus
865 1641 923 1679 ad
934 1643 1237 1692 poenitentiam.
1296 1642 1432 1682 GoAn.
1491 1671 1493 1673 .

457 1696 512 1734 ib.
534 1709 568 1736 v,
590 1698 653 1737 19.
709 1699 870 1737 narratio
897 1698 945 1737 de
971 1712 1016 1737 eo
1042 1699 1105 1750 qui
1130 1711 1241 1737 arena
1263 1698 1478 1750 baptizatus,
1496 1697 1567 1736 fuit
1586 1700 1645 1736 est
1664 1709 1710 1737 ex
1728 1695 1798 1735 Ni-

344 1753 494 1804 cephori
522 1753 595 1791 fine
620 1754 709 1792 tomi
734 1756 846 1795 tertii.
902 1755 970 1793 sed
991 1755 1082 1793 haec
1105 1755 1216 1792 verba
1238 1768 1328 1805 ergo
1350 1756 1446 1806 quia
1465 1752 1572 1792 nihil
1586 1758 1654 1796 etc.
1710 1753 1799 1803 quid

344 1811 415 1847 sibi
438 1809 570 1854 velint,
597 1811 731 1848 nescio.
759 1811 865 1850 X‘n„
922 1824 962 1849 se
981 1812 1099 1862 ipsum
1117 1811 1242 1860 itaque
1258 1823 1332 1848 non
1357 1810 1537 1862 intelligit.
1592 1809 1723 1862 planus
1742 1812 1799 1847 est

344 1870 468 1904 tamen
488 1866 679 1904 verborum
699 1880 840 1905 sensus.
897 1880 987 1918 ergo
1008 1868 1103 1917 qaia
1119 1866 1224 1903 nihil
1237 1866 1378 1904 horum
1389 1867 1480 1919 filit
1501 1878 1634 1905 arenae
1656 1865 1798 1916 baptis-

342 1935 444 1969 mus,
475 1926 516 1960 ut
547 1923 610 1974 qui
640 1924 688 1960 ad
718 1923 948 1973 figurativum
978 1924 1121 1974 Moysi,
1151 1920 1451 1974 poenitentialem
1474 1922 1644 1970 loannis,
1674 1932 1798 1959 sacra-

343 1978 536 2016 mentalem
570 1979 727 2028 Christi,
770 1981 1010 2029 sanguineum
1042 1983 1242 2029 martyrum
1276 1981 1437 2019 revocari
1469 1978 1659 2029 nequiret,
1698 1977 1799 2014 iuste

345 2048 424 2073 non
447 2041 503 2070 est
523 2042 716 2084 receptas,
746 2036 808 2086 qui
832 2040 1041 2087 susceperat
1062 2035 1158 2074 illum
1178 2035 1384 2075 Hebraeus.
1442 2035 1583 2074 GoAn.

455 2104 494 2143 p·
523 2091 606 2132 442
639 2105 674 2131 v.
701 2093 739 2131 6.
797 2093 954 2130 Severus
992 2092 1054 2143 qui
1088 2093 1135 2129 sit
1171 2092 1267 2130 idem
1297 2093 1397 2142 quod
1423 2091 1625 2142 haereticus
1650 2089 1795 2139 ignoro.

343 2148 454 2184 credo
478 2152 598 2185 autem
623 2148 712 2186 haec
735 2162 758 2186 a
781 2148 892 2186 sciolo
914 2149 1027 2187 fuisse
1049 2148 1257 2198 adscripta,
1284 2149 1346 2198 qui
1373 2149 1549 2187 Severum
1578 2145 1797 2184 haereticum

341 2206 489 2249 nosset3-
514 2204 562 2241 de
586 2218 660 2254 quo
683 2205 872 2243 Cedrenus
895 2211 1026 2256 postea
1052 2205 1149 2242 dicet
1173 2205 1215 2241 in·
1236 2204 1441 2244 Aureliano.
1470 2204 1575 2242 ΧΠ..
1631 2201 1720 2241 nihil
1739 2201 1797 2240 hic

341 2272 421 2296 cum
452 2259 640 2310 Xylandro
670 2273 694 2298 a
723 2260 832 2299 sciolo
862 2262 991 2310 quovis
1025 2260 1193 2299 existimo
1225 2266 1445 2313 corruptum.
1508 2260 1675 2301 Severus
1701 2258 1797 2296 enim

341 2315 375 2352 L
377 2316 482 2352 atinis
514 2329 594 2354 cum
624 2323 789 2362 trucem
818 2317 1012 2368 rigidam,
1042 2316 1238 2354 vindicem
1262 2322 1332 2356 etc.
1389 2320 1519 2364 sonet,
1546 2315 1684 2368 poterit
1705 2327 1798 2364 quo-

342 2384 415 2421 que
439 2384 507 2421 pro
533 2373 706 2419 exitiali,
731 2374 982 2423 pernicioso,
1015 2378 1054 2412 et
1078 2378 1120 2411 ut
1139 2373 1299 2423 loquitur
1321 2373 1521 2425 Apuleius5
1537 2371 1797 2422 peremptorio

343 2428 456 2475 sumi,
487 2441 596 2478 quem
619 2430 761 2469 Graeca
782 2443 853 2468 vox
874 2427 1071 2483 αἴρετικός
1098 2430 1164 2479 (et
1186 2430 1216 2467 Sl
1237 2430 1350 2467 mavis
1372 2424 1647 2482 ἅναιρδῐικθς)
1675 2427 1798 2466 refert·

345 2484 484 2522 GoAn.

458 2538 512 2576 ib.
538 2552 572 2577 v.
597 2541 661 2580 17.
717 2539 934 2594 κυνήγιον]
966 2548 1153 2579 venatum
1177 2542 1278 2592 apud
1302 2544 1486 2579 auctorem
1511 2538 1799 2591 interpretabere

348 2596 385 2631 in
407 2594 601 2635 Antonino.
630 2597 688 2634 hic
705 2603 743 2636 et
760 2600 926 2650 sparsim,
946 2612 1020 2636 non
1041 2603 1082 2635 ut
1100 2598 1264 2648 plerique
1285 2598 1511 2648 cynegiam,
1534 2598 1600 2635 sed
1617 2607 1798 2639 arenam,

351 2651 465 2688 locum
496 2653 679 2690 certamini
705 2667 784 2692 cum
813 2655 938 2693 bestiis
966 2654 1156 2693 subeundo
1186 2654 1264 2702 (ad
1283 2653 1541 2692 occidentalem
1561 2652 1658 2690 urbis
1678 2651 1800 2700 regio-

353 2719 434 2743 nem
455 2708 572 2745 adhuc
594 2708 703 2746 hodie
724 2708 898 2762 κυνηγός
921 2712 1052 2757 audit)
1082 2711 1317 2760 deputatum,
1348 2711 1396 2748 ad
1427 2710 1526 2759 quod
1558 2708 1639 2746 illae
1664 2708 1797 2745 ibidem

350 2763 388 2798 in
407 2764 524 2799 caveis
541 2767 579 2801 et
597 2765 710 2802 foveis
727 2767 880 2816 publicis
900 2767 1104 2816 sumptibus
1123 2765 1332 2805 alebantur.
1363 2765 1408 2806 ἐν
1426 2767 1477 2820 ᾧ,
1508 2765 1632 2804 scribit
1652 2763 1797 2809 Suidas,

350 2817 580 2870 ἐριπτοῦντο
602 2819 644 2859 οἱ
660 2817 909 2872 βιοθανατοι
919 2823 994 2860 sive
1014 2817 1309 2874 βιαιοθοένατοι.
1365 2823 1403 2861 in
1434 2835 1541 2876 quo
1543 2819 1798 2858 nominatiores
