1916 3210
307 170 407 216 782
734 166 1031 211 XYLANDRI
1057 167 1130 210 ET
1162 165 1337 210 GOARI

419 291 459 330 p.
470 277 552 320 496
568 289 604 315 v.
619 278 659 317 1.
716 275 979 328 οἰκοδομῆσαι
997 277 1049 331 τῇ
1066 271 1247 330 θεοτόκῳ
1265 272 1408 326 πόλιν]
1437 276 1522 316 hinc
1537 281 1581 317 nt
1597 277 1789 330 deiparae

311 336 432 374 dicata
469 329 668 373 Θεοτόκου
701 328 816 380 πόλις
847 333 1093 383 quandoque,
1135 333 1228 371 sicut
1269 336 1308 371 et
1347 328 1776 382 Κωνσταντννοόπολις

310 392 455 441 legitur.
510 390 564 427 ita
595 388 792 427 Menaeum
818 390 846 429 2
877 388 991 438 Maii,
1025 388 1125 426 cuius
1158 389 1407 428 anniversario
1427 389 1489 428 die
1508 390 1687 431 redeunte
1704 402 1774 443 per

308 453 425 486 totum
457 446 646 483 Orientem
674 444 904 483 celebrantur
932 446 1126 493 encaenia,
1155 457 1310 496 quorum
1336 445 1526 484 historiam
1542 470 1543 473 =
1557 445 1642 486 sesti
1671 446 1775 493 eim-

309 505 395 541 ‹lem
426 502 655 552 Synaxarion
682 501 851 551 exhibet,
892 504 929 540 et
963 501 1130 541 Zonaras
1160 506 1420 541 commemorat
1441 502 1486 540 >in
1513 500 1773 543 Constantino.

313 559 452 597 GoAn.

423 637 463 675 p.
481 621 565 665 497
584 636 620 664 v.
635 624 678 664 6.
735 636 889 662 annum
914 631 1035 676 atque
1060 626 1086 666 8
1112 623 1283 676 menses]
1311 636 1400 663 sane
1425 636 1471 664 ex
1493 623 1645 664 historia
1668 625 1792 665 huius.

309 681 395 721 belli
419 681 532 731 liquet
556 680 667 719 fuisse
689 681 912 721 diuturnum.
971 685 1063 732 quot
1081 687 1203 720 autem
1225 681 1430 720 confectum
1447 676 1632 720 mensibus
1651 681 1778 730 fuerit,

309 751 385 777 non
414 737 504 775 satis
533 740 697 788 apparet.
754 739 792 776 in
823 737 967 776 Graeco
994 738 1161 776 undecim
1184 741 1223 777 et
1244 741 1326 776 octo
1346 737 1530 776 mensibus
1549 738 1703 778 duram
1720 737 1780 777 di-

312 796 428 842 citur,
466 805 617 831 numero
642 794 730 832 satis
760 793 953 842 insolenti,
990 794 1061 832 nisi
1086 794 1181 834 forte
1210 794 1367 844 primum
1394 794 1564 834 undecim
1590 793 1778 834 mensibus

311 850 587 899 belligeratum,
616 854 654 889 et
682 854 768 902 post
795 855 905 903 rupto
934 850 1085 890 foedere
1114 850 1264 890 rebellio
1291 851 1388 890 facta
1413 854 1453 891 et
1479 842 1565 890 octo
1593 850 1779 891 mensibus

313 918 491 959 oppressa
514 906 576 944 sit.
631 905 739 946 Xn..

429 971 484 1010 ib.
507 986 545 1012 v.
564 975 605 1015 7.
660 972 864 1021 Licinnium
884 973 1030 1013 duobus
1052 987 1111 1013 nn
1135 974 1283 1027 scripsi,
1314 974 1494 1014 Graecum
1512 976 1657 1014 secutus
1676 973 1780 1014 codi-

317 1042 410 1070 cem.
466 1028 527 1068 alii
553 1028 658 1068 unico
685 1042 711 1067 n
735 1029 914 1069 Licinium
943 1031 1096 1070 habent.
1165 1032 1232 1069 sed
1268 1043 1351 1070 eam
1383 1031 1500 1082 ipsam
1535 1026 1712 1085 syllabam
1746 1029 1781 1069 ci

318 1086 494 1126 Horatius
516 1090 555 1125 et
573 1086 722 1136 longam
744 1090 782 1125 et
801 1087 946 1127 brevem
964 1088 1003 1126 in
1023 1088 1104 1126 odis
1127 1087 1268 1128 extulit.
1316 1087 1431 1145 ΧΠ..

434 1151 488 1189 ib.
516 1165 551 1192 v.
574 1154 640 1194 12.
698 1148 1011 1207 ἀποτμηθῆναι,
1039 1155 1205 1193 nimirum
1232 1151 1308 1206 τήν
1335 1149 1540 1207 κεφαλήν,
1568 1155 1600 1194 ti
1629 1153 1782 1206 quidem

319 1210 468 1249 verbum
501 1213 600 1248 recte
631 1210 762 1249 habet:
799 1223 884 1249 nam
912 1212 1068 1250 occisum
1090 1212 1203 1250 fuisse
1227 1211 1438 1263 simpliciter
1464 1211 1614 1250 tradunt
1638 1210 1781 1261 reliqui.

317 1261 513 1318 κυριακάς
541 1264 633 1304 verti
661 1266 819 1318 templa,
857 1268 1029 1319 suppleto
1053 1268 1201 1306 nomine
1228 1268 1371 1316 οἰκίας.
1427 1265 1782 1306 nostrumkirehen

317 1324 406 1362 inde
434 1334 515 1361 esse
543 1323 742 1361 deductum
774 1323 886 1362 multo
915 1328 974 1362 est
1001 1324 1223 1375 probabilius
1254 1338 1363 1375 quam
1390 1325 1439 1363 ab
1468 1323 1634 1363 ecclesia.
1675 1320 1780 1362 Xn..

316 1379 480 1428 intellige
510 1377 660 1427 οἰκίας,
689 1392 713 1417 a
735 1378 880 1418 Latinis
906 1379 1107 1418 dominica
1131 1384 1298 1428 vocatas;
1326 1374 1613 1434 quae'uvomuoi
1633 1389 1783 1432 quoque

317 1437 356 1474 in
377 1440 508 1474 neutro
528 1436 743 1474 scribuntur.
802 1436 940 1474 GoAn.

433 1500 487 1538 ib.
518 1513 552 1540 v.
580 1502 646 1542 18.
703 1501 974 1555 ἐθεματίσθη]
1004 1501 1112 1555 θέμα
1136 1504 1235 1541 iuxta
1260 1504 1516 1542 modernorum
1537 1516 1642 1542 usum
1661 1503 1783 1556 expli-

319 1563 443 1597 camus
472 1556 682 1608 legionem,
706 1560 975 1608 provinc-iam,
1003 1559 1250 1608 aedfficium,
1271 1560 1520 1610 positionem.
1581 1559 1664 1598 hinc
1686 1572 1783 1611 qno-

322 1627 395 1665 que
419 1614 603 1652 stellarum
626 1616 821 1653 errantium
843 1618 936 1654 sicut
957 1621 995 1654 et
1015 1617 1167 1654 fixarum
1189 1617 1279 1653 ordo
1292 1644 1304 1664 ,
1335 1616 1514 1654 caelorum
1536 1616 1652 1664 situs,
1682 1617 1784 1655 side-

320 1683 399 1708 rum
424 1671 654 1721 mansiones,
679 1675 722 1709 ut
747 1673 870 1721 aiunt,
902 1677 941 1711 et
961 1674 1159 1711 eorundem
1181 1672 1228 1710 ad
1247 1685 1330 1710 sese
1346 1675 1532 1723 respectus
1550 1669 1679 1723 θὲμα,
1707 1671 1785 1709 Ζο-

321 1739 434 1765 narae
463 1723 658 1778 θεμάτων
688 1733 961 1778 nuncupantur,
992 1730 1091 1778 quod
1119 1728 1179 1766 alii
1209 1729 1295 1765 trito
1321 1740 1489 1766 sermone
1511 1732 1645 1767 vocant
1666 1727 1784 1766 horo-

322 1784 527 1832 scopium5
567 1784 665 1821 cuius
703 1784 734 1820 si
773 1784 839 1822 tibi
873 1785 1029 1836 figuram
1064 1785 1329 1836 composueris,
1369 1784 1596 1838 θεματίζειν
1625 1784 1785 1824 cedreni

324 1840 438 1879 verbo
460 1840 606 1879 diceris,
664 1840 803 1880 GoAR.

441 1905 496 1943 ib.
519 1918 553 1943 v.
574 1908 643 1947 20.
701 1907 914 1944 indictione
937 1906 1076 1958 tertia]
1107 1908 1208 1958 quod
1235 1910 1273 1946 in
1300 1908 1426 1946 codice
1450 1919 1533 1946 meo
1561 1910 1648 1947 ante
1672 1902 1707 1959 γ’
1733 1907 1784 1945 si·-

327 1975 441 2013 gnum
472 1966 552 2010 est,
602 1976 647 2001 eo
675 1964 781 2013 signo
810 1964 931 2002 notari
961 1965 1195 2003 indictionem
1233 1960 1520 2018 (ἐπινέμησιν)
1558 1963 1785 2016 deprehendi

327 2031 373 2058 ex
399 2019 591 2057 Iustiniani
615 2032 711 2058 anno
740 2021 953 2069 undecimo,
982 2021 1045 2058 ubi
1072 2021 1196 2071 agitur
1225 2022 1273 2059 de
1304 2021 1427 2070 magni
1452 2019 1580 2072 templi
1605 2020 1786 2058 instanra-

328 2077 453 2125 tione,
482 2079 520 2114 et
547 2075 713 2114 Zonaras
733 2077 925 2128 perspicue
943 2078 1175 2115 indictionem
1196 2089 1264 2128 pro
1285 2077 1354 2114 hoc
1373 2077 1479 2127 signo
1498 2076 1624 2115 habet.
1681 2075 1784 2126 quod

331 2136 371 2170 et
404 2132 484 2169 aliis
515 2131 604 2169 locis
638 2133 846 2171 observabit
878 2137 1038 2172 attentus
1068 2133 1192 2172 lector.
1249 2145 1358 2185 porro
1391 2135 1515 2171 autem
1549 2132 1600 2171 ad
1635 2133 1786 2171 verbum

331 2189 454 2226 omnia
471 2187 636 2237 reddidi,
666 2201 715 2227 ne
734 2190 815 2239 quis
831 2190 1044 2228 temeritatis
1063 2203 1122 2228 me
1140 2195 1336 2228 accusaret.
1393 2189 1494 2242 apud
1510 2189 1694 2227 Zonaram
1715 2192 1785 2237 est,

329 2256 446 2282 annos
467 2244 550 2284 696
572 2244 781 2283 duraturam
795 2245 939 2297 Cpolim
956 2246 1180 2297 praedixisse
1191 2246 1405 2295 Valentem,
1431 2246 1544 2296 idque
1562 2257 1607 2284 ex
1623 2245 1787 2283 themate

332 2313 397 2338 seu
423 2301 547 2351 positu
577 2301 735 2339 siderum
763 2302 802 2339 in
832 2304 943 2340 natali
971 2303 1071 2340 urbis
1090 2316 1174 2341 eum
1192 2302 1383 2344 iudicasse.
1440 2301 1523 2340 binc
1542 2301 1654 2341 verba
1672 2301 1787 2339 nostri

329 2360 440 2408 potes
469 2355 681 2406 intelligere.
740 2359 841 2408 quod
865 2360 913 2397 de
935 2364 1052 2398 morte
1076 2360 1197 2410 Crispi
1218 2359 1368 2407 dicitur,
1395 2358 1530 2397 menda
1548 2370 1625 2396 non
1641 2357 1788 2396 videtur

330 2424 472 2451 vacare.
530 2417 673 2450 constat
696 2427 741 2452 ex
760 2415 939 2453 historicis
959 2428 1041 2454 eum
1065 2414 1154 2453 falso
1174 2428 1196 2452 a
1214 2427 1371 2453 noverca
1388 2415 1528 2453 Fausta
1541 2413 1701 2452 delatam
1715 2413 1787 2451 cri-

332 2469 449 2517 mine,
486 2469 590 2519 quasi
617 2470 827 2520 pudicitiam
855 2472 931 2510 eius
959 2475 1157 2520 tentasset,
1186 2471 1304 2522 capite
1329 2472 1538 2509 damnatum
1567 2470 1698 2516 fuisse.
1749 2472 1788 2506 et

334 2524 425 2574 quid
445 2525 514 2562 sibi
535 2524 622 2563 velit
641 2530 858 2577 στεφθεῖσα
878 2523 935 2567 δι’
956 2523 1163 2576 ὀπτασίας,
1192 2540 1266 2565 non
1289 2529 1377 2565 satis
1395 2526 1522 2578 liquet.
1577 2526 1662 2564 vide
1677 2523 1787 2563 Nice-

335 2580 439 2630 phor.
458 2581 484 2620 8
509 2581 578 2620 29.
635 2586 674 2620 et
702 2584 802 2632 quod
828 2585 980 2622 obscure
1001 2597 1044 2623 ac
1063 2584 1207 2622 concise
1227 2588 1352 2622 noster
1369 2584 1418 2622 de
1435 2582 1613 2621 Armeniis
1629 2585 1667 2621 et
1680 2581 1788 2620 Teri-

336 2637 424 2673 date
447 2637 580 2683 refert,
604 2637 785 2688 intelliges
809 2652 853 2678 ex
875 2641 1006 2679 eodem
1027 2654 1060 2680 c.
1079 2640 1149 2682 35.
1207 2641 1255 2678 de
1281 2640 1403 2678 Persis
1428 2639 1527 2678 idem
1546 2637 1685 2689 prolixe
1703 2650 1798 2689 cap.·

336 2693 523 2742 sequenti,
552 2693 614 2730 ubi
635 2693 865 2734 Usthazanes
886 2697 1016 2734 dicitur
1037 2697 1100 2746 qui
1120 2700 1245 2734 nostro
1272 2691 1476 2744 Οὕθαξοῖδ.
1532 2694 1636 2734 Xu.
1701 2707 1704 2711 ·

447 2761 485 2798 p·
507 2746 587 2788 498
609 2761 643 2788 v.
665 2749 706 2791 5.
763 2754 836 2790 τοῦ
858 2747 1191 2805 ἀρχιστρατήγου]
1222 2752 1410 2801 Xylander
1439 2751 1644 2802 copiarum
1665 2762 1788 2800 prae-

327 2802 433 2853 ficti
447 2804 566 2843 vertit.
623 2806 805 2857 quarum?
860 2809 993 2847 rectius
1013 2809 1180 2848 dixisset:
1211 2807 1387 2846 caelestis
1405 2805 1787 2858 militiaeprinczpis,
