1890 3236
305 219 404 269 248
631 253 634 258 -
781 217 1019 264 GEORGII
1048 218 1294 264 GEDRENI

254 342 286 379 D
309 334 444 386 ἔταξε,
479 336 680 386 σκοπῆσαι
701 332 745 374 δ’
768 331 892 383 αὐτὸς
907 332 1088 388 περὶτοῦ
1107 327 1345 389 πράγματος
1360 331 1640 389 ἐπηγγείλατο·
1673 334 1766 390 μετ’

304 403 354 446 οὗ
378 401 480 444 πολὺ
502 401 547 443 δὲ
567 400 668 456 πρὸς
685 400 759 455 τὴν
780 397 904 458 φύσιν
923 399 1157 443 ἐπανελθὼν
1180 398 1310 456 ἐξάγει
1333 417 1375 443 τε
1400 405 1584 458 φρουρᾶς
1612 403 1695 447 καὶ
1712 405 1768 455 εἰς

305 471 404 525 ὄψιν
432 468 520 525 ἄγει
549 467 619 510 τὸν
650 466 762 520 υἱόν,
808 469 876 511 καὶ
904 469 977 524 τὴν
1008 468 1207 522 πένθιμον
1236 468 1393 524 ἀμείβει
1422 467 1592 524 στολήν,
1624 471 1765 517 καὶτὸ

303 537 487 594 περιττὸν
523 540 596 591 τῆς
635 536 676 579 ἓν
713 540 763 594 τῇ
796 535 902 595 λύπῃ
932 538 1154 594 τραφείσης
1181 535 1311 593 κόμης
1341 543 1562 595 περιαιρεῒ,
1595 539 1663 582 καὶ
1690 538 1766 595 τὴν

302 605 502 664 προτέραν
520 609 592 659 τῆς
608 606 816 659 βασιλείας
835 605 955 661 τιμὴν
978 605 1240 649 ἀποδίδωσιν.
1426 628 1428 630 ’
1719 638 1721 642 -
1773 614 1798 652 ⁵

444 672 505 722 Οὐ
537 674 640 715 πολὺ
670 673 716 716 τὸ
748 675 790 716 ἓν
814 675 925 732 με’σῳ
937 705 951 726 ,
985 675 1052 716 καὶ
1076 674 1285 731 διαρροίας
1306 670 1414 733 νόσῳ
1437 670 1669 726 ἁλίσκεται,
1697 675 1766 718 καὶ
1791 692 1794 695 ·

302 741 406 785 κατὰ
426 741 570 798 μικρὸν
591 745 642 799 τῇ
662 740 829 800 τοιαύτῃ
850 740 1031 798 τηκεδόνι
1050 743 1379 800 κατεμαραίνετο.
1447 743 1608 794 διαθεὶς
1635 742 1678 785 δ’
1710 740 1767 794 ὥς

303 809 429 853 ἐδόκει
457 810 507 852 τὰ
539 813 613 864 τῆς
641 812 870 864 βασιλείας,
909 812 977 853 καὶ
997 811 1068 853 τὸν
1089 809 1340 869 κληρονόμον
1362 811 1430 853 καὶ
1451 809 1640 865 διάδοχον
1658 809 1766 867 γνώ-

302 896 422 937 ριμον
441 876 730 933 ποιησάμενος,
759 878 830 923 τὸν
848 881 939 934 βίον
957 880 1145 931 ἀπέλιπε,
1172 876 1500 934 συμβασιλεύσας
1517 879 1592 934 μὲν
1609 883 1669 938 τῷ
1685 878 1764 936 πρὸ

302 948 429 990 αὐτοῦ
446 947 622 1001 Μιχαὴλ
637 946 786 1005 χρόνον
803 949 885 999 ἵνα,
911 946 1072 1004 ἑτέρους
1090 949 1134 991 δὲ
1155 948 1265 991 ε’ννέα
1286 949 1353 990 καὶ
1373 947 1470 990 δέκα
1483 946 1821 1004 χρόνους.περὶ·10

299 1017 374 1070 τὴν
398 1013 679 1072 αὐτοκράτορα
698 1020 770 1071 τῆς
787 1018 996 1071 βασιλείας
1016 1016 1247 1072 διαπρέψας
1262 1014 1404 1074 ἀρχήν.
1473 1017 1700 1070 διαδέχεται
1718 1016 1766 1060 δὲ

298 1083 373 1138 τὴν
399 1083 496 1139 ὅλην
517 1088 590 1139 τῆς
616 1086 799 1137 ἔξουσίας
824 1085 953 1143 ἀρχὴν
974 1085 1101 1127 Λέων
1128 1082 1150 1127 ὅ
1179 1085 1286 1128 καθ’
1317 1082 1476 1141 ἡλικίαν
1501 1089 1665 1142 πρῶτος.
1683 1088 1766 1128 τῶν

299 1151 517 1210 περιόντων
536 1153 653 1196 υἱῶνι
671 1155 686 1188 ε’

156 1218 189 1254 P
211 1218 280 1256 593
435 1221 563 1264 Λέων
584 1222 627 1264 δὲ
650 1224 730 1263 τῶν
751 1218 856 1263 ὅλων
874 1218 1086 1276 γενόμενος
1105 1218 1268 1277 κύριος,
1300 1223 1382 1263 τῶν
1400 1215 1534 1262 ἄλλων
1555 1222 1636 1263 τῶν
1656 1236 1764 1275 συμ-

299 1290 561 1345 βαλλομένων
585 1294 643 1349 up
669 1287 930 1343 πολιτεύματι
958 1289 1072 1345 ὀλίγα
1099 1288 1128 1344 ἢ
1155 1289 1201 1330 τὸ
1232 1287 1426 1346 παράπαν
1448 1287 1506 1343 μὴ
1530 1289 1763 1346 φροντίσας,
1775 1296 1819 1333 15

298 1363 358 1416 τῷ
377 1362 504 1416 θυμῷ
521 1359 566 1401 δὲ
584 1356 805 1416 σφαδάζων
826 1359 893 1400 καὶ
910 1357 984 1413 τὴν
1003 1358 1116 1414 παρὰ
1134 1361 1206 1400 τοῦ
1228 1359 1549 1413 Σανδαβαρηνοῦ
1569 1356 1664 1401 κατ’
1686 1357 1766 1400 αὖ-

299 1431 374 1470 τοῦ
394 1431 600 1470 συστᾶσαν
619 1427 842 1483 σκευωρίαν
861 1426 1028 1469 ἔναυλον
1047 1425 1147 1481 ἔχων
1155 1457 1169 1478 ,
1205 1425 1332 1477 εὐθὺς
1353 1427 1618 1480 διαναστῆναι
1632 1424 1764 1483 ἔκρινε

300 1495 404 1550 πρὸς
431 1495 653 1551 ἓκδίκησιν,
680 1492 1115 1552 προκαταστησάμενος
1143 1493 1426 1551 εὖλογοφανεῖς
1455 1495 1607 1546 αἰτίας,
1637 1491 1693 1545 ὥς
1714 1493 1764 1537 ἂν

301 1563 428 1614 δόξειε
448 1564 498 1607 τὰ
521 1562 775 1620 πραττόμενα
794 1563 887 1619 μετ’
914 1562 1076 1620 εὐλόγου
1097 1560 1351 1619 πράττεσθαι
1372 1561 1564 1619 ἀφορμῆς
1572 1593 1585 1614 ,
1619 1567 1685 1605 καὶ
1710 1562 1763 1607 τὰ

300 1630 475 1686 ἐμπόδια
505 1633 548 1674 ἐκ
579 1632 705 1686 με’σου
733 1629 938 1689 περιελών.
1007 1631 1125 1681 εἰδὼς
1147 1630 1226 1687 γὰρ
1252 1629 1307 1681 ὡς
1335 1630 1408 1672 οὐκ
1433 1629 1484 1672 ἄν
1506 1648 1544 1673 τι
1567 1632 1819 1687 δυνηθείηξῦ

300 1704 460 1756 φαῦλον
501 1701 759 1751 ἐνδείξασθαι
794 1700 899 1744 κατὰ
935 1704 1008 1743 τοῦ
1032 1701 1356 1755 Σανδαβαρηνοῦ
1389 1699 1550 1741 Φωτίου
1583 1698 1654 1742 τὸν
1682 1716 1765 1742 πα-

299 1768 532 1825 τριαρχικὸν
563 1768 774 1819 ῖθύνοντος
803 1768 983 1826 θρόνον,
1018 1794 1071 1801 —·
1103 1766 1410 1824 προστήσεσθαι
1433 1766 1510 1824 γὰρ
1529 1767 1655 1811 αὐτοῦ
1674 1783 1764 1823 γεν-

299 1828 505 1894 ναιότερον
533 1839 601 1879 καὶ
630 1836 929 1892 ἀντιλήψεσθαι
957 1835 1209 1888 ὗπετόπασε,
1243 1838 1310 1879 καὶ
1331 1836 1390 1891 μὴ
1411 1839 1670 1893 συγχωρῆσαι
1690 1852 1764 1879 τυ-

389 1977 433 2014 21
459 1976 626 2022 φλαῦρον
649 1976 681 2011 C

298 2099 417 2135 mittit.
474 2112 518 2136 ac
549 2112 619 2137 non
651 2111 775 2147 magno
809 2104 891 2147 post
921 2101 1090 2148 temporis
1117 2100 1304 2136 intervallo
1334 2099 1379 2135 ad
1409 2102 1567 2135 naturam
1597 2109 1763 2135 reversus

297 2146 450 2181 Leonem
474 2159 616 2182 carcere
638 2149 798 2183 eductum
820 2148 858 2182 in
881 2152 1102 2193 conspectum
1125 2158 1222 2182 suum
1245 2145 1410 2192 admittit,
1430 2151 1566 2181 vestem
1582 2144 1764 2190 lugubrem

298 2192 423 2236 demit,
459 2204 577 2229 comae
597 2194 793 2239 superflua,
825 2205 915 2238 quae
937 2205 1002 2240 per
1023 2193 1152 2229 luctum
1175 2197 1384 2238 creverant,
1408 2192 1542 2227 auferri
1562 2190 1683 2238 iubet,
1705 2191 1764 2227 ‹li-

299 2239 537 2284 gnitatemque
558 2239 720 2275 Caesaris
745 2239 925 2286 pristinam
948 2239 1078 2274 reddit.

390 2285 494 2320 Haud
522 2285 628 2320 multo
659 2291 740 2331 post
761 2286 913 2321 Basilius
936 2285 974 2321 in
996 2285 1068 2320 alvi
1090 2284 1298 2331 profluvium
1329 2282 1474 2325 incidit3
1506 2292 1619 2328 eoque
1642 2282 1762 2317 morbo

298 2330 463 2374 paulatim
497 2333 767 2376 contabescens,
802 2344 877 2366 cum
907 2343 966 2366 res
998 2330 1139 2376 imperii
1168 2342 1234 2376 pro
1266 2342 1329 2365 suo
1353 2329 1500 2364 arbitrio
1522 2327 1765 2364 constituisset

300 2375 531 2422 heredemque
553 2382 589 2412 et
611 2389 846 2412 successorem
865 2388 964 2412 suum
987 2377 1212 2421 declarasset,
1234 2376 1326 2411 diem
1344 2375 1434 2410 obit.
1478 2374 1668 2419 imperavit
1686 2386 1763 2410 cum

297 2421 471 2457 Michaelo
503 2434 628 2458 annum
662 2434 789 2467 unum,
823 2423 918 2459 solus
947 2422 1223 2467 unumdeviginti
1249 2433 1359 2456 annos
1380 2421 1561 2466 imperium
1582 2420 1764 2467 praeclare

298 2468 420 2511 gessit.
468 2469 638 2503 successit
660 2469 694 2503 ei
716 2470 811 2515 Leo,
838 2470 988 2504 filiorum
1009 2468 1235 2515 superstitum
1259 2467 1427 2502 maximus
1446 2469 1545 2503 natu.

391 2513 464 2548 Leo
498 2525 628 2549 summa
658 2526 773 2550 rerum
804 2516 848 2551 ad
880 2527 919 2550 se
949 2515 1133 2558 devoluta,
1167 2514 1269 2549 initio
1293 2519 1486 2548 ceterorum
1507 2521 1597 2556 quae
1619 2509 1665 2545 ad
1688 2521 1762 2545 rem

299 2558 472 2602 publicam
508 2560 730 2604 pertinebant
760 2567 822 2596 aut
855 2560 1015 2606 exiguam
1050 2565 1111 2595 aut
1141 2559 1268 2594 nullam
1291 2571 1406 2594 curam
1427 2557 1555 2604 gessit,
1588 2557 1650 2591 sed
1677 2568 1762 2602 prae

299 2603 355 2638 ira
386 2604 596 2641 tumultuans
626 2607 841 2652 insidiasque
872 2607 909 2642 in
939 2619 979 2642 se
1011 2605 1252 2645 Sandabareni
1284 2604 1419 2639 recenti
1449 2601 1630 2656 memoria·
1647 2602 1762 2636 animo

301 2651 491 2685 obversans
514 2653 631 2687 statim
656 2653 698 2687 ad
722 2653 912 2697 exigendas
936 2653 980 2688 de
1001 2664 1045 2687 eo
1065 2662 1198 2698 poenas
1221 2663 1261 2685 se
1283 2650 1454 2693 accinxit,
1478 2659 1599 2683 causas
1619 2659 1658 2681 in
1677 2659 1762 2693 spe—

302 2694 389 2729 ciem
414 2695 575 2731 honestas
600 2710 641 2732 ac
663 2699 862 2743 probabiles
894 2702 1121 2745 praetexens,
1157 2702 1196 2732 ut
1229 2708 1320 2742 quae
1353 2696 1544 2740 agebantur
1566 2693 1682 2728 omnia
1704 2705 1763 2728 ra-

300 2740 397 2774 tione
420 2747 519 2776 recta
540 2742 619 2777 fieri
644 2750 871 2788 putarentur,
908 2749 945 2778 et
975 2744 1223 2789 impedimenta
1251 2741 1432 2776 amoliens.
1478 2739 1590 2786 primo
1615 2739 1764 2774 omnium

301 2785 346 2820 de
377 2787 613 2823 submovendo
648 2789 774 2824 Photio
806 2789 1007 2834 patriarcha
1039 2789 1247 2834 cogitatum,
1292 2788 1385 2832 quod
1425 2786 1492 2821 hoc
1524 2785 1763 2831 pontificatum

301 2843 399 2866 suum
424 2834 603 2869 obtinente
625 2835 772 2870 sentiret
793 2835 1043 2870 Sandabareno
1065 2847 1105 2869 se
1126 2834 1215 2868 male
1237 2833 1354 2867 facere
1377 2843 1448 2866 non
1469 2843 1596 2877 posse,
1619 2842 1720 2877 quem
1739 2842 1762 2866 a

299 2877 426 2913 Photio
452 2879 582 2915 acriter
603 2880 782 2916 defensum
800 2886 836 2916 et
855 2886 978 2916 contra
997 2880 1067 2915 vim
1087 2884 1339 2926 propugnatum
1361 2878 1409 2913 iri
1428 2882 1587 2913 noverat.
1634 2876 1763 2912 etenim
