1890 3236
327 202 424 250 390
801 200 1040 247 GEORGII
1073 201 1312 248 GEDRENI

324 317 398 366 τὰς
421 308 588 373 χεῗρας)
601 327 614 339 ·
649 312 704 366 ὦς
725 307 769 357 δ’
793 308 1001 371 ἀνηνύτοις
1017 314 1115 373 ἴγνω
1133 316 1342 375 ἐπιχειρῶν
1375 316 1679 378 (ἐθρασῦνοντο
1698 320 1778 380 γὰρ

323 388 477 440 μᾶλλον
502 382 530 438 ἢ
556 384 792 437 ἐχαυνοῦντο
822 389 912 434 ταῖς
936 386 1164 442 πρεσβείαις
1186 386 1225 428 οἱ
1245 385 1524 443 ἀποστάται),
1557 386 1674 446 ἴργού
1695 388 1778 445 ἤδη

182 457 210 491 Ρ
233 458 301 493 670
315 451 525 496 ἅπτεσθαι
556 450 706 506 ἔκρινε,
741 453 807 495 καὶ
836 452 909 496 τὸν
939 454 1111 510 στρατὸν
1138 452 1302 512 ἀγείρας
1320 453 1439 512 ἀπῄει
1455 455 1558 514 πρὸς
1577 456 1777 512 chrilha-

279 1070 305 1103 13

322 519 502 576 σάρειαν.
570 517 667 576 ὅπερ
695 518 733 562 οἳ
763 519 838 563 σὺν
861 525 918 580 τῷ
944 523 1072 582 Φωκᾷ
1090 522 1326 579 ἐγνωκότες,
1359 525 1426 567 καὶ
1450 523 1496 567 τὸ
1521 523 1588 567 ἐπ’
1610 522 1779 582 ἀδήλοις

323 589 474 632 ἐλπίσιν
496 588 682 642 ὀχεῖσθαι
705 586 892 641 ἐάσαντες
911 591 978 632 καὶ
998 590 1050 634 τὰ
1071 591 1113 633 ἐν
1129 593 1245 650 χερσὶ
1266 590 1583 649 προτιμήσαντες
1593 624 1609 646 ,
1640 591 1811 645 ‘'tdc'ssxfi

324 661 397 699 τοῦ
423 656 622 710 βασιλέως
649 655 863 713 διδομένας
883 658 1020 710 αῧτοΐς
1042 661 1198 717 δωρεὰς
1218 658 1425 716 δεξάμενοι
1443 659 1586 712 νυκτὸς
1603 661 1792 718 braym>

324 726 446 780 μένης
478 726 748 780 αῧτομολοῢσι
782 727 890 784 πρὸς.
913 727 984 770 τὸν
1009 727 1216 786 Σκληρόν,
1255 733 1414 787 πρῶτος
1440 730 1514 784 μὲν
1536 728 1559 772 ὃ
1586 729 1783 787 Διογένης

321 791 607 851 Ἀδράλεστος,
637 791 720 837 εἶτα
747 797 816 838 καὶ
847 794 868 838 ὃ
893 795 1094 851 Ἀμπελᾶς
1122 799 1189 840 καὶ
1214 797 1252 840 οἳ
1274 802 1346 841 τοῦ
1372 796 1604 842 Θεοδούλου
1624 801 1782 851 παῖδες,

327 862 365 903 οἳ
395 862 463 904 καὶ
481 860 537 905 τὸ
563 866 643 905 πᾶν
665 866 739 917 τῆς
761 863 1009 916 ἀποστασίας
1027 864 1447 924 προκαταρτύσαντες,
1482 868 1551 910 καὶ
1572 868 1716 924 ἐφεξῆς
1733 867 1781 911 τὸ

328 930 465 973 λοιπὸν
493 928 602 974 ἅπαν
626 935 810 987 πλῆθος,
838 930 894 983 ὡς
921 931 1046 989 μόνον
1073 932 1231 993 ἀθρόον
1254 935 1357 990 μετὰ
1382 939 1463 979 τῶν
1483 933 1632 979 ἑαυτοῦ
1651 935 1784 995 3¹34)oe-
1794 941 1839 978 10

327 996 482 1041 πόντων
509 1003 818 1056 περιλειφθῆναι
847 1001 917 1044 τὸν
949 1005 1112 1047 Φωκᾶν.
1179 1001 1311 1059 πάσης
1343 1004 1388 1047 δὲ
1411 1006 1610 1060 βοηθείας
1635 1003 1785 1063 ἕρημος

332 1061 449 1117 οὗτος
466 1067 741 1126 ἀπολειφθείς,
770 1070 836 1111 καὶ
855 1069 947 1129 ἀνία
961 1072 1204 1124 βαπτισθεὶς
1222 1073 1288 1114 καὶ
1308 1070 1414 1130 λύπῃ
1432 1072 1537 1116 κατὰ
1554 1077 1634 1116 τῶν
1649 1090 1784 1132 παρα-

329 1134 595 1190 κινησάντων,
630 1134 715 1180 εἶτα
737 1136 1074 1194 προδεδωκότων,
1108 1141 1336 1197 κατηνέχθη
1354 1140 1456 1199 πρὸς
1472 1139 1597 1184 ὕπνον
1612 1139 1692 1199 ἤδη
1713 1158 1785 1184 νυ-

325 1204 423 1253 κτὸς
444 1204 674 1260 ἐπιστάσης.
742 1205 875 1257 ἔδοξεν
894 1202 964 1249 οὗν
981 1205 1197 1251 ὑπνώττων
1219 1209 1454 1265 ἀγανακτεῖν
1473 1211 1540 1252 καὶ
1563 1207 1698 1253 ἀλύειν
1710 1211 1784 1252 ’καὶ

330 1275 420 1329 περὶ
440 1277 520 1315 τῶν
543 1272 819 1328 ἀδικησάντων
837 1275 1094 1330 διαλέγεσθαι
1111 1280 1170 1335 τῷ
1189 1281 1298 1334 θεῷ,
1326 1275 1523 1321 ι(δίκασον
1540 1272 1683 1335 κῦριε”
1719 1277 1786 1321 λέ-
1796 1285 1839 1322 15

330 1356 410 1395 γων
437 1339 563 1391 ί(τοὺς
595 1341 831 1394 ἀδικοῦντάς
861 1345 959 1398 με.”
1031 1346 1073 1387 ἐν
1105 1339 1138 1402 ᾧ
1166 1346 1209 1388 δὲ
1238 1345 1374 1400 ἐζιιελλε
1395 1346 1445 1389 τὰ
1469 1343 1644 1401 ἑπόμενα
1666 1348 1786 1390 εἰπεῖν

331 1413 403 1451 τοῦ
436 1413 628 1464 ψαλμοῦ,
661 1410 809 1465 ἤκουσε
842 1416 980 1469 φωνῆς
1009 1411 1199 1468 λεγούσης
1227 1414 1284 1469 μὴ
1312 1415 1533 1472 περαιτέρω
1563 1418 1786 1472 προβῆναι·

332 1475 491 1535 ἔφθασε
510 1478 589 1535 γὰρ
610 1477 631 1521 ὃ
650 1479 832 1537 Σκληρός
849 1481 1132 1539 προειληφέναι
1154 1482 1199 1524 τὸ
1221 1483 1421 1525 ἐπίλοιπον
1438 1487 1509 1538 τῆς
1525 1483 1647 1541 ᾠδῆς.
1694 1485 1788 1526 δια-

331 1546 483 1595 ναστὰς
512 1542 583 1589 οὗν
611 1546 858 1605 σύντρομος,
887 1547 942 1599 ὥς
968 1548 1064 1605 ἔγνω
1094 1548 1226 1605 πάσης
1253 1552 1412 1601 ἐλπίδος
1437 1549 1698 1606 ὥλισθηκώς,
1733 1549 1788 1601 ὥς

285 1623 314 1656 C
339 1611 438 1667 εἶχεν
453 1613 767 1670 ἐξιππασάμενος
784 1617 886 1670 μετὰ
905 1622 985 1660 τῶν
1003 1619 1091 1676 περὶ
1110 1618 1230 1661 αὐτὸν
1249 1619 1350 1673 πρὸς
1367 1619 1412 1661 τὸ
1433 1618 1628 1677 φρούριον
1645 1619 1784 1676 ἔφευγε
1795 1630 1843 1666 20

333 1683 404 1724 τὸν
428 1682 669 1740 Τυροποιόν.
710 1686 958 1740 γνωσθέντος
978 1687 1021 1729 δὲ
1041 1691 1112 1729 τοῦ
1134 1689 1321 1743 δρασμοῦ
1339 1692 1395 1746 τῷ
1412 1689 1620 1746 μαγίστρῳ
1640 1686 1788 1748 Βάρδα

335 1754 393 1807 τῷ
414 1754 587 1809 Σκληρῷ
597 1784 609 1803 ,
644 1752 775 1803 ἱππεῖς
792 1753 1075 1797 ἀπεστέλλοντο
1099 1754 1258 1807 εὔζωνοι
1276 1760 1554 1811 καταταχῆσαι
1574 1757 1641 1798 καὶ
1661 1774 1788 1799 κατα-

337 1823 474 1872 λαβεῖν
496 1820 619 1862 αὐτὸν
642 1821 718 1878 πρὸ
739 1826 813 1864 τοῦ
833 1824 889 1872 εἷς
909 1822 955 1866 τὸ
978 1822 1174 1882 φρούριον
1196 1826 1413 1867 εἷσελθεῖν·
1447 1826 1588 1875 οἵτινες
1610 1823 1788 1885 συντᾷνῳ

425 1939 448 1973 9
464 1939 817 1985 προκαταρτίσαντες
830 1942 861 1975 C
926 1943 969 1978 10
985 1938 1137 1987 ἀθρόως
1152 1943 1183 1977 C
1242 1941 1289 1978 20
1303 1941 1386 1988 περὶ
1401 1941 1443 1979 τὸ
1462 1955 1525 1989 φρ.
1541 1943 1570 1979 P
1631 1940 1743 1988 ἔφυγε
1757 1944 1789 1979 C

339 2039 428 2075 vidit
449 2041 605 2087 (quippe
628 2042 788 2078 seditiosi
811 2043 935 2089 legatis
958 2043 1085 2079 auditis
1108 2043 1226 2090 potius
1248 2045 1484 2080 efferabantur
1505 2057 1606 2091 quam
1629 2049 1670 2081 ut
1690 2046 1792 2092 quic-

336 2097 438 2131 qnam
471 2089 744 2133 concederent),
781 2102 854 2124 rem
886 2102 1009 2134 gerere
1038 2091 1207 2135 intendit,
1242 2091 1454 2136 collectoque
1478 2092 1634 2126 exercitu
1658 2091 1791 2126 Caesa-

336 2144 428 2167 ream
455 2134 571 2178 petiit.
618 2139 655 2169 at
677 2135 765 2169 socii
786 2135 926 2170 Phocae
949 2148 990 2170 eo
1014 2136 1174 2180 cognito,
1204 2149 1284 2182 spes
1307 2137 1458 2172 incertas
1479 2138 1705 2184 repudiantes
1727 2138 1791 2172 iis-

338 2190 407 2223 que
430 2178 466 2212 in
489 2185 650 2226 promptu
675 2182 743 2215 sita
766 2183 1021 2226 praeferentes,
1053 2182 1207 2228 acceptis
1236 2194 1326 2228 quae
1356 2184 1400 2216 ab
1426 2182 1638 2229 imperatore
1663 2183 1793 2218 offere-

338 2225 701 2270 bantur-muneribus,
725 2233 826 2262 noete
848 2228 943 2262 facta
967 2229 1011 2262 ad
1034 2229 1177 2263 Bardam
1193 2230 1476 2274 transfugerunt,
1497 2229 1628 2275 primus
1643 2229 1793 2264 omnium

338 2270 512 2315 Diogenes
536 2271 758 2318 Adralestus,
791 2274 917 2308 deinde
938 2278 975 2308 et
996 2274 1156 2328 Ampelas
1179 2279 1215 2309 et
1237 2273 1412 2309 Theoduli
1434 2274 1516 2319 filii,
1548 2274 1610 2320 qui
1631 2279 1792 2310 auctores

338 2316 445 2350 totius
476 2318 683 2353 desectionis
714 2320 872 2363 fuerant3
906 2324 976 2355 tum
1008 2319 1142 2365 rehqua
1174 2321 1283 2355 omnis
1317 2320 1516 2364 multitudo,
1547 2320 1599 2355 ita
1627 2325 1668 2356 ut
1697 2321 1792 2355 solus

339 2373 415 2396 cum
447 2363 519 2397 suis
547 2364 682 2398 famulis
705 2365 840 2401 Phocas
865 2366 1042 2400 manserit.
1089 2371 1194 2410 atque
1227 2367 1284 2400 hic
1315 2366 1408 2401 omni
1436 2366 1622 2401 destitutus
1648 2365 1792 2410 auxilio,

340 2407 550 2451 aegritudini
574 2410 680 2444 animi
702 2415 808 2456 atque
828 2412 1060 2456 indignationi
1088 2413 1255 2447 adversus
1278 2423 1338 2447 eos
1364 2412 1425 2457 qui
1448 2423 1524 2447 eum
1547 2412 1645 2458 prius
1667 2412 1711 2447 ad
1733 2423 1793 2446 re·
1834 2419 1838 2422 ”

340 2454 522 2488 bellionem
553 2455 741 2491 incitarant
774 2462 878 2502 atque
911 2464 981 2492 tum
1015 2457 1240 2503 prodiderant
1268 2458 1470 2502 immersus,
1508 2462 1611 2492 nocte
1638 2457 1705 2491 iam
1735 2457 1792 2491 in-

340 2506 488 2542 gruente
520 2501 656 2546 sopitus
690 2507 756 2537 est.
804 2515 868 2548 per
891 2515 1042 2538 somnum
1065 2503 1270 2548 imaginatus
1292 2509 1347 2539 est
1368 2503 1528 2549 quiritari
1549 2515 1589 2538 se
1611 2503 1795 2548 animoque

342 2545 442 2588 angi,
467 2552 506 2581 et
525 2547 570 2581 de
591 2547 636 2581 iis
659 2548 720 2592 qui
741 2548 869 2584 iniuria
885 2549 997 2594 ipsum
1015 2550 1220 2593 affecerant,
1245 2549 1297 2584 sic
1311 2551 1377 2584 deo
1393 2548 1559 2594 conqueri
1573 2547 1795 2594 (Psalm.34)

341 2585 518 2635 “domine‚
550 2592 718 2628 ulciscere
739 2606 816 2640 eos,
850 2596 910 2640 qui
931 2607 985 2629 me
1007 2592 1252 2630 infestarunt.”
1297 2605 1441 2640 cumque
1470 2594 1640 2639 reliquum
1670 2593 1794 2640 psalmi

345 2635 473 2670 addere
497 2638 626 2683 vellet,
659 2651 780 2675 vocem
803 2641 924 2675 audire
947 2653 1036 2687 quae
1060 2642 1224 2686 progredi
1244 2646 1403 2685 vetaret,
1433 2640 1527 2685 quod
1549 2640 1683 2675 diceret
1707 2639 1792 2675 reli-

343 2692 445 2724 quam
467 2684 627 2718 carminis
652 2691 784 2730 partem
807 2687 875 2721 iam
899 2698 976 2721 esse
999 2698 1020 2721 a
1037 2688 1154 2722 Barda
1171 2691 1399 2731 anteceptam.
1446 2686 1601 2720 surrexit
1617 2697 1700 2732 ergo
1718 2690 1795 2720 tre-

344 2728 553 2772 mebundus,
586 2730 747 2775 omnique
780 2744 820 2766 se
851 2744 914 2778 spe
946 2733 1117 2767 excidisse
1147 2733 1291 2776 videns,
1318 2737 1358 2765 ut
1379 2733 1454 2766 e'rat
1475 2731 1684 2776 instructus,
1716 2741 1792 2766 cum

344 2771 416 2805 suis
438 2784 546 2817 equos
566 2777 787 2821 conscendit,
811 2779 964 2823 fugaque
984 2778 1158 2813 castellum
1178 2778 1400 2822 Tyropoeum
1419 2777 1536 2822 petiit.
1580 2777 1715 2812 Bardas
1732 2775 1794 2811 ubi

344 2818 387 2851 de
410 2819 492 2862 fuga
517 2819 592 2853 eius
614 2822 745 2857 certior
766 2829 822 2858 est
844 2825 976 2868 factus,
1011 2824 1193 2870 expeditos
1224 2823 1360 2868 equites
1392 2822 1517 2867 mittit,
1551 2823 1613 2870 qui
1634 2822 1793 2875 celeriter

344 2863 375 2897 oi
406 2871 588 2899 occurrant
625 2871 660 2900 et
693 2873 875 2914 antequam
910 2869 1086 2904 castellum
1117 2869 1224 2904 intret
1253 2868 1558 2914 comprehendant.
1619 2868 1647 2904 ii
1676 2867 1793 2904 citans
