1916 3210
687 179 1137 227 ANNOTATIONES.
1549 178 1656 227 873:

181 294 295 336 etiam
318 292 373 334 ita
394 293 528 334 mortui
555 292 697 334 solvere
720 292 929 344 nequirent.
987 292 1056 332 sed
1078 289 1252 330 Basilium
1273 288 1348 329 hoc
1360 300 1437 328 non
1454 289 1652 342 invenisse,

182 364 246 393 ex·
261 350 454 391 Iustiniani
491 351 644 390 historia
673 351 806 401 liquet.
862 362 912 388 ne
944 361 990 388 eo
1023 349 1174 400 quidem
1205 348 1381 388 lectorem
1412 347 1651 398 defraudabo,

181 407 286 461 quod
312 408 490 447 adscribit
515 420 620 456 mox,
649 407 711 445 ubi
741 407 1003 476 deprecatores
1032 405 1216 458 pontificis
1248 404 1431 456 repulsam
1462 407 1563 475 passi
1595 407 1654 444 di-

181 469 325 506 cuntur.
383 460 476 505 ἄλλ’
505 462 530 505 ὅ
548 460 651 516 ἐμὸς
681 459 869 516 βασιλευς
895 457 1088 510 Ἰσαακιος
1107 460 1133 503 o‘
1153 459 1316 516 ἅγγελος
1335 458 1508 513 μηδενὸς
1526 477 1658 516 παρα-

180 519 421 569 καλέσαντος
444 517 571 562 πολλα
594 523 676 561 τῶν
699 517 938 575 παραλόγων
959 520 1100 574 βαρῶν
1119 520 1194 572 τῆς
1213 517 1416 572 Ῥωμαίων
1437 520 1514 572 γῆς
1535 519 1659 569 ἐξετί-

179 579 315 628 ναξεν.
371 579 472 620 Xn..

293 650 322 686 t.
342 645 378 686 11
405 642 447 699 p.
461 643 546 689 459
566 647 688 687 v.13.
745 642 859 697 Δὲμα
890 643 1002 682 turris
1034 640 1079 684 ἓν
1105 637 1342 698 κλεισοῦρᾳ,
1371 642 1410 681 in
1438 642 1552 681 clusa
1580 644 1661 684 sive

182 716 298 741 muro
325 703 425 743 inter
452 703 546 742 duos
574 706 717 742 montes
745 714 898 755 asperos
924 704 1071 751 erecto,
1098 701 1148 740 ad
1170 712 1281 752 quam
1301 700 1423 738 aditus
1443 700 1501 740 hic
1518 703 1661 754 passim

181 760 315 800 dicitur
330 759 521 800 κλειδίον.
575 760 707 799 (ὶοΑΒ.

181 884 220 924 G
294 831 322 868 t.
338 827 375 868 ΙΙ
400 842 439 882 p.
456 827 542 872 462
562 840 596 868 v.
615 825 681 869 14.
739 824 918 882 χρυσίοις
943 819 1172 879 γράμμασι]
1200 824 1241 864 id
1272 827 1331 866 est
1359 822 1657 884 χρυσοβούλλῳ.

222 895 322 992 ⁰5²¹:
341 951 378 1001 ΙΙ
404 965 444 1005 p.
463 949 549 994 464
571 963 605 990 v,
625 953 668 994 6.
726 949 784 999 εἰς
822 948 1054 1004 Χαζαρίαν]
1098 963 1225 991 versus
1257 948 1398 990 Alanos
1429 955 1468 992 et
1498 939 1657 994 Tanaim‘

180 1009 301 1050 sitam.
358 1009 495 1048 Gom.

295 1075 352 1114 ib.
377 1089 413 1116 v.
433 1079 475 1119 9.
533 1077 606 1130 qui
621 1075 776 1114 Basilii
789 1077 888 1128 imp.
912 1074 1106 1126 sororem]
1135 1075 1175 1114 in
1205 1075 1351 1116 Graeco
1377 1081 1436 1117 est
1462 1073 1656 1130 οἷδελφοῦ,

181 1134 286 1186 quod
305 1134 396 1173 mire
411 1134 585 1173 obscurat
601 1133 735 1174 locum.
777 1147 849 1185 ego
865 1134 914 1173 ad
932 1133 1122 1180 historiam
1142 1133 1342 1186 respiciens
1359 1134 1475 1174 lucem
1495 1137 1656 1174 adhibui.

179 1191 346 1242 loquitur
375 1191 425 1230 de
457 1191 669 1230 Bladimero
700 1192 858 1231 Rossico
889 1190 1077 1243 principe,
1116 1190 1200 1241 qui,
1236 1194 1281 1229 ut
1317 1192 1509 1231 Cedrenus
1544 1206 1659 1246 supra

181 1248 368 1298 ostendit,
395 1247 522 1287 Basilii
542 1248 773 1301 imperatoris
793 1261 956 1287 sororem
976 1259 1125 1286 uxorem
1143 1247 1281 1288 habuit.
1338 1250 1436 1289 er..

296 1319 324 1356 t.
341 1315 378 1355 ll
405 1329 442 1368 p.
461 1315 544 1359 466
567 1329 601 1358 v,
623 1319 688 1358 12.
746 1315 911 1369 βεζεῖτε]
942 1316 982 1354 id
1011 1314 1178 1355 vocabuli
1204 1316 1315 1355 credo
1345 1316 1571 1367 significare,
1599 1317 1662 1356 su-

181 1373 274 1424 gite.
331 1373 434 1425 quod
457 1374 750 1413 circumstantiae
775 1376 936 1424 arguunt
963 1371 1152 1423 aliquanto
1179 1373 1358 1424 superius.
1387 1375 1480 1412 Xan.
1538 1375 1661 1414 verbis

181 1429 347 1480 Latinis,
373 1429 433 1470 vel
453 1431 575 1482 potius
593 1430 717 1478 Italis,
733 1429 877 1483 sugite
898 1443 921 1467 ο
953 1430 1117 1476 Caesar,
1140 1430 1441 1482 pronuntiatione
1462 1430 1565 1470 Italis
1587 1432 1663 1471 eis-

181 1487 270 1528 dem
291 1487 454 1540 propria.
510 1487 646 1529 GoAn.

294 1548 322 1584 t.
339 1545 376 1582 Π
402 1557 439 1596 p.
460 1542 544 1587 468
563 1556 597 1583 v·
616 1545 656 1584 9.
717 1556 821 1596 quae
842 1542 938 1581 urbs
960 1543 1106 1595 caput]
1137 1543 1251 1582 verba
1275 1543 1426 1583 minime
1449 1543 1661 1594 cohaerent,

182 1604 222 1642 et
246 1601 306 1640 vix
333 1601 463 1640 dubito
491 1601 581 1652 quin
607 1601 708 1640 locus
735 1601 785 1639 sit
812 1601 973 1640 mutilus.
1032 1599 1134 1652 quod
1157 1602 1206 1639 de
1229 1600 1321 1639 urbe
1341 1601 1447 1648 dicit,
1482 1613 1565 1640 eam
1589 1614 1662 1652 ego

182 1659 447 1710 Strumpitzam
473 1658 588 1697 fuisse
615 1658 780 1697 coniicio.
838 1657 981 1696 Ionium
1008 1661 1133 1696 autem
1158 1660 1250 1709 puto
1278 1670 1411 1696 vocare
1430 1670 1511 1696 eam
1536 1659 1661 1708 regio-

180 1728 268 1754 nem
287 1727 383 1766 quae
401 1713 587 1753 Adriatico
603 1715 809 1754 immineret
824 1715 939 1780 mari,
967 1714 1015 1753 ob
1034 1714 1273 1752 vicinitatem.
1304 1715 1400 1752 Xn..
1457 1714 1571 1753 verba
1592 1715 1662 1752 mi-

181 1772 282 1811 nime
300 1771 515 1820 cohaerent,
542 1773 662 1823 inquit
683 1770 886 1823 Xylander.
929 1772 1004 1810 imo
1021 1784 1096 1810 non
1117 1771 1289 1809 cohaeret
1305 1771 1488 1822 interpres
1507 1773 1661 1810 auctori.

181 1842 252 1881 pos
235 1833 270 1866 st
298 1828 390 1867 haec
417 1827 543 1878 itaque
562 1829 675 1868 verba
695 1824 813 1876 πόλις
831 1825 876 1868 δὲ
893 1823 1030 1880 Ἀχρίς
1049 1828 1259 1866 subiiciatur
1277 1828 1530 1880 parenthesis,
1559 1829 1660 1867 cuius

181 1890 284 1924 meta
310 1886 359 1923 sit
383 1885 422 1922 iu
445 1884 502 1922 his
524 1885 603 1923 aliis
622 1883 714 1937 περὶ
732 1900 775 1925 το
796 1882 990 1925 Εἰλισσόν
1009 1882 1053 1925 τὸ
1073 1880 1296 1951 φρούριονε
1321 1885 1411 1923 nihil
1434 1889 1524 1923 tunc
1547 1886 1660 1923 muti-

182 1941 257 1981 lum
275 1946 341 1980 aut
358 1941 551 1980 obscurum
570 1945 700 1980 exstat.
757 1937 874 1988 πόλις
898 1938 941 1981 δὲ
963 1936 1090 1995 ’Λχρὶς
1111 1936 1356 1994 μητρόπολίς
1380 1940 1461 1982 ἐστι
1481 1944 1556 1993 τῆς
1575 1957 1660 1982 πα-

182 2010 257 2051 σης
283 1998 545 2051 Βουλγαρίας.
601 1999 682 2050 ipsa
717 2003 776 2037 est
805 1998 1096 2037 nominatissima
1121 1998 1181 2036 illa
1205 1998 1404 2036 Iustiniana
1424 1998 1566 2050 prima,
1595 1998 1659 2037 lu—

184 2056 332 2095 stiniani
360 2055 500 2108 patria,
539 2067 614 2106 qua
641 2054 896 2094 ecclesiasticis
924 2067 999 2105 qua
1025 2055 1180 2106 politicis
1211 2067 1322 2106 supra
1346 2055 1521 2106 plurimas
1546 2055 1657 2094 urbes

183 2117 322 2152 evecta.
380 2113 430 2151 de
464 2125 538 2163 qua
570 2111 760 2162 Gregoras
790 2112 814 2150 l.
842 2114 883 2152 2.
938 2112 1018 2163 ipse
1043 2111 1263 2150 Iustinianus
1287 2110 1444 2151 Novella
1467 2115 1516 2162 2,
1547 2112 1660 2151 Cuia-

183 2170 262 2209 cius
280 2169 329 2208 ad
349 2181 454 2217 eum,
479 2172 519 2208 et
535 2168 750 2221 Geographi
769 2181 910 2207 omnes.
969 2169 1102 2207 GoAn.

296 2230 325 2267 t.
346 2225 380 2264 ll
405 2239 445 2278 p.
463 2223 546 2267 475
566 2238 600 2264 v,
621 2229 687 2268 13.
746 2221 933 2281 στεφάνῳ
953 2223 1111 2279 χρυσῷ]
1139 2236 1273 2262 corona
1290 2223 1382 2264 haec
1397 2224 1660 2278 τροπαιουχία

183 2285 241 2322 est
258 2282 414 2332 Codini,
443 2283 563 2322 iudice
579 2283 735 2322 Coresio
753 2283 923 2334 Chiensi‚
954 2282 1255 2335 triumphantium
1274 2282 1534 2334 imperatorum
1552 2295 1664 2321 orna-

182 2345 359 2380 mentum.
419 2339 553 2377 GoAn.

297 2401 323 2437 t.
343 2395 377 2434 ΙΙ
405 2409 445 2448 p.
467 2393 551 2438 476
575 2408 609 2434 v.
629 2398 668 2437 2.
726 2410 886 2449 πρωτος
918 2390 976 2435 ὧν
1005 2409 1088 2435 των
1116 2392 1394 2448 πρεσβυτέρων
1417 2396 1489 2435 τοῦ
1510 2393 1555 2436 ἒν
1576 2398 1662 2444 τοῖς

183 2452 401 2506 βασιλείοις
424 2452 554 2503 ναοῦ]
585 2465 694 2503 quem
726 2454 891 2504 superius
922 2456 1052 2491 auctor
1078 2454 1355 2506 πρωτοπαπᾶν
1374 2467 1444 2492 του
1465 2453 1661 2494 παλατίου

182 2511 349 2557 vocavit;
378 2511 427 2549 de
444 2523 518 2561 quo
538 2510 611 2548 iam
631 2510 795 2548 abunde.
854 2510 989 2547 Goan.

296 2571 325 2606 t.
348 2567 382 2604 11
409 2580 448 2618 p.
476 2565 559 2609 477
586 2580 621 2605 v,
648 2570 686 2609 3.
742 2561 975 2620 Ἀβασγίας]
1006 2566 1216 2620 provinciae
1241 2564 1436 2616 Scythicae
1461 2564 1660 2617 Asiaticae,

182 2623 323 2663 vicinae
346 2623 523 2665 Iberibus.
578 2624 714 2662 GoAn.

296 2678 351 2716 ib.
375 2692 410 2718 v.
429 2680 469 2723 5.
525 2688 570 2718 at
594 2682 642 2732 2]
673 2681 781 2719 deest
802 2680 941 2729 aliquid
962 2683 1049 2719 ante
1067 2679 1160 2719 haec
1177 2680 1313 2730 verba,
1340 2692 1475 2730 nempe
1494 2678 1657 2730 Xiphiae

183 2737 346 2786 mentio,
379 2737 444 2787 qui
476 2749 517 2775 se
550 2739 687 2776 socium
714 2737 976 2790 perduellionis
1003 2737 1149 2776 Phocae
1172 2737 1292 2784 dedit;
1332 2737 1434 2787 quod
1465 2737 1657 2787 sequentia

183 2794 330 2832 docent.
388 2793 552 2845 alioquin
581 2794 623 2835 οἱ
649 2793 693 2836 δέ
725 2799 762 2835 et
790 2799 914 2835 cetera
940 2794 1096 2848 pluralia
1120 2794 1170 2834 ad
1199 2807 1311 2833 unum
1339 2794 1501 2833 Phocam
1527 2793 1656 2834 referri

183 2862 259 2889 non
277 2855 444 2903 possunt.
502 2852 596 2892 Xu.
