1890 3236
301 187 401 237 240
775 185 1014 231 GEORGII
1040 185 1284 232 013an

248 315 279 351 Β
301 303 370 347 τὸν
394 305 467 344 τοῦ
492 296 699 357 μάρτυρος
723 297 909 341 Ἀκακίου
930 298 973 341 ἓν
991 303 1048 357 τῷ
1065 297 1330 360 Ἔπτασκᾶλῳ
1350 306 1503 346 πτῶσιν
1520 300 1760 349 ’ἀπειλοῦντα

299 366 561 417 ἐπισκευάσας
593 371 664 409 τοῦ
697 364 914 421 πτώματος
939 365 1110 424 ἥρπασε.
1178 371 1470 426 παραπλησίως
1497 372 1566 414 καὶ·
1589 372 1665 416 τὸν
1684 377 1761 417 τοῦ

296 436 507 494 προφήτου
534 435 680 477 Ἠλίου
709 434 812 477 κατὰ
843 434 889 478 τὸ
917 437 1093 493 Πετρίον
1113 435 1357 492 ἀνεκτήσατο
1383 441 1590 496 λαμπρῶς.
1657 431 1759 496 ἄνῆ-’-

297 522 401 562 γειρε
433 505 478 546 δὲ
506 505 573 546 καὶ
604 503 647 545 ἐκ
676 506 815 557 καινῆς
845 503 886 546 ἓν
912 510 1001 554 ταῖς
1029 507 1249 557 βασιλείοις
1278 505 1420 557 αὗλαῒς
1447 508 1503 557 εἲς
1527 505 1657 560 ὄνομα
1674 512 1761 552 ’τοῦ

301 570 496 616 δεσπότου
517 575 699 628 σωτῆρος
718 573 906 628 Χριστοῦ
927 574 992 615 καὶ
1014 577 1087 615 τοῦ
1106 572 1269 628 πρώτου
1288 578 1369 617 τῶν
1391 574 1566 631 ἀγγέλων
1586 573 1794 631 Μιχαὴλ-5

301 643 367 683 καὶ
386 640 529 682 Ἠλίου
551 644 623 682 τοῦ
646 639 873 696 προφήτου.
940 640 997 684 ξ’τι
1021 641 1065 683 δὲ
1086 643 1152 683 καὶ
1175 646 1248 697 τῆς
1269 641 1525 700 θεομήτορος
1543 643 1612 685 καὶ
1633 646 1765 687 Naxo-a
1794 694 1797 697 v

301 707 401 751 λάου
420 713 492 751 τοῦ
512 707 764 764 περιωνύμου
782 709 824 750 ἕν
844 706 1049 766 ἶεράρχαις
1064 709 1133 752 τὸν
1152 714 1371 766 περικαλλῆ
1391 712 1548 754 τουτονὶ
1565 708 1685 764 ναόν,
1715 710 1781 754 ὃν

301 778 394 820 νέαν
428 777 637 831 ἐκκλησίαν
665 774 1026 831 κατονομάζουσιν,
1062 779 1119 828 εἷς
1153 778 1387 834 εὐπρέπειαν
1417 781 1484 822 καὶ
1512 777 1661 830 κάλλος
1694 781 1762 823 καὶ

303 843 529 902 ὡραιότητα
555 846 697 899 μηδενὶ
725 842 846 903 ἑτέρῳ
868 843 1100 901 ὑπερβολὴν
1119 845 1146 901 ἢ
1167 846 1374 904 σύγκρισιν
1395 846 1761 902 καταλιμπάνοντα,

249 921 280 955 C
304 913 529 971 προσόδους
562 930 604 955 τε
637 912 774 968 ἔταξεν
802 913 942 964 ἱκανὰς
970 914 1027 964 εἴς
1055 931 1098 957 τε
1127 917 1394 972 φωταγωγιάν
1422 918 1490 958 καὶ
1511 917 1653 972 χρείαν
1680 921 1760 959 τῶν
1774 919 1818 954 10

305 980 636 1037 δοξολογούντων.
704 983 772 1023 καὶ
800 983 843 1024 τί
865 983 931 1024 δεῖ
952 981 1148 1033 διεξιόντα
1179 984 1241 1025 ε’πὶ
1269 985 1389 1027 πλέον
1413 983 1627 1039 μηκύνειν;
1661 985 1757 1027 αὐτὶ

302 1051 349 1094 τὸ
373 1050 488 1107 ἔργον
504 1055 587 1100 τοῖς
603 1050 824 1103 θεωμένοις
841 1051 1056 1107 παρίστησι
1076 1051 1149 1106 τὴν
1167 1052 1315 1094 οἰκείαν
1331 1052 1530 1107 καλλονὴν
1547 1054 1614 1094 καὶ
1635 1056 1765 1095 πολυ-

301 1119 469 1161 τέλειαν.
537 1120 603 1160 καὶ
625 1117 776 1169 ἄλλους
796 1119 840 1161 δὲ
857 1119 1031 1170 πολλοίς
1047 1121 1186 1170 θείους
1201 1120 1324 1171 ναοὺς
1345 1121 1457 1170 ἓντὸς
1474 1124 1547 1163 τοῦ
1565 1121 1763 1163 παλατίου

301 1186 554 1241 ἓὸομήσατο,
601 1189 657 1237 εἷς
686 1186 817 1241 ὄνομα
841 1186 986 1229 Ἠλίου
1015 1192 1088 1231 τοῦ
1115 1186 1328 1245 προφήτου
1362 1190 1428 1230 καὶ
1458 1193 1531 1231 τοῦ
1556 1187 1765 1245 μάρτυρος

302 1254 538 1310 Κλήμεντος
565 1257 631 1297 καὶ
659 1260 732 1298 τοῦ
763 1260 944 1311 σωτῆρος
964 1258 1150 1312 Χριστοῦ
1171 1258 1238 1298 καὶ
1257 1260 1331 1299 τοῦ
1350 1255 1577 1300 ἀποστόλου
1598 1257 1762 1315 Πέτρου
1776 1264 1819 1301 15

301 1325 369 1366 καὶ
392 1328 465 1366 τοῦ
487 1322 829 1380 ἀρχιστρατήγου,
865 1319 920 1366 ὧν
937 1324 1010 1380 τὴν
1029 1322 1258 1382 ὡραιότητα
1277 1323 1623 1383 παραστήσασθαι
1643 1340 1765 1380 ποιη-

300 1392 391 1447 τικὴ
417 1391 468 1434 ἂν
487 1390 655 1446 ’ἢτόνησε
679 1394 964 1449 μεγαληγορία.

436 1460 585 1502 Πολλὰ
614 1459 658 1502 δὲ
685 1460 759 1502 κάν
783 1468 867 1511 τοῖς
889 1461 1110 1514 βασιλείοις
1134 1459 1369 1515 ἀνέστησεν,
1404 1457 1460 1511 ὥς
1485 1458 1536 1502 ἄν
1560 1476 1623 1511 τις
1647 1457 1766 1510 εἷ’ποι,

299 1529 515 1582 βασιλείων
531 1530 718 1582 βασίλεια
730 1542 742 1553 ·
770 1534 899 1572 ταῦτα
921 1531 965 1572 δὲ
982 1530 1254 1585 ἀριθμεῖσθαι
1271 1529 1344 1571 οὐκ
1364 1528 1594 1584 ἀναγκαῖον.
1650 1526 1766 1584 ἔργον

245 1602 278 1638 D
303 1598 347 1639 δὲ
371 1595 516 1639 τούτου
538 1601 610 1638 τοῦ
631 1597 832 1650 βασιλέως
850 1599 917 1640 καὶ
941 1597 962 1640 ὅ
988 1596 1198 1654 λεγόμενος
1215 1595 1323 1647 οἶκος
1341 1598 1392 1640 τὰ
1412 1596 1621 1652 ΖΠάγγανα
1649 1597 1716 1638 καὶ
1739 1592 1820 1640 ὅ20

305 1666 438 1721 ἕτερος
468 1663 490 1707 ὅ
517 1665 605 1716 νέος
631 1664 899 1720 καλούμενος·
931 1664 1001 1716 οὓς
1021 1666 1100 1708 ἀπὸ
1122 1665 1310 1720 τοιαύτης
1331 1663 1596 1708 κατεσκεύασε
1617 1680 1764 1721 προαι-

307 1734 464 1791 ρέσεως.
530 1733 588 1788 μὴ
618 1732 863 1788 βουλόμενος
888 1733 967 1791 γὰρ
999 1735 1050 1776 τὰ
1083 1733 1260 1789 δημόσια
1287 1723 1508 1790 πράγματα
1536 1735 1592 1783 εἲς
1619 1732 1767 1782 οῗκείας

307 1801 610 1844 καταναλίσκειν
633 1803 775 1859 χρείας
802 1803 898 1853 τοὺς
927 1802 1135 1853 τοιούτους
1163 1801 1471 1860 ἀνῳκοδόμησεν
1500 1801 1656 1851 οἴκους,
1698 1801 1788 1842 καὶ,

307 1869 535 1928 προσόδους
562 1870 603 1912 ἐκ
631 1873 824 1927 γεωργίας
849 1871 1042 1922 ἀπέταξεν
1068 1871 1205 1921 αὐτοῖς
1231 1868 1392 1923 ἱκανάς,
1428 1869 1505 1928 ἀφ’
1528 1863 1584 1921 ὧν
1602 1866 1628 1925 ἦ
1643 1872 1768 1923 βασι-

398 1999 420 2036 5
444 1999 608 2045 σωτῆρος
630 2012 684 2036 om
709 2000 740 2035 C
877 2001 921 2037 19
944 1998 1125 2048 βασιλέων
1143 1999 1174 2036 C

309 2127 376 2162 que
407 2113 571 2158 martyris
606 2114 725 2149 aedem
755 2114 791 2149 in
813 2114 1026 2160 Heptascalo
1057 2113 1345 2160 (Septigradium
1367 2112 1572 2156 verteres),
1606 2114 1642 2147 et
1664 2111 1770 2147 Eliae

307 2162 399 2196 vatis
423 2162 539 2195 fanum
563 2161 599 2194 in
622 2160 740 2196 Petrio
764 2161 946 2206 splendide
964 2161 1130 2196 restituit.
1178 2160 1388 2201 instauravit
1411 2166 1447 2194 et
1468 2159 1596 2203 templa
1614 2158 1770 2203 palatina

307 2208 484 2242 servatori
509 2207 670 2251 Christo,
704 2206 875 2241 Michaelo
909 2206 1109 2252 angelorum
1142 2206 1295 2253 principi
1318 2212 1354 2240 et
1375 2205 1479 2240 Eliae
1505 2203 1580 2239 vati
1609 2204 1770 2239 dedicata

308 2259 345 2287 et
367 2253 556 2299 deiparam
593 2263 635 2286 ac
658 2252 798 2287 Nicolai
820 2253 913 2288 inter
937 2265 1101 2299 proceres
1125 2252 1382 2287 ecclesiasticos
1406 2248 1645 2294 celeberrimi,
1675 2249 1770 2295 quod

307 2311 430 2333 novam
454 2299 632 2333 nominant
653 2298 854 2343 ecclesiam,
887 2298 1118 2344 insuperabili
1142 2297 1399 2344 pulchritudine
1422 2295 1623 2339 exornavit,
1645 2294 1771 2330 rediti-

306 2346 370 2379 bus
405 2345 448 2379 ad
481 2344 640 2378 lucernas
672 2349 709 2378 et
742 2345 970 2380 necessitates
995 2356 1111 2379 eorum
1140 2344 1200 2389 qui
1227 2344 1348 2378 laudes
1371 2343 1508 2377 divinas
1533 2340 1773 2388 persolverent

307 2391 566 2425 sufficientibus
591 2390 747 2425 ditatam.
795 2391 840 2425 de
863 2403 932 2436 qua
952 2390 1037 2436 quid
1060 2390 1185 2425 attinet
1208 2390 1342 2435 prolixe
1366 2399 1526 2431 narrare,
1561 2398 1637 2421 cum
1659 2387 1772 2432 ipsum

309 2448 396 2481 opus
433 2436 722 2482 pulchritudinem
753 2448 848 2471 suam
882 2443 918 2471 et
947 2442 1141 2481 sumptuum
1172 2437 1209 2470 in
1239 2436 1275 2470 id
1305 2435 1536 2481 impensorum
1560 2433 1774 2467 demonstret

309 2482 607 2526 magnitudinem?
655 2482 763 2516 multa
785 2482 853 2517 alia
877 2483 980 2517 etiam
1004 2482 1149 2516 delubra
1167 2481 1203 2515 in
1226 2481 1355 2528 palatio
1377 2479 1550 2522 condidit,
1571 2479 1617 2514 de
1635 2477 1772 2512 nomine

311 2527 414 2561 Eliae
437 2528 550 2571 vatis,
586 2528 777 2563 Clementis
801 2529 984 2574 martyris,
1011 2529 1093 2562 Iesu
1116 2527 1330 2571 servatoris,
1354 2526 1454 2560 Pauli
1477 2523 1646 2569 apostoli,
1673 2523 1773 2568 prin-

311 2573 400 2619 cipis
421 2573 633 2608 exercituum
651 2574 864 2619 caelestium,
892 2586 1037 2620 quorum
1060 2573 1098 2607 in
1121 2573 1328 2608 declaranda
1347 2575 1532 2607 venustate
1554 2568 1612 2604 vel
1634 2569 1774 2616 poetica¹

311 2620 479 2653 deficeret
500 2620 805 2664 magniloquentia.
1437 2616 1447 2621 ”

407 2664 518 2698 Multa
552 2666 654 2699 etiam
678 2666 714 2699 in
739 2666 873 2700 Palatio
896 2677 960 2711 pro
985 2664 1253 2711 imperatoribus
1277 2675 1362 2698 vere
1384 2661 1484 2705 regia
1505 2660 1667 2696 aedificia
1688 2671 1774 2694 con-

317 2710 428 2752 didit3
463 2722 551 2754 quae
585 2712 699 2745 omnia
731 2723 932 2746 enumerare
955 2712 1040 2746 nihil
1064 2711 1201 2746 attinet.
1248 2721 1334 2755 opus
1359 2707 1483 2744 Basilii
1507 2712 1561 2741 est
1582 2707 1687 2741 etiam
1708 2707 1774 2740 do-

316 2767 390 2790 mus
428 2767 517 2801 quae
555 2757 804 2800 Manganorum
842 2769 966 2791 nomen
1005 2758 1117 2802 gerit,
1157 2761 1192 2791 et
1225 2756 1294 2789 alia
1327 2766 1417 2799 quae
1441 2754 1544 2787 Nova
1567 2751 1773 2797 appellatur.

318 2803 400 2846 has,
425 2809 463 2836 ut
485 2802 546 2846 qui
570 2803 675 2836 nollet
699 2803 855 2847 publicos
876 2802 1011 2836 reditus
1033 2802 1070 2836 in
1091 2813 1173 2836 usus
1191 2801 1347 2847 privatos
1371 2805 1528 2842 vertere,
1552 2797 1775 2839 aedificavit3

319 2853 354 2884 et
375 2848 509 2884 reditus
533 2847 584 2883 eis
609 2860 653 2883 ex
675 2848 905 2894 agriculturae
928 2847 1167 2884 emolumentis
1189 2845 1371 2883 coustituit
1392 2844 1565 2890 idoneos„
1591 2843 1683 2878 unde
1706 2842 1773 2876 im-
