1890 3236
268 142 367 190 376
741 138 978 185 GEORGII
1004 138 1249 195 CEDRENI

270 273 351 312 ρεις
372 257 428 306 εἷς
447 253 516 297 τὸν
534 255 608 296 τοῦ
623 251 822 308 βασιλέως
840 249 1091 303 εἰσελθόντες
1105 254 1301 304 κοιτῶνα,
1333 251 1417 296 ἐπεὶ
1434 251 1497 309 μὴ
1509 247 1632 312 ὦρον
1648 251 1726 298 αὖ·

268 325 338 367 τὸν
370 324 411 365 ἐν
437 326 489 379 τῇ
516 319 686 374 συνήθει
712 322 847 378 κλίνῃ,
883 324 1132 377 φωραθῆναι
1157 317 1451 375 ὕπονοήσαντες
1473 323 1726 379 famosam

271 390 439 440 ἑαυτοὺς
455 387 795 445 κατεκρήμνισαν,
829 389 864 431 εἶ
878 386 937 443 μή
953 405 1034 431 που
1053 386 1272 446 ἀνδράριόν
1286 405 1325 431 τι
1342 393 1423 432 τῶν
1439 389 1483 432 ἔκ
1497 393 1726 446 τῇςᾼευκι-

270 460 474 507 κωνίτιδος
493 455 702 513 εὑρηκότες
720 455 794 499 ὑπ’
819 456 945 499 αὐτοῦ
965 455 1217 512 ὃδηγοῢνται.
1262 458 1330 500 καὶ
1347 455 1727 512 καταλαμβάνουσα

271 526 393 569 αὐτὸν
409 525 475 567 ἐπ’
495 523 675 582 ἐδάφους
690 515 866 578 κείμενον
882 526 950 567 καὶ
967 525 1181 582 στρωμνὴν
1197 524 1340 580 ἔχοντα
1356 529 1475 569 πῖλον
1490 529 1760 584 nummii-⁷·

272 595 340 637 καὶ
367 593 518 650 ἄρκτου
545 593 698 649 δέρμα,
730 591 829 650 ὅπερ
860 594 998 654 λαβὼν]
1025 588 1076 648 ἦν
1105 594 1217 650 παρὰ
1247 593 1421 649 Μιχαὴλ
1449 597 1737 649 μοναχοῦτοῦ
1761 649 1764 652 y

273 664 487 706 Μαλείνου
495 692 510 714 ,
543 663 616 704 τοῦ
640 662 755 704 θείου
777 661 917 704 αὐτοῦ.
983 666 1126 704 τοῦτον
1145 661 1237 719 ἄρτι
1256 662 1358 719 πρὸς
1375 661 1500 706 ὕπνον
1516 661 1732 719 τραπέντα,

273 733 341 773 καὶ
369 731 570 786 μηδαμῶς
599 728 892 785 ἕπαισθόμενον
923 734 996 782 τῆς
1023 730 1200 788 ἀφίξεως
1233 735 1314 774 τῶν
1348 728 1576 785 μελλόντων
1608 729 1733 775 αὗτὸν

276 799 453 856 ἀναιρεῖν
461 829 475 850 ,
505 796 527 841 ὃ
560 799 782 853 Τζιμισκῆς
810 802 866 856 τῷ
897 800 992 840 ποδὶ
1014 797 1136 849 νύξας
1160 796 1376 850 ἔξύπνισεν.
1444 799 1734 850 ἔξυπνισθέντα

226 877 256 910 D
281 868 324 910 δὲ
345 868 414 909 καὶ
432 870 504 922 τῆς
526 867 660 918 δεξιᾶς
673 867 812 923 χειρὸς
829 866 899 909 τὸν
918 867 1077 922 ἀγκῶνα
1099 871 1150 924 τῇ
1170 871 1222 924 γῇ
1243 867 1556 925 προσερείσαντα
1576 869 1644 911 καὶ
1661 867 1790 923 τὴν10

276 936 456 993 κεφαλὴν
474 935 803 992 ἀνακουφίσαντα
811 965 825 986 ,
858 935 1036 993 ἐπιφέρει
1052 940 1190 993 γυμνῷ
1206 940 1262 994 τῷ
1281 937 1386 994 ’ξίφει
1403 935 1507 979 κατὰ
1524 939 1597 990 τῆς
1611 950 1741 994 κομι-ί

277 1008 359 1062 φῆς
383 1004 581 1054 ἇσκεποῦς
602 1003 727 1059 οὔσης
755 1002 997 1058 (ἐπεπτώκει
1020 1003 1098 1060 γὰρ
1123 1003 1370 1061 ἐγειρομένου
1394 1004 1440 1048 τὸ
1463 1008 1536 1060 τῆς
1558 1007 1738 1062 κεφαλῆς

278 1073 405 1115 αὐτοῦ
424 1070 649 1127 κάλυμμα)
683 1072 809 1115 Λέων
833 1069 854 1114 ὃ
872 1070 1132 1126 Ἀβαλάντιος
1151 1073 1333 1128 γενναίαν
1353 1071 1531 1129 πληγήν,
1563 1074 1631 1116 καὶ
1652 1075 1737 1116 διε-

279 1139 415 1183 λαύνει
433 1140 557 1195 μέσον
575 1140 621 1182 τὸ
643 1141 818 1197 κρανίον.
886 1138 970 1182 εἶτα
989 1144 1061 1194 τῆς
1078 1145 1290 1197 στρωμνῆς
1306 1140 1427 1184 αὐτὸν
1443 1139 1738 1197 ἀναστήσαντες

280 1208 424 1264 ἄγουσι
452 1208 555 1264 πρὸς
583 1207 653 1251 τὸν
680 1210 903 1263 Τζιμισκῆν
929 1209 991 1251 ἐπὶ
1016 1213 1089 1264 τῆς
1113 1213 1327 1264 βασιλικῆς
1344 1210 1573 1252 καθίσαντα
1591 1211 1736 1265 κλίνης,
1750 1214 1793 1252 15

283 1279 351 1319 καὶ
378 1277 508 1320 πολλὰ
535 1275 852 1334 παροινήσαντες
874 1278 940 1319 καὶ
962 1278 1384 1328 κατονειδίσαντεςκαὶ
1405 1275 1741 1335 δυσφημήσαντες

284 1347 341 1396 εἷς
360 1344 481 1388 αὐτὸν
502 1346 628 1400 μηδὲν
650 1344 750 1388 ἄλλο
775 1346 940 1401 λέγοντα
959 1344 1054 1387 ἀλλ’
1075 1344 1103 1400 ἢ
1130 1343 1271 1402 ((κύριε
1291 1346 1483 1402 ε’λεήσον”
1519 1347 1587 1389 καὶ
1613 1343 1743 1390 “350-

282 1411 372 1456 τόκε
410 1411 559 1468 βοήθει
569 1412 617 1465 ,²³
664 1405 889 1456 τελευταῖον
926 1414 1012 1455 ἐπεί
1037 1430 1110 1470 περ
1141 1413 1497 1472 κατεφωράθησαν
1524 1413 1636 1471 παρὰ
1662 1418 1743 1458 τῶν

143 1491 172 1524 Ρ
196 1492 265 1528 663
285 1483 506 1536 προκοίτων
523 1485 596 1524 τοῦ
613 1483 810 1524 παλατιόυ
834 1483 901 1524 καὶ
922 1483 1132 1525 συνίστατο
1156 1482 1221 1524 ἐπ’
1243 1483 1392 1534 αὐτοὺς
1408 1487 1568 1538 πλῆθος
1588 1482 1743 1537 ἀμυνο-

285 1550 438 1605 μένων,
473 1548 779 1608 ἀποσφάττουσι
807 1554 981 1601 τοῦτον,
1006 1552 1073 1592 καὶ
1095 1550 1169 1605 τὴν
1190 1551 1371 1608 κεφαλὴν
1391 1549 1654 1605 ἀποτεμόντες
1674 1547 1799 1594 duim

288 1635 394 1669 τινος
419 1619 591 1675 θυρίδος
611 1620 773 1669 τοῖς”ει’ς
794 1616 994 1673 βοήθειαν
1018 1618 1275 1675 συντρέχουσι
1305 1617 1538 1663 δεικνύουσι.
1609 1620 1679 1662 καὶ
1705 1619 1745 1662 οἶ

289 1687 363 1741 μὲν
395 1684 501 1729 οὕτω
530 1687 904 1743 κατεστορέθησαν,
946 1692 1030 1737 τοῖς
1062 1687 1106 1728 δὲ
1136 1689 1225 1743 περὶ
1255 1686 1324 1731 τὸν
1357 1690 1578 1744 Τζιμισκῆν
1606 1687 1747 1746 καιρὸς

291 1753 421 1810 ἐδόθη
445 1754 572 1806 ἀδεῶς
593 1756 660 1798 καὶ
680 1754 773 1811 μετ’
798 1754 935 1806 ἀδείας
955 1752 1087 1798 πάντα
1107 1762 1244 1799 ποιεῖν.

384 1876 408 1910 6
431 1869 547 1917 ἄρκου
569 1875 600 1911 C
727 1876 770 1911 13
792 1872 976 1921 βαλάντης
996 1876 1026 1911 C
1141 1874 1289 1921 καιρίαν
1311 1887 1428 1922 margo
1451 1875 1481 1910 P
1595 1876 1640 1912 19
1661 1885 1748 1912 συν-

383 1920 528 1956 ίσταται
545 1921 577 1956 0
712 1922 756 1958 21
779 1920 984 1957 δεικνύουσι
1004 1934 1059 1957 om
1082 1922 1113 1957 C

293 2023 319 2057 ii
345 2036 419 2058 cum
443 2025 479 2059 in
503 2023 666 2071 palatium
685 2028 802 2061 essent
820 2025 1013 2070 sublevati,
1040 2024 1165 2071 gladiis
1187 2024 1290 2060 cincti
1314 2024 1533 2070 imperatoris
1556 2024 1749 2061 cubiculum

294 2070 447 2113 intrant3
478 2082 622 2116 cumque
643 2084 719 2106 eum
745 2084 813 2107 non
834 2072 1033 2107 invenirent
1054 2073 1090 2106 in
1114 2077 1277 2106 consueto
1301 2071 1411 2114 lecto,
1435 2072 1589 2106 detectas
1605 2071 1752 2106 insidias

295 2127 374 2149 esse
397 2116 615 2161 suspicantes
637 2118 703 2152 iam
727 2130 766 2152 se
789 2118 885 2164 ipsos
908 2124 1008 2152 erant
1030 2117 1305 2164 praecipitaturi,
1331 2115 1398 2151 nisi
1418 2117 1598 2152 homuncio
1615 2116 1752 2162 quidam

295 2162 480 2206 obtigisset
503 2175 547 2197 ex
569 2175 768 2208 gynaeceo,
800 2175 868 2208 quo
889 2165 977 2198 duce
999 2164 1036 2198 in
1058 2163 1132 2198 solo
1155 2163 1325 2197 iacentem
1346 2162 1582 2207 Nicephorum
1602 2163 1754 2198 Phocum

296 2207 496 2252 inveniunt,
521 2220 583 2254 pro
603 2214 702 2243 veste
719 2209 872 2254 stragula
889 2210 1071 2244 habentem
1092 2209 1217 2254 pileum
1234 2220 1338 2243 cocco
1357 2209 1520 2244 infectum
1540 2216 1576 2243 et
1593 2208 1755 2244 exuvium

299 2253 393 2296 ursi,
427 2254 519 2298 quod
543 2256 587 2289 ab
611 2255 779 2289 avunculo
804 2267 866 2290 suo
890 2255 1062 2290 Michaelo
1091 2255 1256 2289 monacho
1279 2253 1430 2288 Maleino
1453 2260 1649 2300 acceperat.
1696 2266 1755 2289 re-

299 2311 380 2332 cens
412 2299 601 2345 imperator
635 2301 908 2345 obdormiverat‚
950 2313 1062 2346 neque
1094 2311 1335 2347 percussorum
1368 2301 1552 2334 adventum
1582 2305 1757 2335 senserate

300 2345 496 2380 Tzimisces
519 2357 594 2380 eum
616 2347 710 2382 calce
730 2347 833 2381 ictum
860 2359 879 2381 e
900 2359 1018 2382 somno
1038 2347 1183 2381 excitat:
1208 2346 1390 2390 evigilanti
1407 2347 1619 2390 dextraeque
1635 2357 1757 2381 manus

301 2390 419 2424 cubito
450 2396 567 2426 terrae
597 2392 763 2428 innitenti
794 2398 830 2428 et
858 2399 965 2438 caput
995 2392 1167 2428 attollenti
1197 2392 1270 2427 Leo
1301 2391 1504 2426 Abalantius
1530 2391 1651 2427 stricto
1673 2403 1759 2426 enee

300 2435 425 2469 vulnus
450 2437 571 2480 ingens
603 2438 641 2472 in
671 2439 797 2473 nudum
828 2444 933 2484 caput
965 2439 1167 2481 (deciderat
1190 2438 1279 2472 enim
1303 2437 1497 2483 operculum
1520 2437 1646 2482 capiti,
1679 2438 1759 2472 dum

301 2492 340 2514 se
364 2481 587 2525 sublevaret)
622 2484 767 2528 incutit,
808 2484 919 2519 medio
942 2485 1060 2519 cranio
1083 2483 1247 2518 dissecto.
1292 2483 1418 2517 deinde
1441 2494 1515 2517 eum
1538 2495 1559 2517 a
1581 2483 1670 2518 lecto
1695 2494 1761 2517 au-

302 2526 457 2560 ferentes
481 2529 525 2562 ad
549 2529 757 2564 Tzimiscam
780 2531 910 2565 ducunt
930 2531 967 2564 in
987 2529 1070 2565 sella
1095 2528 1321 2574 imperatoria
1342 2529 1540 2572 sedentem,
1574 2529 1761 2573 multisque

303 2573 518 2607 contumeliis
552 2580 586 2609 et
616 2575 785 2610 conviciis
808 2576 1002 2634 exagitant,
1033 2575 1120 2610 nihil
1151 2575 1244 2609 aliud
1273 2574 1441 2609 dicentem
1472 2585 1573 2618 quam
1601 2571 1762 2609 “domine

303 2618 492 2662 miserere,
525 2621 695 2665 opitulare
719 2621 875 2667 deipara.
891 2619 901 2632 ’
944 2622 1080 2656 tandem
1105 2632 1179 2655 cum
1202 2631 1258 2655 res
1282 2619 1538 2654 excubitoribus
1563 2620 1683 2665 palatii
1705 2620 1764 2654 in-

303 2662 493 2707 notuisset,
529 2670 564 2698 et
586 2666 766 2701 multitudo
792 2668 835 2701 ad
858 2668 1110 2702 defendendum
1133 2666 1374 2712 imperatorem
1401 2671 1620 2710 accurreret,
1652 2665 1764 2701 Nice-

304 2709 449 2754 phorum
483 2710 656 2755 iugulant,
693 2719 867 2758 caputque
898 2713 973 2748 eius
1006 2719 1176 2748 resectum
1208 2710 1450 2746 defensoribus
1481 2722 1545 2756 per
1579 2712 1764 2747 fenestram

304 2755 528 2835 ostendung.t
553 2757 619 2791 hoc
648 2764 750 2803 pacto
784 2758 829 2793 iis
859 2759 989 2794 sedatis
998 2785 1013 2804 ,,
1049 2757 1247 2794 Tzimincae
1267 2756 1377 2792 libere
1399 2767 1490 2802 quae
1512 2757 1619 2794 vellet
1639 2756 1765 2803 agendi

264 2811 267 2814 ·
304 2811 442 2835 occasio
493 2813 512 2835 a
530 2813 563 2836 a.
973 2816 976 2819 ’
