1916 3210
341 181 372 229 9
381 181 440 229 10
945 181 1192 226 FABROTI

450 290 806 345 κηρουλᾶριος
826 291 1039 341 cerularius,
1061 287 1298 346 κηροποίλης
1329 305 1435 333 cerae
1465 293 1645 336 venditor.
1686 293 1787 334 Ana-

341 350 470 388 stasius
487 349 690 387 bibliothec.
706 349 744 386 in
761 348 886 386 histor.
907 349 1173 389 ecclesiastica·
1203 348 1421 387 cerularius
1445 349 1610 402 quidam
1627 357 1721 389 ‘erat
1743 352 1788 390 in

331 407 406 457 jbr
407 420 446 452 o,
481 419 525 441 cx
547 403 748 441 laboribus
768 405 850 441 sais
872 404 1060 456 locuples.

450 458 728 525 κινστέρνα
756 461 923 503 cisterna.
979 462 1058 501 Leo
1078 460 1186 501 Tuct.
1207 474 1238 502 c.
1263 460 1333 501 15:
1363 457 1434 501 ἒοῖν
1453 455 1542 501 δὲ’
1516 457 1596 502 aava
1613 475 1679 502 κιν

339 531 412 564 νας
432 516 563 568 ἔχουσι
579 513 752 568 πόσιμον
770 513 893 569 ὕδωρ.
949 519 1062 556 utitur
1082 518 1215 556 Suidas
1233 518 1348 556 tribus
1367 518 1478 569 locis,
1509 521 1547 557 et
1567 517 1673 558 Hero
1694 518 1789 574 περὶ

341 572 502 625 μέτρων.
560 573 697 611 Zonar.
721 573 770 610 ad
789 574 901 612 conc.
922 587 960 625 p.
981 574 1078 615 581.

452 631 506 668 κλ
518 642 558 668 ει
570 631 659 669 σοῦ
670 644 691 681 ρ
703 644 750 668 αι
771 629 954 679 clusurae,
983 629 1210 680 angustiores
1229 629 1349 667 aditus
1367 628 1428 679 qui
1445 641 1521 667 non
1537 630 1685 682 capiunt
1697 630 1796 669 mixi-

340 685 547 724 titudinem.
602 685 658 723 his
689 688 810 724 autem
843 686 968 725 hostes
998 685 1292 725 excludebantur.
1328 684 1546 754 Procopius
1573 687 1622 726 de
1646 687 1789 725 aedific

340 741 466 780 lustin.
494 753 534 791 p
559 742 633 784 32:
663 740 731 780 καὶ
757 756 851 790 τους
879 741 921 783 ἐν
941 744 990 797 τῇ
1007 737 1116 797 χώρᾳ
1137 737 1360 788 στενωπους
1382 739 1611 792 ἐτειχίσατο,
1641 738 1789 795 οὕσπερ

340 793 572 848 κλεισουρας
612 800 747 836 καλεῖν
790 798 1058 850 νενομίκασιν.
1124 797 1330 848 Stephanus
1363 797 1401 836 in
1431 796 1544 837 Arist.
1575 798 1790 837 rhetoricum

341 853 533 902 (nondum
553 853 632 892 luce
650 854 806 891 donatus
826 857 927 905 est):
955 851 1026 901 τὰς
1049 854 1255 901 ἷδιωτικως
1274 849 1382 906 παρὰ
1403 855 1563 901 πολλοῖς
1580 852 1793 923 λεγομένας

343 904 588 960 κλεισούρας.
643 909 867 948 Eustathius.
899 907 959 951 Ἰλ.
983 907 1035 963 β’.·
1064 906 1165 950 ὅπου
1189 907 1357 961 ξυνοχοὲς
1379 907 1478 963 λέγει
1497 907 1620 958 ὁδοῦ,
1647 924 1791 951 ταυτον

347 962 390 1005 δὲ
424 965 551 1005 εἰπεῖν
584 961 815 1018 κλεισούρας
849 966 918 1006 καὶ
955 963 1194 1017 στενότητας.
1253 966 1415 1004 Codinus
1445 965 1483 1004 in
1509 967 1789 1019 παρεκβολαΐςε

346 1016 621 1073 ἄπετυφλῶθη
641 1020 684 1062 ἐν
703 1024 755 1076 τῇ
772 1019 994 1078 κλεισούρα.
1051 1023 1162 1060 utitur
1178 1021 1281 1060 Leo
1271 1035 1308 1060 in
1324 1022 1361 1061 Γ
1361 1021 1506 1070 acticus
1528 1022 1790 1061 Constantinus

348 1078 396 1116 de
427 1078 626 1116 administr.
656 1079 830 1129 imperio,
858 1079 1099 1131 Theophanes
1119 1083 1155 1116 et
1173 1078 1245 1118 alii
1301 1077 1423 1116 Latini
1445 1079 1624 1127 clusuras,
1650 1078 1792 1116 clausu-

347 1145 428 1182 ras,
458 1133 574 1172 clusas
602 1138 640 1173 et
665 1134 817 1173 claustra
844 1136 981 1173 dicunt.
1038 1135 1278 1172 Cassiodorus
1301 1136 1329 1174 2
1355 1145 1430 1171 var.
1453 1131 1500 1174 5.
1521 1134 1793 1184 praecipimus

348 1192 402 1230 60
431 1189 623 1227 militibus
649 1190 692 1227 in
718 1190 974 1242 Augustanis
1002 1190 1171 1228 clusuris
1197 1191 1341 1240 iugiter
1367 1190 1586 1227 constitutis
1610 1203 1792 1228 annonas

342 1252 561 1296 praestare.
621 1247 672 1284 sic
698 1248 793 1285 enim
820 1247 952 1297 legitur
977 1248 1015 1284 in
1039 1247 1151 1285 veteri
1175 1247 1319 1284 codice:
1347 1257 1430 1283 nam
1453 1244 1560 1284 cludo
1579 1259 1646 1296 pro
1663 1247 1793 1285 claudo

344 1304 547 1354 promiscue
571 1302 712 1351 dixere,
741 1307 783 1341 ut
801 1304 838 1341 in
858 1305 883 1341 l.
903 1306 984 1345 226
1001 1303 1051 1343 D.
1080 1303 1127 1341 de
1144 1303 1189 1340 V.
1207 1303 1246 1340 S.
1265 1301 1400 1339 clusus
1420 1307 1494 1347 est,
1522 1306 1564 1340 nt
1581 1302 1681 1340 Flor.
1699 1301 1794 1352 legi·

345 1364 417 1398 tur.
476 1359 524 1397 de
554 1358 724 1396 clausuris
751 1363 875 1397 auctor
906 1358 1089 1398 Miscellae
1117 1357 1142 1398 l.
1172 1359 1244 1399 18:
1276 1357 1485 1395 clausuras
1512 1364 1667 1395 tenuere
1691 1370 1794 1409 quae

346 1414 500 1451 ducunt
528 1415 572 1451 in
599 1414 815 1452 Persidem.
876 1415 992 1464 Egica
1024 1415 1073 1453 R.
1104 1415 1143 1452 in
1174 1414 1337 1452 Concilio
1364 1413 1546 1453 Toletano
1573 1416 1644 1455 17:
1686 1415 1794 1451 intra

343 1470 553 1507 clausuras
583 1478 800 1508 noscantur
831 1471 1069 1508 habitatores
1101 1471 1290 1508 exsistere.
1361 1470 1410 1508 de
1443 1469 1548 1508 clusis
1580 1468 1793 1508 Anastasius

346 1527 640 1564 bibliothecarius
667 1528 703 1564 in
730 1528 919 1579 Stephano
942 1529 991 1568 3:
1020 1526 1078 1564 ad
1096 1525 1392 1564 custodiendam
1409 1526 1595 1576 proprias
1614 1525 1793 1563 Franco-

343 1596 435 1618 rum
460 1582 605 1619 clusas.
664 1582 883 1621 Hincmarus
913 1584 1020 1634 epist.
1051 1582 1076 1623 5
1107 1596 1137 1620 c.
1167 1585 1213 1623 6:
1248 1582 1320 1620 sed
1343 1581 1586 1631 Aistalplzus
1607 1580 1794 1632 superbia

345 1638 475 1674 elatus
505 1651 623 1688 super
648 1638 842 1684 Francos,
875 1640 946 1689 qai
972 1637 1029 1675 ad
1057 1638 1276 1675 custodiam
1295 1638 1552 1688 propriarum
1577 1637 1793 1675 seeundum

346 1695 554 1731 iussionem
576 1694 745 1744 Pippini
762 1695 964 1732 clusarum
983 1700 1180 1734 venerant.
1234 1693 1481 1746 Luitprandus
1503 1695 1522 1733 1
1552 1695 1600 1733 2:
1629 1693 1794 1744 quibus-

346 1750 441 1787 clam
472 1763 643 1801 namque
669 1750 914 1800 difficillimis
938 1757 1124 1801 separata
1146 1756 1230 1787 erat
1248 1763 1275 1787 a
1292 1748 1404 1787 nobis
1421 1748 1794 1799 interpositionibus,

349 1819 450 1857 qaas
481 1807 612 1843 clusas
642 1807 821 1844 nominat
851 1806 1010 1857 vulgas.
1082 1806 1132 1844 nil
1158 1806 1215 1844 hic
1239 1804 1471 1852 mutandum,
1508 1817 1578 1844 nec
1605 1804 1630 1843 1.
1648 1805 1674 1847 5
1704 1819 1736 1844 c.
1756 1807 1794 1846 8.

347 1864 397 1900 de
419 1862 584 1900 claustris
607 1862 734 1900 Cicero
753 1864 780 1902 7
805 1864 843 1901 in
861 1864 1030 1901 Verrem:
1061 1863 1132 1913 qui
1153 1868 1302 1899 nostros
1324 1862 1511 1898 exercitus
1527 1873 1642 1911 saepe
1660 1860 1795 1898 εει-οἰω-

349 1925 498 1964 serant,
527 1919 575 1954 iis
600 1917 776 1955 claustra
797 1918 875 1955 loci
895 1918 1170 1955 committenda
1188 1931 1267 1955 non
1289 1917 1607 1954 existimavimus.
1667 1921 1706 1956 et
1729 1929 1796 1955 ea-

349 1974 434 2012 dem
460 1974 725 2023 significatione
752 1975 841 2013 alias
867 1976 993 2013 utitur.
1046 1974 1247 2013 lornandes
1279 1975 1328 2013 de
1352 1974 1460 2013 rebus
1489 1973 1629 2011 Geticis
1659 1986 1694 2015 c.
1722 1975 1794 2014 32:

352 2031 420 2067 cui
446 2030 491 2068 V
482 2030 567 2066 alia
587 2043 653 2066 rex
684 2030 902 2068 Gothorum
926 2045 1006 2068 non
1029 2031 1172 2067 minori
1189 2031 1398 2080 procinctu
1423 2028 1482 2066 ad
1505 2028 1680 2066 claustra
1709 2029 1795 2078 Py-

351 2087 486 2123 renaei
513 2087 695 2124 occurrit
753 2100 777 2126 a
809 2087 957 2125 clusuris
990 2086 1264 2134 clusuriarches,
1295 2080 1614 2152 κλεισουραρχης.
1668 2083 1797 2123 Theo-

349 2142 507 2194 phanes:
538 2138 755 2195 Γρηγόριος
783 2141 808 2184 6
836 2140 1059 2191 Καππαδόξ
1087 2141 1110 2184 ὅ
1137 2140 1205 2182 καὶ
1233 2137 1552 2196 κλεισουριᾶρχης
1571 2135 1794 2194 γενόμενος.

350 2202 478 2236 auctor
500 2198 683 2238 Miscellae
707 2199 732 2238 l.
758 2201 828 2240 19:
858 2206 894 2235 et
918 2200 1132 2250 Gregorius
1159 2199 1392 2249 Cappadox,
1420 2197 1491 2249 qui
1516 2204 1554 2234 ec
1578 2196 1796 2234 clusuriar-

351 2253 442 2291 ches
466 2257 677 2292 exstiterat.
735 2255 898 2294 clusurae
921 2258 1137 2307 praefectus-

462 2313 671 2362 κλῆρος,
697 2312 953 2362 κληρικοί,
985 2307 1251 2363 πλήρωσις.
1306 2310 1572 2357 clerus,·sacer
1591 2309 1704 2357 ordo,
1733 2319 1796 2346 su-

352 2378 452 2404 crum
483 2367 694 2416 collegium,
734 2367 894 2417 generali
926 2368 1168 2420 appellatione
1198 2379 1324 2405 omnes
1353 2366 1417 2416 qui
1447 2365 1570 2403 divino
1594 2364 1796 2403 ministerio

350 2422 546 2473 mancipati
570 2427 666 2464 sunt.
720 2424 757 2461 b.
787 2423 936 2462 Hieron.
965 2425 1014 2462 ad
1043 2423 1310 2474 Nepotianum:
1353 2421 1533 2467 clericus,
1559 2421 1698 2471 inquit,
1726 2420 1798 2471 qni

357 2477 504 2515 Christi
536 2480 654 2516 servit
686 2479 878 2516 eeclesiae.
951 2480 987 2520 b.
1017 2478 1211 2529 Augustin.
1242 2479 1280 2516 in
1306 2476 1404 2516 Psal.
1433 2480 1504 2519 67:
1550 2476 1798 2514 ecelesiastici

352 2534 561 2570 ministerii
590 2534 786 2585 gradibus
821 2536 962 2572 ornati.
1019 2535 1193 2586 Magnum
1226 2532 1533 2584 Etymologicum·
1567 2535 1711 2584 κλῆρος
1737 2529 1798 2571 λέ-

352 2604 460 2642 γεται
490 2586 668 2642 σύστημα
695 2593 776 2631 τῶν
805 2587 1004 2631 διακόνων
1035 2592 1104 2631 καὶ
1133 2587 1419 2655 πρεσβυτέρων.
1486 2589 1727 2627 oecumenius
1756 2586 1796 2624 in

357 2647 380 2685 1
407 2646 511 2696 epist.
538 2647 640 2685 Petri
666 2660 697 2685 c.
720 2650 770 2688 7:
803 2650 949 2699 κληρον
971 2644 1014 2687 δὲ
1032 2644 1076 2686 τὸ
1096 2643 1204 2697 ἱερὸν
1225 2641 1405 2696 σύστημα
1423 2646 1553 2690 καλεῖ,
1579 2640 1710 2695 ὥσπερ
1729 2640 1799 2682 καὶ

354 2702 433 2739 νῦν
451 2700 576 2752 ημεῖς.
631 2703 667 2740 b.
691 2703 972 2753 chrysostomus
993 2704 1089 2741 hom.
1110 2704 1157 2741 de
1176 2703 1216 2739 S.
1237 2701 1373 2740 Ioanne
1391 2699 1578 2752 apostolo.
1608 2697 1800 2749 ἐννόησον

354 2751 476 2795 παλιν
510 2772 590 2797 των
623 2756 838 2809 ἐκκλησιῶν
868 2774 915 2798 τα
945 2755 1108 2810 πλήθη,
1146 2773 1216 2797 τον
1245 2759 1404 2811 κλῆρον.
1473 2756 1653 2794 interdum
1682 2754 1799 2792 clerus

357 2812 529 2863 accipitur
556 2826 624 2865 pro
652 2815 816 2853 omnibus
844 2815 906 2866 qui
936 2815 1088 2854 subsunt
1117 2815 1299 2866 episcopo.
1354 2812 1403 2852 D.
1425 2811 1578 2850 Basilius
1598 2811 1705 2863 epist.
1726 2809 1799 2850 52·
