1916 3210
685 158 1140 210 ANNOTATIONES.
1557 162 1661 211 777

179 266 305 320 εὔφη
329 267 439 309 titulo
468 273 708 322 exaequatam
737 273 901 325 novique
925 273 1155 315 maiestatem
1179 276 1372 327 assumpto
1395 275 1559 326 quodam
1581 276 1660 316 eins

181 323 319 377 insigni
337 326 609 367 manifestatam
629 328 745 368 voluit
763 331 976 382 apostolus,
1001 345 1084 370 cum
1109 329 1282 372 πέταλον
1311 330 1513 370 bracteam
1530 332 1660 371 iami-

181 394 327 421 πωπω
348 396 517 422 auream
538 386 652 424 fronti
675 386 848 438 praetulit
866 387 1100 440 appensam?
1156 389 1407 440 Hieronymus
1437 391 1486 430 de
1515 390 1657 430 Eccles.

180 438 317 492 Seript.
339 440 378 479 in
401 440 614 492 Polycrate:
647 437 840 496 Ἰωάννης
867 441 913 493 ὃς
941 443 1008 486 ἐπὶ
1037 442 1083 486 τὰ
1111 448 1267 498 στῆθος
1289 447 1366 486 τοῦ
1392 447 1536 499 κυρίου
1564 443 1656 489 ἆνε-

179 495 306 548 κλῶθη
335 495 406 538 καὶ
436 494 570 551 ἱερεὺς
595 494 725 541 αὐτοῦ
748 499 910 555 γέγονε,
941 504 1118 556 χρυσοῦν
1145 501 1317 543 πέταλον
1340 501 1384 543 ἐν
1405 507 1463 560 τῷ
1486 500 1656 561 μετώπῳ

179 549 389 606 βαστάζων
413 553 564 608 μάρτυς
589 554 659 597 καὶ
678 553 918 607 διδάσκαλος
938 559 983 600 ἐν
999 555 1153 613 Ἐφέσῳ
1173 555 1390 613 ἐκοιμήθη.
1446 562 1496 600 de
1519 562 1655 601 lacobo

180 609 323 650 domini
341 609 463 652 fratre·
479 617 606 652 narrat
623 614 741 654 simile
758 615 988 668 Epiphanius
1006 616 1162 657 naeres.
1181 617 1257 658 78:
1288 611 1406 665 οὗτος
1427 616 1452 660 ὅ
1466 614 1656 671 Ἰάκωβος

178 665 250 708 καὶ
275 664 448 709 πέταλον
473 667 541 710 3212
568 672 642 722 τῆς
668 673 849 724 κεφαλῆς
872 668 1052 726 ἐφόρεσε.
1109 674 1187 713 eius
1222 674 1436 728 interpres:
1480 675 1654 714 Iacobus

174 723 251 762 iate
270 721 474 763 bracteam
492 727 538 765 in
557 727 688 779 eapite
702 730 842 781 gessit.
902 730 1040 770 GOAR.
1191 744 1195 768 1

289 803 328 844 p.
345 789 430 835 485
453 806 488 836 v.
506 792 548 835 4.
605 797 750 850 magni
769 797 957 850 Gregorii
963 797 1102 850 frater
1126 799 1362 853 Caesarius]
1394 800 1495 839 idem
1518 799 1653 839 Suidas

178 851 218 888 et
245 846 321 888 alii.
377 851 480 901 quod
510 852 549 891 in
581 853 726 893 Graeco
757 857 924 906 sequitur
946 854 1013 897 ἐπὶ
1034 851 1226 907 σενάτου,
1256 858 1380 896 nescio
1399 856 1547 908 legere:
1574 858 1654 896 for-

176 904 286 944 tassis
307 910 366 946 est
386 905 452 948 ἐπὶ
476 904 644 950 σενᾶτου
669 911 708 949 ἰιι
733 917 876 954 senatu.
935 913 1049 953 fuisse
1073 913 1171 953 hunc
1195 914 1411 953 Caesarium
1435 914 1652 964 magistrum

175 960 284 1001 aulae
302 961 509 1004 Theodosii
530 967 661 1018 primi,
690 971 748 1007 est
771 970 871 1021 apud
893 967 1146 1022 Nicephorum
1166 971 1220 1012 12
1250 969 1320 1012 44.
1378 971 1419 1010 id
1441 973 1551 1010 valde
1575 972 1652 1010 dis-

177 1019 295 1058 sentit
326 1019 377 1060 ab
409 1033 455 1061 eo
487 1024 590 1073 quod
623 1023 828 1075 Gregorius
863 1025 1057 1078 Nyssenus
1089 1028 1128 1066 in
1159 1027 1235 1066 vita
1262 1027 1494 1067 Nazianzeni
1524 1029 1650 1078 habet,

176 1074 390 1116 Caesarium
411 1078 636 1119 Constantio
657 1081 866 1134 imperante
889 1096 912 1123 e
928 1084 1021 1123 vivis
1038 1085 1250 1125 excessisse.
1278 1085 1387 1127 Xu.
1445 1089 1650 1124 exstantem

174 1132 215 1171 in
247 1135 404 1174 vetustis
435 1136 544 1175 editis
575 1137 740 1177 Cedreni
772 1141 1039 1192 exemplaribus
1073 1146 1221 1191 notam,
1251 1142 1394 1180 duabus
1425 1141 1540 1181 literis
1574 1154 1616 1183 σε
1632 1142 1652 1164 *

173 1189 428 1241 coniunctam,
470 1194 623 1234 coniicio
651 1196 816 1235 indicare
852 1192 1039 1251 σεκρέτου
1078 1200 1138 1237 vel
1176 1202 1218 1237 ut
1252 1198 1445 1250 Xylander
1481 1200 1653 1250 opinatur

172 1242 366 1298 σκότου,
405 1248 463 1289 vel
490 1250 673 1303 denique,
712 1254 752 1292 ni
781 1267 800 1294 ε
827 1254 1044 1304 obsisteret,
1083 1252 1274 1296 συνόδου.
1332 1255 1446 1307 eligat
1474 1256 1545 1296 sibi
1570 1256 1655 1310 pla-

172 1303 307 1353 citam,
333 1306 394 1344 vel
416 1307 608 1348 certiorem
631 1311 796 1362 proferat
818 1311 910 1350 alius
933 1313 1192 1352 coniecturam.
1249 1313 1388 1352 GoAa.

284 1386 324 1426 p.
338 1371 426 1416 437
445 1388 482 1416 v.
503 1377 573 1418 17.
628 1371 846 1431 Ἀδριανοῦ
871 1374 1030 1434 θήρας]
1061 1381 1254 1420 confundit
1286 1381 1380 1420 hanc
1414 1384 1543 1420 auctor
1574 1394 1651 1420 non

171 1429 324 1480 ignotus
348 1443 431 1471 cum
454 1428 638 1474 Thracica
660 1434 915 1488 Adrianopoli.
972 1441 1012 1476 at
1042 1436 1210 1488 Mysiae,
1239 1450 1315 1476 non
1348 1437 1531 1478 Thraciae
1563 1439 1652 1478 urbs

171 1491 252 1536 est,
278 1490 318 1527 et
344 1499 369 1527 a
392 1487 621 1541 Cuspiniano
646 1503 693 1531 ex
713 1491 840 1533 Dione
862 1499 902 1534 et
925 1494 1108 1535 Suetonio
1129 1493 1315 1533 Adriani
1334 1495 1519 1533 venatica
1539 1502 1652 1548 septa

168 1547 411 1597 nuncupatur.
466 1546 610 1591 Gon.

281 1610 338 1651 ib.
372 1625 411 1653 v.
436 1612 504 1656 18.
561 1616 606 1654 in
638 1616 830 1670 Mitatis]
873 1618 945 1658 hoc
983 1619 1075 1671 quid
1112 1620 1189 1669 sit,
1230 1632 1308 1659 non
1340 1618 1445 1659 facile
1477 1620 1646 1661 dixerim.

168 1668 272 1722 apud
307 1669 533 1723 Xiphilinum
560 1685 607 1713 ex
629 1672 751 1714 Dione
777 1677 864 1715 urbs
885 1677 1098 1729 simpliciter
1117 1672 1333 1728 Ἀδριανοῦ
1351 1678 1482 1730 θῆραι
1502 1678 1649 1727 dicitur,

167 1726 272 1777 quod
290 1729 459 1772 venatica
471 1728 628 1769 Adriani
649 1736 755 1784 septa
775 1734 955 1773 convertit
974 1733 1131 1773 Merula.
1191 1735 1322 1774 eodem
1347 1735 1458 1772 modo
1479 1734 1647 1773 Zonaras

166 1781 294 1823 habet.
350 1779 591 1837 Spartianus:
628 1789 808 1840 oppidum
834 1789 1122 1829 Adrianotheras
1153 1790 1192 1830 in
1219 1792 1380 1843 quodam
1411 1790 1514 1839 loco,
1543 1793 1646 1842 quod

167 1839 241 1878 illic
258 1843 298 1880 et
313 1839 468 1881 feliciter
486 1848 586 1884 esset
605 1849 761 1884 venatus
778 1850 818 1885 et
835 1859 960 1887 ursam
977 1848 1197 1898 occidisset,
1225 1848 1426 1899 aliquando
1444 1849 1645 1887 constituit.

166 1896 258 1948 quid
287 1897 321 1937 si
351 1893 532 1951 μιτᾶτοις
559 1902 707 1941 metatis
736 1902 945 1953 significare
972 1905 1122 1955 debuit,
1159 1909 1200 1943 ut
1226 1904 1382 1944 Adriani
1410 1905 1645 1944 venationem

165 1954 276 1992 certis
306 1955 418 1995 metis
441 1969 487 1997 ac
510 1957 646 1997 finibus
671 1959 770 1998 urbis
791 1959 966 1999 inclusam
993 1960 1195 2012 designet?
1223 1961 1331 2002 Χῑῐ..
1388 1963 1550 2008 mitam,
1578 1975 1644 2001 seu

163 2009 331 2050 Latinius
351 2013 467 2053 mavis
487 2021 655 2061 metata,
685 2021 890 2056 castrorum
914 2017 996 2056 loca
1019 2018 1263 2070 interpretor,
1291 2019 1331 2057 in
1359 2020 1492 2069 quibus
1526 2023 1644 2058 staret

162 2069 223 2107 vel
241 2069 412 2120 longiore
430 2072 663 2122 profectione
685 2079 857 2126 suscepta
875 2074 1060 2126 paululum
1082 2075 1286 2126 quiesceret
1308 2076 1499 2117 exercitus.
1557 2075 1643 2115 hinc

163 2131 388 2173 metatores,
415 2127 465 2167 de
483 2129 618 2180 quibus
636 2129 813 2181 Vegetius
829 2132 859 2170 2
886 2132 926 2172 7.
984 2131 1125 2172 GoAn.

276 2207 317 2246 p.
335 2191 421 2236 438
439 2207 478 2237 v.
496 2197 536 2237 8.
592 2210 722 2237 annos
751 2199 896 2236 aetatcls·
921 2198 1092 2250 adeptus
1118 2197 1287 2250 multos]
1317 2197 1542 2251 Xiphilinum
1558 2229 1570 2248 ‚
1603 2204 1643 2240 et

161 2261 251 2290 vero
277 2251 318 2290 id
346 2252 450 2302 qnod
476 2254 669 2306 perspicue
693 2268 820 2294 verum
851 2262 931 2295 erat
946 2285 958 2306 ‚
989 2260 1146 2297 'secutus
1178 2255 1237 2294 hic
1271 2267 1363 2293 sum.
1433 2269 1519 2295 nam
1551 2256 1642 2296 illud

161 2302 315 2360 βιώσας
341 2304 416 2360 μὲν
445 2307 513 2362 ἔτη
542 2311 565 2359 ζ
589 2315 647 2350 est
666 2312 714 2351 ab
735 2313 861 2364 aliquo
882 2313 1042 2365 positum
1064 2314 1128 2364 qui
1149 2311 1370 2362 elegantiam
1394 2314 1643 2365 inscriptionis

160 2377 239 2403 non
255 2364 450 2406 intellexit.
505 2367 578 2406 fuit
597 2368 833 2409 scribendum
852 2365 1004 2423 βιώσας
1023 2367 1097 2422 μὲν
1118 2367 1184 2420 ἔτη
1203 2366 1334 2409 πολλοί
1353 2370 1413 2408 vel
1442 2371 1511 2419 (ut
1528 2371 1643 2410 habet

159 2421 399 2473 Xiphilinus)
427 2419 539 2464 τόσα.
609 2437 696 2464 nam
724 2427 836 2465 vitam
863 2428 941 2465 otio
969 2431 1008 2466 et
1035 2425 1300 2477 tranquillitate
1322 2431 1530 2475 carentem,
1557 2441 1641 2467 cum

158 2477 358 2518 iniucunda
390 2480 543 2531 fuisset,
579 2483 677 2521 vitae
710 2484 859 2523 nomine
887 2496 963 2523 non
998 2484 1232 2534 dignabatur.
1290 2496 1336 2521 ac
1369 2484 1463 2535 ζῆν,
1501 2486 1640 2534 vivere,

157 2547 231 2587 pro
263 2536 425 2576 suaviter
457 2542 497 2577 et
525 2538 683 2578 iucunde
710 2541 835 2580 vivere
861 2542 1010 2580 demum
1040 2540 1131 2592 poni
1160 2540 1250 2578 satis
1273 2544 1400 2578 notum
1425 2545 1484 2579 est
1509 2542 1567 2580 vel
1592 2554 1638 2581 ex

158 2592 427 2642 epigrammate
457 2595 507 2634 de
535 2595 634 2634 horis
661 2597 822 2646 diurnis,
850 2598 891 2638 in
918 2611 994 2649 quo
1020 2602 1079 2637 est
1104 2595 1259 2636 “vivere
1277 2604 1373 2648 post
1397 2597 1494 2635 illas
1520 2598 1637 2636 litera

159 2648 260 2686 Zeta
278 2645 429 2688 iubet.’'
483 2651 588 2693 er..

271 2717 325 2755 ib.
349 2731 385 2757 v.
402 2719 442 2758 9.
498 2720 561 2758 ubi
588 2720 782 2759 Cedrenus
809 2722 923 2761 refert
949 2722 1152 2760 Adriannm
1175 2723 1327 2762 urbibus
1354 2726 1468 2774 atque
1492 2723 1631 2763 civibus

157 2773 288 2812 debita
307 2775 510 2824 dimisisse,
534 2777 573 2815 in
593 2779 760 2827 margine
781 2779 1008 2829 assignatum
1028 2783 1106 2818 est:
1136 2781 1256 2821 τοῦτο
1273 2778 1343 2821 καὶ
1362 2778 1386 2821 ὅ
1406 2776 1501 2834 ἐμὸς
1520 2782 1631 2834 βασι-

155 2827 249 2881 λεῦς
265 2826 434 2882 ’lauimus
453 2829 538 2888 ἅμα
553 2835 606 2889 τῇ
625 2829 846 2891 ἄναρρήσει
864 2835 1067 2890 ἐποίησεν.
1124 2836 1226 2877 Xu.
