1890 3236
727 185 1098 231 GLOSSARIUM.
1536 182 1635 229 929

291 292 688 350 πριμμικήριος,
716 294 1070 351 πριμικήριος
1097 296 1332 350 primicerius,
1357 297 1497 350 primus
1515 297 1636 336 cuius—

178 366 323 405 cunque
353 355 493 393 ordinis
521 355 599 393 sive
633 355 796 406 corporis
827 359 867 394 et
889 355 1052 406 collegii,
1094 354 1204 394 veluti
1227 354 1465 393 notariorum.
1521 354 1637 394 Sexta

179 411 320 461 Synod.
339 411 410 462 Cp.
430 414 500 451 act.
523 412 570 452 9·
599 407 855 463 πριμικήριος
874 414 956 452 ταῖν
976 407 1298 464 θεοσεβεστᾶτων
1319 411 1526 464 νοταρίων.
1583 411 1636 450 sic

179 468 291 507 etiam
308 467 505 506 scribitur
495 481 533 506 in
545 467 714 506 Concilio
738 468 963 508 Florentino.
1020 469 1130 508 Cone.
1148 469 1322 520 Ephesini
1344 473 1449 520 parte
1471 466 1638 510 2:115-

178 539 272 575 τρος
291 519 557 576 πρεσβύτερος
576 519 873 576 Ἀλεξανδρείας
897 523 966 565 καὶ
984 521 1273 578 πριμμικήριος
1291 525 1490 578 νοταρίων
1513 520 1636 566 εἶπεν.

178 579 339 633 Niceph.
358 581 447 620 Call.
469 581 522 621 15
551 583 618 623 30.
650 581 867 620 Usuardus
858 595 895 620 in
914 581 1103 632 Martyrol.
1122 595 1170 620 m.
1191 582 1310 620 Maio:
1340 595 1510 633 quorum
1518 595 1637 633 prior

179 650 275 675 oum
305 644 403 675 esset
431 638 690 688 praepositus
718 638 898 676 cubiculi
927 640 1024 690 imp.
1048 640 1188 688 Decii,
1237 639 1341 676 alter
1362 640 1637 690 primicerius.

178 697 286 734 erant
305 699 342 733 et
358 694 550 746 primicerii
569 694 802 734 ecclesiastici
815 724 826 744 ‚
871 695 981 735 veluti
1008 696 1234 748 primicerius
1261 695 1406 735 scholae
1431 700 1636 738 cantorum.

177 749 310 790 Benna
327 749 533 790 cardinalis
560 752 610 790 de
626 752 702 790 vita
722 751 957 791 Hiltebrandi
976 751 1000 790 l.
1023 754 1060 792 1.
1117 753 1338 804 primicerius
1361 752 1460 791 sedis
1476 751 1639 804 Aposto-

177 806 283 847 liae.
339 807 495 846 loannes
516 806 579 846 PP
596 808 703 858 epist.
721 810 748 849 7
770 810 818 846 ad
836 809 1021 847 universos
1041 808 1168 847 Gallos
1187 813 1224 848 et
1245 809 1462 847 Germanos
1519 809 1639 849 Nico-

178 863 260 902 laus
284 863 344 903 PP
375 865 483 915 epist.
516 864 566 902 ad
592 864 830 904 Hincmarum
867 865 1124 904 Rhemensem.
1181 865 1354 904 Alcuinus
1378 879 1438 917 ep.
1457 865 1537 908 25:
1569 878 1639 904 ca-

171 920 308 973 pellae
325 921 618 972 primicerium.
675 920 890 960 Anastasius
910 923 949 960 in
969 922 1095 961 exsilio
1118 923 1159 964 S.
1182 921 1351 960 Martini:
1380 924 1480 974 quia
1501 924 1546 960 in
1569 922 1638 961 ab·

178 979 310 1017 centia
332 977 546 1029 pontilicis
575 976 893 1017 archidiaconus
916 985 953 1016 et
977 978 1290 1031 archipresbyter
1321 986 1358 1015 et
1378 980 1641 1030 primicerius

178 1033 314 1072 locum
329 1041 595 1086 praesentant
602 1035 824 1086 pontificis.
870 1035 907 1072 le
929 1034 1065 1087 doyen.
1113 1037 1161 1075 de
1178 1035 1299 1074 officio
1316 1036 1510 1087 primicerii
1526 1036 1641 1076 eccle-

180 1090 316 1130 siastici
338 1092 422 1130 vide
449 1091 580 1130 Isidori
606 1092 753 1130 iunioris
782 1091 946 1144 episcopi
963 1091 1193 1144 Hispalensis
1213 1092 1404 1144 epistolam
1422 1093 1471 1131 ad
1491 1091 1641 1132 Leude-

178 1149 324 1187 frednm
343 1147 553 1201 episcopum
579 1148 856 1188 Cordubensem
875 1149 976 1200 apud
994 1148 1179 1200 Loaysam
1195 1150 1232 1187 in
1249 1149 1347 1188 notis
1367 1150 1417 1188 ad
1440 1149 1641 1189 Concilium

179 1203 402 1245 Toletauum
419 1206 461 1247 8.
518 1205 581 1255 qui
603 1205 801 1245 secundum
822 1205 937 1244 locum
957 1207 1158 1256 gradumve
1175 1207 1331 1251 obtinet,
1359 1206 1640 1245 secundicerius.

178 1259 416 1300 Anastasius:
459 1274 667 1299 cucurrere
700 1275 794 1299 cum
826 1262 1056 1314 aliquantis
1094 1261 1154 1300 ad
1181 1261 1438 1315 praedictam
1461 1269 1643 1314 portam,

180 1330 274 1355 cum
311 1317 461 1369 quibus
492 1325 530 1356 et
559 1319 790 1356 Demetrius
825 1318 1132 1357 secundicerius.
1198 1318 1400 1358 Concilium
1436 1319 1542 1371 Cpol.
1575 1321 1644 1359 sub

179 1373 321 1414 menna
338 1378 408 1414 act.
433 1374 476 1415 1:
498 1375 698 1426 νοταρίων
715 1371 1060 1429 σεκουνδοκήριος.
1088 1376 1359 1428 Menologium:
1385 1374 1411 1417 o‘
1429 1373 1473 1417 δὲ
1488 1372 1644 1429 Βάκχος

180 1427 519 1483 σεκουνδικήριος.
574 1432 700 1472 videl.
721 1435 774 1474 12
796 1433 894 1472 Cod.
915 1434 972 1472 tit.
995 1436 1036 1475 7.

293 1485 550 1540 πρόεδρος
576 1501 736 1540 praeses,
765 1489 931 1542 praesul,
958 1490 1122 1528 antistes.
1179 1492 1284 1529 erant
1305 1491 1428 1528 autem
1451 1483 1643 1541 πρόεδροι

177 1545 415 1584 ecclesiastici
436 1545 494 1584 vel
510 1544 673 1597 palatini.
730 1546 780 1585 de
807 1546 1102 1585 ecelesiasticis«
1085 1550 1189 1585 sexta
1211 1546 1386 1597 Synodus
1404 1546 1642 1586 Constantia.

177 1606 251 1642 net.
279 1603 350 1643 12·
377 1603 448 1653 τῆς
465 1597 761 1654 Ἀλεξανδρείας
781 1599 934 1650 πόλεως
952 1601 1163 1655 προέδρου.
1220 1606 1323 1641 vetus
1345 1603 1526 1654 interpres
1545 1603 1642 1640 anti-

177 1659 303 1698 stitem
319 1658 441 1697 vertit.
463 1662 503 1697 et
520 1662 590 1697 act.
615 1659 687 1701 13·
727 1657 898 1712 Σεργίου
925 1661 1000 1699 τοῦ
1020 1658 1238 1712 γενομένου
1261 1657 1480 1710 προέδρου,
1510 1659 1644 1710 Sergii

178 1712 388 1767 quondam
409 1715 632 1767 praesulis.
689 1715 819 1754 Petrus
847 1716 988 1754 Siculus
1016 1716 1204 1755 historiam
1234 1728 1336 1758 suam
1367 1719 1554 1767 nuncupat
1587 1717 1645 1769 τῷ

178 1770 361 1827 προέδρῳ
408 1772 486 1811 sive
527 1768 821 1826 ἆρχιεπισκόπῳ
852 1773 1113 1827 Βουλγαρίας.
1179 1773 1263 1812 hinc
1303 1756 1644 1826 πρωτοπρόεδρος.

176 1828 336 1868 loannes
358 1827 599 1880 curopalates
622 1842 661 1881 p.
683 1830 764 1870 839
788 1829 827 1871 b.

289 1882 594 1937 προέλευσις
618 1885 816 1936 processio,
832 1897 992 1954 pompa.
1050 1884 1259 1924 Eustathias
1287 1885 1335 1922 ad
1366 1884 1408 1923 ll.
1438 1886 1482 1925 1:
1512 1882 1643 1923 ἰστέον

178 1937 268 1983 δὲ”’
243 1956 304 1982 οτι
323 1940 494 1992 πέμπειν
514 1938 622 1993 παροῖ
640 1945 724 1989 τοῖς
743 1936 842 1992 μεθ’
864 1937 1047 1993 Όμηρον
1075 1940 1144 1981 και
1168 1938 1214 1982 τό
1239 1939 1470 1980 στέλλεσθαι
1491 1944 1643 1992 θριαμ-

177 1999 317 2052 βικῶς,
338 1993 440 2039 οθεν
458 2013 526 2037 και
546 1994 686 2051 πομπή
709 1993 732 2039 ὅ
750 1995 998 2052 θρίαμβος,
987 1996 1033 2040 δν
1053 1997 1285 2051 προέλευσιν
1304 1995 1332 2049 ἦ
1351 1993 1468 2048 κοινή
1485 1999 1642 2050 ῃλῶσσα

177 2057 301 2096 καλεῖ.
355 2068 390 2094 v·
410 2055 549 2093 Meurs.

290 2106 386 2164 πρό
398 2124 582 2159 κενσος
609 2123 815 2163 processus.
864 2111 912 2148 de
934 2123 1116 2176 processu
1126 2110 1298 2162 principis
1317 2109 1534 2147 Chronicum
1555 2107 1643 2146 Ale-

178 2168 415 2209 mdrinum:
455 2167 499 2211 ἐν
527 2166 734 2237 προκέσσῳ
762 2171 836 2208 τοῦ
858 2163 1047 2219 ἑβδόμου.
1103 2166 1245 2205 Concil.
1274 2166 1380 2217 Cpol.
1410 2166 1479 2203 sub
1503 2165 1641 2204 Menna

178 2231 251 2265 act.
272 2226 320 2265 3:
364 2221 634 2277 προκένσου”
610 2239 726 2271 οντος
750 2224 973 2276 βασιλικοῦ.
1029 2223 1260 2262 Marcellinus
1290 2223 1424 2260 Comes
1452 2224 1489 2260 in
1518 2222 1640 2260 Chro-

178 2282 286 2321 nico:
314 2280 392 2319 hoc
407 2288 580 2332 tempore
598 2279 698 2318 dum
717 2279 776 2318 ad
793 2280 938 2318 horrea
952 2279 1122 2332 publica
1146 2277 1388 2317 Theodosius
1405 2291 1639 2330 processum

180 2337 365 2380 celebrat.
419 2339 530 2378 item:
557 2337 787 2375 Anastasio
815 2337 986 2375 Caesare
1012 2339 1056 2384 iu
1075 2335 1327 2387 processibus
1353 2333 1526 2387 degente.

291 2390 542 2448 πρόοικος
569 2395 684 2433 maior
708 2394 850 2432 domus.
906 2395 959 2433 sic
983 2394 1246 2445 interpretatur
1267 2394 1478 2430 Anastasius
1501 2390 1639 2428 Biblio-

178 2451 358 2492 thecarius
379 2451 419 2490 in
438 2452 602 2490 Historia
618 2451 883 2490 Ecclesiastica.
912 2451 1037 2502 palatii
1058 2450 1282 2501 praefectus,
1310 2449 1438 2500 palatii
1455 2449 1638 2499 princeps,

179 2508 409 2559 subregulus.
465 2507 623 2547 Ursinus
657 2508 705 2545 de
735 2507 844 2546 rebus
875 2508 990 2557 gestis
1019 2507 1059 2547 S.
1091 2505 1330 2555 Leodegarii:
1360 2511 1407 2542 ut
1439 2517 1572 2541 omnes
1597 2517 1638 2540 se

176 2565 494 2616 gratularentur.
515 2577 645 2616 regem
667 2562 812 2601 habere
842 2562 1109 2602 childericum
1138 2569 1173 2599 et
1198 2561 1357 2612 palatii
1384 2561 1637 2613 praesectum

177 2619 490 2674 Leodegarium.
546 2622 717 2670 idemque
743 2619 952 2658 Ebroinuo
980 2634 1006 2657 a
1037 2617 1276 2657 Theoderico
1307 2632 1395 2669 rege
1422 2619 1462 2655 in
1490 2617 1638 2668 pristi-

179 2691 281 2716 num
319 2685 472 2716 statum
510 2680 741 2727 restitutus,
791 2684 828 2715 et
867 2678 1000 2715 maior
1035 2675 1178 2714 domu-s·
1215 2675 1400 2728 effectus,
1459 2676 1636 2726 cogitare

180 2735 308 2786 coepit
331 2733 380 2772 de
401 2734 638 2772 ulciscendis
660 2734 857 2783 inimicis,
887 2736 958 2786 qui
980 2747 1067 2771 eum
1090 2733 1359 2770 meminissent
1377 2729 1520 2768 habere
1541 2729 1637 2767 sub-

180 2791 376 2843 regulum,
405 2791 443 2829 id
463 2796 520 2829 est
538 2791 715 2829 maiorem
737 2791 866 2831 domus
888 2791 943 2831 vel
960 2790 1084 2843 palatii
1101 2791 1313 2842 principem.
1350 2801 1388 2831 v.
1408 2787 1450 2828 P.
1474 2787 1638 2827 warner.

180 2848 231 2887 de
248 2853 344 2898 gest.
362 2847 483 2896 Lang.
505 2850 531 2889 6
555 2861 586 2888 c.
611 2848 675 2887 16.
952 2878 969 2900 ⁸

238 2909 371 2955 (ἴσως.
402 2908 573 2943 cedrenus
600 2912 681 2944 tom.
711 2907 762 2942 11.
1307 2900 1361 2941 59
