1916 3210
0 462 30 915 -Ἷιψῑεπν-,αὶφς
18 414 33 447 ,Ἰν
7 350 10 351 =
0 319 2 322 ’

678 149 1128 195 ANNOTATIONES.
1179 186 1182 188 ,
1540 150 1639 198 785

182 282 187 297 1
282 273 323 314 p.
336 259 418 303 681
436 270 471 303 v.
483 257 558 302 '11.
615 260 861 314 προτίκτωρ]
892 261 995 301 cuius
1013 261 1173 302 officium
1188 263 1290 315 apud
1306 260 1504 303 Meursium
1518 264 1641 304 ieiune

172 318 414 368 annititur,
441 317 615 357 latissime
634 319 734 371 apud
756 318 1002 358 Pancironum
1022 319 1063 358 in
1084 320 1226 372 imperii
1247 320 1371 361 Notit.
1390 334 1424 361 c.
1442 323 1512 365 89.
1567 323 1640 361 im-

153 372 356 430 'postoris
373 374 472 414 latus
490 375 663 428 stipabat.
719 376 861 414 Gon.
1127 413 1131 416 .

284 429 347 469 ib.
368 444 406 470 v.
434 434 499 474 12.
553 426 702 487 ἥρω’ῳ]
731 431 861 472 tumuli
888 432 1052 484 priorum
1077 433 1338 486 imperatorum
1363 446 1389 473 a
1416 433 1640 474 Constantio

167 488 211 529 in
236 488 362 528 limine
389 501 440 527 ss.
465 488 717 540 apostolorum
737 489 850 542 positi
867 486 1004 541 ἡρῶον
1025 494 1132 538 sunt,
1159 489 1323 528 heroum
1344 489 1434 528 loca
1453 496 1492 531 et
1507 491 1639 530 heroi—

170 559 313 584 carum
328 545 506 584 cinerum
520 544 647 594 iaculi,
675 544 720 587 ἕν
739 541 946 601 ἰδιαζούσῃ
965 545 1100 599 μέντοι
1121 550 1222 603 στοᾷ
1239 548 1284 585 in
1295 547 1499 599 peculiari
1516 550 1638 587 nimi-

169 616 262 642 mm
279 602 482 654 purtim-u
501 603 673 654 praefato
696 603 920 643 Constantio
940 608 1153 644 constructa
1171 605 1352 657 dispositi.
1408 605 1576 646 Zonaras
1598 607 1639 646 in

170 659 418 706 Constantino
437 671 565 705 versus
584 659 709 702 finem.
767 660 908 700 GoAn.

283 714 340 754 ib.
372 728 407 755 v.
438 715 503 757 15.
559 715 709 768 trulla]
748 729 798 757 ne
826 718 887 756 vel
913 729 975 757 me
1002 717 1217 769 impedirem
1242 717 1301 757 vel
1325 718 1438 766 alios,
1473 718 1563 758 haec
1588 721 1639 758 ad

168 772 322 813 verbum
348 772 509 812 reddidi.
565 777 625 812 est
654 775 751 813 enim
780 774 920 827 oppido
949 773 1097 814 difficile
1121 772 1302 826 hybridas
1327 788 1456 824 voces,
1494 789 1586 827 quas
1614 790 1639 816 a

167 828 315 872 latinis
343 829 484 868 *Graeci
518 829 614 869 male
645 831 804 870 assecuti
832 835 873 871 et
898 830 1067 871 vitiantes
1096 844 1180 870 suas
1209 833 1400 882 fecerunt,
1437 836 1538 872 recte
1571 846 1638 873 ex-

167 887 339 940 primere.
395 898 442 926 ex
474 885 624 937 Evagrii
654 885 682 928 4
721 889 773 929 31
818 893 975 940 apparet
1010 887 1153 927 trullam
1187 902 1270 929 esse
1305 883 1456 937 θόλον,
1505 890 1543 928 id
1579 894 1639 930 est

167 943 370 985 rotundum
407 941 613 993 fastigium.
669 944 782 983 arbor
813 944 962 986 Persica
994 945 1044 985 de
1073 946 1173 984 cuius
1198 946 1369 985 miraculo
1396 946 1485 986 inde
1511 949 1636 996 refert,

167 1000 210 1041 in
243 1001 411 1052 margine
446 997 661 1053 ροδακινέα
697 1001 923 1054 appellatum
971 1002 1076 1054 quod
1104 1003 1223 1043 obiter
1249 1004 1504 1044 annotandum
1531 1005 1639 1045 vide-

166 1057 290 1102 batur.
345 1057 451 1098 Xu..

174 1147 181 1150 .
281 1111 381 1152 ibid.
441 1107 647 1166 φονρνική
660 1142 672 1163 ,
713 1109 884 1167 ἅμβωνα
898 1143 909 1164 ,
951 1112 1115 1166 σολέας]
1156 1115 1331 1167 hybridas
1363 1130 1471 1158 voces
1505 1118 1640 1159 asserit

167 1170 379 1224 Xylauder,
408 1174 448 1211 et
470 1183 512 1210 se
537 1170 702 1222 aliosque
729 1171 768 1210 in
792 1172 844 1211 eis
868 1172 1155 1224 interpretandis
1174 1173 1356 1225 impedire
1374 1178 1533 1216 veretur.
1589 1189 1641 1216 an

168 1227 335 1281 oppido,
369 1231 412 1268 ut
438 1227 646 1275 existimat,
681 1227 832 1267 difficile
857 1229 1089 1282 interpretari
1116 1225 1159 1270 τό
1186 1228 1413 1284 φουρνική,
1451 1233 1640 1273 ecclesiam

167 1286 247 1325 sive
271 1284 417 1324 trullam
429 1283 664 1337 struicibus
690 1283 942 1336 laqueatam,
971 1288 1030 1325 vel
1058 1289 1101 1324 ut
1128 1286 1253 1326 scribit
1277 1288 1482 1338 Meursius,
1510 1291 1640 1328 instar

159 1341 291 1395 sarni
302 1340 650 1380 concameratam?
673 1344 858 1393 φοῦρνον
877 1343 972 1383 enim
988 1344 1044 1383 ita
1057 1347 1192 1382 vocant
1207 1344 1353 1386 Graeci.
1383 1343 1450 1387 τᾶν
1467 1343 1641 1400 ἄμβωνας

167 1405 403 1452 suggestum
418 1397 623 1448 altiorem,
651 1398 690 1436 in
711 1398 884 1439 ecclesiae
898 1401 1021 1439 medio
1039 1401 1219 1450 locatum,
1247 1402 1285 1440 in
1303 1413 1413 1454 quam
1431 1404 1480 1442 ab
1498 1406 1640 1444 oriente

169 1460 210 1497 et
235 1456 427 1497 occidente
450 1456 627 1507 gradibus
654 1456 889 1507 ascenditur,
918 1470 964 1496 ex
991 1469 1065 1509 quo
1094 1457 1155 1496 dei
1184 1458 1334 1497 verbum
1365 1463 1405 1499 et
1433 1459 1567 1512 legitur
1600 1466 1640 1500 et

168 1512 393 1555 enuntiatur.
447 1509 519 1561 ταὶς
546 1510 686 1560 σολέας
709 1512 867 1564 gradus
891 1513 1018 1552 altari
1039 1514 1266 1564 viciniores,
1299 1515 1336 1554 in
1358 1517 1489 1567 quibus
1511 1519 1638 1557 sedem

165 1568 308 1611 habent
334 1569 575 1618 subdiaconi,
618 1572 657 1608 et
678 1581 701 1608 e
723 1570 854 1621 quibus
875 1571 973 1610 velut
995 1585 1016 1608 e
1035 1569 1136 1608 solio
1158 1571 1256 1623 regis
1278 1571 1415 1614 Christi
1438 1587 1572 1628 corpus
1599 1576 1638 1613 in

165 1625 343 1681 populum
363 1625 511 1667 fidelem
534 1625 775 1666 distribuitur.
833 1627 972 1669 GoAR.
1234 1672 1242 1679 ,

278 1696 318 1737 p.
334 1683 418 1727 582
435 1696 470 1722 v.
495 1684 558 1726 19.
614 1683 879 1737 κουρίσκους]
908 1684 1093 1738 puerescit
1108 1685 1310 1738 interpres,
1331 1685 1527 1737 puerulos
1543 1687 1638 1726 hanc

166 1748 297 1781 vocem
312 1741 450 1781 referre
465 1739 683 1792 suspicatus,
714 1753 812 1792 quae
829 1748 1002 1780 tonsores
1017 1742 1234 1783 diminutive
1249 1743 1446 1795 significat.
1501 1744 1638 1784 Paulus

167 1794 355 1838 Diaconos
372 1797 411 1837 in
430 1796 581 1836 Iuliano.
637 1797 778 1836 GoAn.

280 1867 320 1907 p.
347 1852 430 1896 534
466 1866 501 1892 v.
530 1855 568 1895 6.
625 1848 772 1908 ρόγαν]
810 1854 1010 1906 stipendia
1042 1855 1216 1893 militum
1228 1883 1244 1902 ,
1281 1855 1339 1896 vel
1377 1856 1638 1909 imperatorum

168 1909 276 1950 dona
305 1909 466 1951 calendis
491 1909 688 1959 Ianuariis,
715 1910 898 1951 natalibus
918 1913 1122 1965 principum
1142 1918 1180 1954 et
1200 1913 1341 1952 urbium
1361 1915 1564 1964 regiarum,
1595 1920 1638 1953 ut

166 1968 228 2008 hic
245 1971 375 2007 narrat
391 1966 527 2006 Paulus
546 1966 754 2019 Diaconus,
784 1968 923 2008 eisdem
949 1969 1121 2010 exhibita.
1178 1970 1228 2010 ab
1257 1969 1455 2023 erogando
1479 1984 1549 2010 vox
1570 1972 1636 2011 de-

168 2026 293 2067 ducta.
348 2024 486 2064 Gom.

279 2095 319 2135 p.
344 2083 428 2127 556
458 2094 495 2122 v.
522 2077 587 2124 14.
644 2077 952 2137 ἷερομᾶρτυρος]
992 2081 1187 2133 pontifices
1227 2082 1336 2122 simul
1375 2095 1419 2122 ac
1455 2086 1635 2136 martyres

168 2136 463 2194 ἰερομοῖρτυρας
484 2138 636 2179 ecclesia
657 2141 804 2179 Graeca
823 2143 1021 2190 nuncupat.
1065 2138 1207 2180 GOAn.

280 2209 319 2248 p.
344 2194 427 2238 539
460 2208 495 2236 v.
525 2194 567 2237 4.
624 2197 736 2248 eiqzie
765 2193 1024 2246 inscriptum]
1063 2195 1162 2235 locus
1194 2196 1361 2235 mutilus:
1396 2194 1508 2235 Tarsi
1536 2197 1634 2236 enim

165 2251 239 2292 hoc
264 2252 488 2305 epitaphium
513 2253 549 2291 ei
572 2252 709 2292 factum
733 2258 812 2303 est,
846 2253 948 2303 quod
970 2252 1027 2292 vel
1048 2253 1171 2303 Cydni
1191 2253 1330 2294 mentio
1349 2253 1484 2293 docere
1501 2254 1634 2307 possit,

167 2310 200 2349 si
218 2309 392 2349 Zonarae
411 2322 487 2348 non
506 2322 737 2348 moveremur
756 2309 984 2349 auctoritate.
1038 2311 1141 2348 XYL.

246 2360 247 2363 ¹
278 2379 317 2419 p.
338 2364 417 2408 541
442 2378 477 2407 v.
495 2365 535 2408 5.
591 2366 727 2418 itaque
753 2364 894 2434 multi]
923 2366 963 2405 in
984 2367 1152 2416 margine
1170 2361 1359 2409 τοιοῦτόν
1378 2377 1442 2418 σε,
1474 2363 1636 2419 mma&-

165 2434 308 2477 γουστε
324 2418 487 2472 Ἰσοῖκιε,
519 2419 546 2465 o‘
562 2419 665 2463 καθ’
683 2421 794 2476 ἡμᾶς
811 2437 957 2477 χρονος
975 2420 1182 2475 ἐγνώρισε,
1211 2419 1288 2464 κᾶν
1309 2422 1374 2465 ἐπὶ
1393 2426 1480 2472 τοῖς
1499 2421 1634 2472 ἄλλοις

167 2474 343 2534 ἀγαθοῖς
361 2474 656 2533 προτερήμασιν
675 2479 776 2533 ἔχεις
793 2477 837 2523 τὰ
859 2475 1147 2533 α’παροὶμιλλον.
1203 2480 1364 2531 loquitur
1387 2480 1554 2519 nimirum
1583 2482 1633 2522 de

165 2537 286 2577 Isacio
311 2538 527 2588 Comneno,
557 2537 622 2588 qui
647 2537 812 2589 aequalis
840 2537 909 2577 suit
934 2536 1085 2576 Henrici
1110 2538 1250 2588 quarti,
1280 2538 1386 2576 annis
1406 2537 1540 2576 abhinc
1561 2539 1635 2577 cir-

167 2595 260 2633 citer
286 2595 512 2645 quingentis.
565 2595 668 2644 quod
696 2595 867 2634 annotavi
881 2623 892 2643 ,
933 2598 974 2633 ut
1000 2607 1082 2634 cum
1110 2595 1199 2632 satis
1228 2598 1373 2634 constet
1401 2595 1514 2633 verba
1541 2595 1633 2635 haec

167 2663 246 2690 non
260 2652 375 2702 ipsius
393 2663 476 2691 esse
496 2650 659 2691 Cedreni
678 2653 747 2691 sed
767 2651 922 2699 librarii,
948 2655 1127 2703 appareat
1147 2651 1310 2691 codicem
1332 2651 1529 2704 exo-piari
1549 2653 1633 2705 ipso

166 2720 245 2747 non
260 2707 384 2747 multis
399 2708 505 2747 annis
524 2708 636 2747 fuisse
652 2710 905 2749 recentiorem.
962 2709 1071 2747 Xu..

280 2778 317 2817 p.
337 2763 421 2807 542
439 2775 474 2803 v.
495 2765 560 2806 16.
617 2764 851 2817 Natoliam]
881 2766 931 2804 ita
948 2769 1100 2803 vocatur
1117 2763 1227 2804 Asiae
1245 2776 1330 2816 pars
1349 2775 1445 2815 quae
1463 2763 1633 2817 Propou-

166 2821 248 2861 tide
272 2825 313 2860 et
336 2820 581 2873 Hellesponto
605 2822 655 2861 ab
679 2822 829 2877 Europa
855 2822 1057 2874 dirimitur,
1085 2823 1124 2861 in
1146 2834 1219 2873 qua
1240 2826 1296 2860 est
1317 2822 1426 2862 etiam
1443 2821 1630 2874 Bithynia.

223 2882 356 2930 Georg.
386 2882 561 2937 Cedrenus
588 2887 673 2919 tom.
702 2884 752 2919 11.
1298 2878 1353 2919 50
