1916 3210
286 167 384 216 496
754 163 986 210 GEoRGn
1018 163 1258 226 cEDRENI

285 278 495 332 κἐλεῦσας,
538 279 606 321 καὶ
639 278 682 322 ἐκ
703 275 886 336 παρόδου
902 278 976 322 τοῦ
995 277 1194 336 φρουρίου
1216 277 1397 322 Μενίκου
1415 277 1729 324 ἀντιποιεῖσθαι·

233 355 263 390 C
287 349 332 402 ὃς
350 345 539 392 ἀπελθὼν
561 349 630 389 καὶ
659 348 863 401 συμμίξας
879 350 937 404 τῷ
956 346 1170 404 Πινζαρᾶχ
1189 344 1304 404 ἔργον
1322 346 1461 402 εἴχετο.
1525 345 1634 394 καὶὸ
1654 348 1730 403 μὲν

285 416 519 473 Αἰγυπτίων
544 413 859 471 ἀρχιστράτηγος
884 417 1072 472 Τοῦσπερ
1095 418 1154 473 τῷ
1180 415 1367 473 αἲφνιδίῳ
1390 419 1464 470 τῆς
1487 411 1643 473 ἐφόδου..
1659 417 1731 461 καὶ

281 489 340 544 τῷ
364 482 514 538 πλήθει
540 485 806 539 καταπλαγεὶς
827 482 961 525 οἴκαδε
981 480 1266 538 ὓπενόστησεν·
1300 483 1395 526 οὐδὲ
1415 482 1551 539 ἤνεγκε
1571 482 1616 526 δέ
1634 483 1727 530 dd?

283 552 304 596 ὅ
327 549 571 609 Μουσάραφ
600 550 674 606 τὴν
705 551 906 594 ἐπέλευσιν
931 554 1011 594 τῶν
1042 553 1265 605 πολεμίων,
1321 551 1429 594 ἀλλὰ
1455 550 1528 595 τὸν
1550 551 1762 597 Μῦνῦσονό

283 620 403 679 ἀφεὶς
432 618 552 677 ἔφυγε
582 621 651 662 καὶ
685 620 776 676 περὶ
813 619 866 663 τὰ
899 617 991 676 ὅρια
1027 618 1262 677 Τριπόλεως
1292 621 1504 675 συσχεθεὶς
1536 619 1741 678 ἆνῃρέθψ,
1790 656 1793 660 ⁴

285 686 557 745 παρειλήφασι
581 687 626 730 δὲ
652 687 691 730 οἳ
716 689 805 744 περὶ
833 687 904 731 τὸν
924 685 1163 730 Θεόκτιστον
1193 685 1291 730 αὐτό
1320 705 1363 731 τε
1379 687 1426 731 τὸ
1442 685 1639 746 φρούριον
1657 686 1734 732 σῦν

287 759 481 808 Μενῒκον,
515 755 753 813 παραδοθὲν
782 755 917 806 αὗτοΐς
941 753 1019 797 ὕπὸ
1053 753 1352 814 ἆὸελφόπαιδος
1375 760 1450 799 τοῦ
1474 752 1735 814 Μουσᾶραφ,

288 826 355 868 καὶ
379 824 511 880 ἕτερον
534 821 729 881 φρούριον
744 824 812 867 ἐπί
824 840 931 875 τινος
949 823 1156 878 ἀποτόμου
1174 826 1350 880 κείμενον
1368 825 1529 882 πέτρας,
1553 823 1602 867 τὸ
1619 822 1735 880 λεγό-

287 909 406 947 μενον
430 890 789 950 Ἀργυρόκαστρον.
854 896 984 936 ταῦτα
1009 892 1052 935 δὲ
1073 891 1178 936 οὕτω
1199 891 1549 948 καταστησάμενος
1580 889 1790 942 offeci-1⁰

289 978 447 1011 κτιστος
474 963 660 1016 εἲσῆλθεν
691 962 747 1012 εἰς
775 960 849 1017 τὴν
868 961 1081 1015 βασιλίδα,
1114 960 1354 1017 ἐπαγόμενος
1373 961 1475 1016 μεθ’
1499 954 1646 1004 ἑαυτοῦ
1666 962 1736 1004 καὶ

283 1029 408 1085 Ἀλὰχ
426 1028 498 1073 τὸν
516 1033 588 1072 τοῦ
598 1029 813 1087 Πινζαρὰχ
832 1027 935 1082 υἱόν,
962 1028 1008 1071 ὃν
1025 1030 1092 1071 καὶ
1111 1027 1415 1086 πατρικιότητος
1432 1027 1454 1072 ὃ
1473 1025 1734 1086 αὐτοκράτωρ

238 1109 270 1143 D
293 1098 449 1152 ἠξίωσε.
514 1095 680 1141 κατόπιν
704 1098 748 1140 δὲ
777 1092 882 1153 ἦλθε
910 1099 977 1140 καὶ
1005 1095 1026 1139 ὃ
1051 1096 1285 1154 Πινζαράχ,
1316 1094 1646 1155 προπεμπόμενος
1666 1097 1736 1141 καὶ

290 1164 642 1224 δορυφορούμενος
679 1165 791 1223 παρὰ
820 1170 894 1208 τοῦ
926 1167 1250 1223 χρηματίσαντος
1279 1164 1473 1223 ἄρχοντος
1496 1165 1736 1220 Ἀντιοχείας

287 1232 448 1289 Νικήτα
467 1238 541 1277 τοῦ
561 1235 604 1277 ἔκ
623 1235 857 1285 Μισθείας·
892 1233 936 1277 ὃν
957 1232 978 1276 ὅ
1000 1234 1190 1288 βασιλεὺς
1211 1231 1736 1292 φιλοφρόνωςλᾶποδεξάμε-
1746 1237 1791 1275 15

288 1321 358 1354 νος
385 1304 452 1346 καὶ
484 1301 629 1360 δώροις
658 1305 725 1345 καὶ
751 1302 989 1361 εὐεργεσίαις
1019 1301 1308 1356 δεξιωσάμενος
1340 1302 1387 1345 οὗ
1418 1308 1582 1359 μικραῖς
1602 1295 1738 1345 οἴκαδε

286 1373 482 1430 χαίροντα
501 1371 782 1422 ἐξαπέστειλεν.
849 1369 1102 1429 ἔλυτρώσατο
1133 1372 1176 1413 δὲ
1205 1373 1273 1413 καὶ
1305 1372 1348 1414 ἐκ
1368 1374 1441 1426 τῆς
1464 1370 1740 1426 αι’χμαλωσίας

289 1439 361 1483 τὸν
379 1437 697 1496 Χοιροσφάκτην
715 1442 782 1482 καὶ
802 1446 886 1490 τοΐς
906 1440 1065 1490 οἰκείοις
1082 1439 1275 1482 ἀπέδωκε.
1629 1491 1631 1493 ¹

430 1511 518 1550 Τοῦ
539 1509 910 1565 πρωτοσπαθαρίου
934 1508 977 1550 δὲ
1000 1507 1204 1564 Ὀρέστου,
1249 1506 1294 1550 ὃν
1319 1505 1399 1551 ὑπὸ
1427 1501 1642 1550 Βασιλείου
1668 1509 1742 1550 τοῦ

291 1575 489 1632 βασιλέως
506 1576 548 1618 ἒν
568 1577 728 1637 Σικελία
755 1579 994 1637 πεμφθῆναι
1012 1573 1033 1617 ὅ
1053 1574 1169 1631 λόγος
1192 1573 1390 1631 ἐδήλωσεν
1417 1574 1590 1627 ἄνωθεν,
1625 1574 1795 1617 &nel-20

293 1661 377 1702 ρως
405 1642 563 1698 ἔχοντος
591 1646 681 1701 περὶ
712 1644 764 1687 τὰ
791 1644 986 1698 πολεμικὰ
1025 1645 1092 1686 καὶ
1129 1643 1302 1697 ἀτέχνως
1332 1644 1621 1699 ἐπιχειροῦντος
1656 1649 1741 1693 τοῖς

295 1710 552 1769 πράγμασιν,
610 1712 648 1754 οἳ
680 1713 723 1755 ἐκ
754 1713 935 1762 Σικελίας
963 1714 1192 1767 Σαρακηνοὶ
1227 1710 1646 1769 καιροφυλακήσαντες
1671 1713 1740 1754 καὶ

297 1781 498 1837 αἰφνίδιον
521 1781 745 1834 ἐπιθέμενοι
766 1787 849 1831 τοῖς
865 1779 1094 1834 Ῥωμαίοις,
1127 1779 1207 1835 ’ἤδη
1233 1782 1299 1822 καὶ
1326 1783 1516 1838 κοιλιακῷ
1543 1778 1742 1834 νοσήματι

297 1848 377 1892 ἀπὸ
399 1852 557 1907 τρυφῆς
574 1852 892 1904 κατασχεθεΐσιν,
926 1847 1099 1906 ὄλεθρον
1119 1848 1193 1892 οὐκ
1213 1846 1613 1906 ὄλίγονέῗργάσαντο.
1642 1848 1742 1890 ἄνα-

390 1988 433 2023 11
457 1987 722 2034 βασιλεύουσαν
745 1989 776 2023 C

298 2111 411 2147 nicum
435 2112 610 2148 castellum
631 2116 795 2149 tentaret.
842 2112 949 2159 idque
968 2112 1194 2148 Theoctistus
1216 2112 1379 2147 alacriter
1396 2116 1450 2147 est
1471 2115 1665 2148 exsecutus.
1703 2123 1745 2146 uc

299 2158 438 2193 Tusber
473 2159 609 2204 quidem
639 2160 754 2194 subito
786 2160 861 2195 eius
891 2161 1043 2194 adventu
1072 2171 1113 2194 ac
1142 2158 1360 2193 multitudine
1382 2159 1588 2204 perterritus
1609 2159 1745 2193 domum

297 2203 416 2238 rediit.
464 2206 584 2240 sedet
605 2205 836 2251 Musaraphus
868 2205 1016 2240 hostium
1040 2205 1298 2250 impressionem
1321 2216 1391 2239 non
1410 2205 1584 2239 sustinens
1606 2203 1746 2239 Menico

296 2250 435 2284 ‹leserto
458 2250 569 2296 fugit,
603 2263 644 2286 ac
674 2251 910 2297 deprehensus
943 2252 981 2285 in
1010 2251 1184 2285 montibus
1217 2251 1310 2296 apud
1331 2250 1492 2296 Tripolin
1521 2250 1653 2285 occisus
1677 2253 1745 2284 est.

294 2295 468 2330 Menicum
492 2308 513 2331 a
535 2296 607 2331 filio
631 2298 750 2332 fratris
773 2297 976 2343 Musaraphi
999 2297 1151 2332 deditum
1174 2296 1399 2331 Theoctistus
1422 2296 1559 2342 recipit,
1583 2295 1677 2330 aliud
1702 2306 1746 2330 ue

296 2340 400 2376 etiam
433 2342 610 2377 castellum
641 2343 678 2377 in
710 2348 899 2389 praerupto
922 2344 1024 2378 situm
1047 2355 1151 2387 saxo,
1188 2342 1323 2377 nomine
1344 2343 1645 2386 Argyrocastrum.
1715 2340 1747 2375 is

295 2386 346 2420 ita
369 2388 566 2423 constitutis
589 2389 626 2423 in
648 2390 767 2424 urbem
789 2389 906 2432 rediit,
934 2401 1050 2424 secum
1068 2389 1195 2423 ducens
1217 2388 1387 2422 Arachum
1404 2388 1610 2423 Pinzarachi
1626 2386 1747 2431 filium,

295 2443 397 2476 quem
421 2433 610 2480 imperator
632 2435 779 2481 patricio
803 2435 934 2469 honore
957 2435 1106 2470 ornavit.
1133 2436 1338 2469 subsecutus
1360 2438 1415 2468 est
1436 2434 1538 2468 etiam
1561 2433 1638 2478 ipse
1659 2433 1745 2467 Pin-

297 2478 485 2524 zarachus‚
519 2480 711 2515 deducente
744 2492 785 2515 ac
816 2481 968 2526 stipante
1001 2493 1076 2515 eum
1110 2481 1290 2527 praefecto
1321 2479 1534 2515 Antiocheae
1565 2479 1691 2514 Niceta
1723 2490 1746 2513 a

296 2522 476 2560 Mistheia.
523 2537 623 2571 quem
656 2527 845 2572 imperator
879 2527 1126 2572 benignissime
1158 2531 1337 2571 exceptum
1369 2525 1468 2560 donis
1499 2529 1535 2559 et
1565 2523 1746 2559 beneficiis

297 2567 388 2603 haud
410 2571 610 2616 vulgaribus
632 2572 830 2616 demeritus,
851 2572 978 2608 laetum
999 2573 1134 2608 domum
1153 2572 1296 2608 dimisit.
1321 2571 1486 2606 liberavit
1509 2570 1612 2606 etiam
1630 2570 1747 2605 choe-

300 2615 517 2662 rosphactum
542 2622 578 2653 et
600 2618 673 2653 suis
694 2618 859 2655 reddidit.

393 2681 440 2736 At
461 2684 499 2718 in
519 2684 641 2720 Sicilia
665 2686 810 2722 Orestes
832 2686 1152 2733 protospatharius,
1182 2697 1284 2732 quem
1314 2698 1356 2721 eo
1389 2684 1616 2732 praemissum
1637 2683 1747 2719 fuisse

306 2738 327 2761 a
347 2727 476 2763 Basilio
500 2730 647 2766 diximus
660 2758 670 2776 ‚
705 2733 759 2767 rei
785 2733 929 2768 bellicae
958 2733 1157 2779 imperitus,
1193 2744 1268 2767 cum
1299 2731 1475 2777 negotium
1501 2731 1623 2776 inepte
1655 2731 1748 2764 esset

305 2784 501 2819 aggressus,
525 2777 692 2812 Saraceni
718 2784 819 2824 capto
841 2785 999 2824 tempore
1023 2779 1195 2813 Romanos
1217 2778 1332 2813 subito
1355 2777 1487 2821 adorti,
1511 2777 1571 2822 qui
1591 2775 1749 2822 plerique

305 2818 442 2855 luxuria
462 2821 648 2858 coeliacum
676 2825 828 2859 morbum
859 2829 1123 2869 contraxerant,
1158 2824 1248 2860 haud
1269 2824 1396 2869 exigua
1419 2834 1480 2858 eos
1500 2822 1598 2858 clade
1617 2820 1747 2855 affece-
