1916 3210
322 189 420 237 878
727 187 1024 233 XYLANDRI
1054 189 1129 233 ET
1163 189 1340 234 GOARI

434 304 459 339 t.
478 299 513 338 ΙΙ
539 312 579 351 p.
596 297 679 341 537
700 310 734 338 v·
753 301 796 341 7.
853 297 1147 350 stauropatam]
1177 300 1278 339 unde
1305 299 1340 340 ei
1366 299 1438 340 hoc
1465 301 1621 342 nominis
1650 302 1772 352 fuerit,

320 371 396 397 non
415 368 601 405 assequor.
643 357 748 393 sonat
765 355 869 405 quasi
886 356 1002 393 crucis
1022 355 1323 398 conculcatorem.
1366 357 1433 395 sed
1448 368 1496 396 an
1514 357 1647 410 impius
1663 361 1772 399 etiam

321 414 463 482 habitus
484 412 541 449 hic
560 411 619 459 sit,
647 423 724 449 non
741 414 885 449 constat
902 411 1001 452 mihi.
1029 412 1131 451 XYL.
1189 413 1307 452 verbis
1324 412 1434 452 fidem
1450 413 1595 464 publice
1611 415 1772 455 facturus

318 485 366 509 τα
394 469 503 520 τίμια
530 462 648 515 ξύλα,
679 480 832 504 cracem
862 467 1147 514 venerandam,
1173 469 1317 519 tangit,
1347 468 1516 520 privatim
1540 482 1683 510 crucem
1705 472 1772 510 ali-

319 525 428 576 quam
460 526 643 571 ostentat,
671 523 728 563 vel
755 524 972 562 transversis
1000 524 1180 563 indicibus
1208 538 1289 563 eam
1315 525 1505 574 efformat,
1533 529 1573 564 et
1599 538 1668 577 per
1690 539 1772 567 eam

318 583 440 619 iurans
468 579 705 618 exosculatur.
762 580 906 631 scriptis
925 593 1073 631 quoque
1090 581 1277 633 quidpiam
1296 581 1443 620 firmans
1461 580 1520 619 vel
1537 581 1772 633 pollicitum,

318 638 356 675 in
387 636 534 674 chartae
562 636 719 686 vertice,
747 648 816 675 ceu
838 636 1054 675 sacramenti
1076 636 1301 686 symbolum,
1328 649 1410 676 eam
1426 637 1600 689 apponit;
1629 639 1677 678 de
1698 651 1772 689 quo
1801 659 1803 663 ν

319 694 357 731 in
380 691 641 743 superioribus.
696 692 781 730 hinc
795 693 984 742 periurus
1006 692 1146 743 quivis,
1173 693 1284 732 fidem
1303 697 1452 732 exarata
1470 692 1529 733 vel
1547 693 1648 732 facta
1666 707 1774 735 cruce

319 749 582 800 oppignorans,
609 760 683 786 non
701 748 811 787 fidem
830 749 897 787 sed
916 761 1071 786 crucem.
1085 748 1340 799 proculcare,
1361 753 1537 798 temnere,
1557 762 1774 803 conspuere,

320 818 387 843 ceu
399 799 691 871 σταυροπάτης
719 808 903 844 censetur.
958 804 1038 844 Leo
1067 806 1354 846 Grammaticus:
1382 803 1653 855 ἐξουθένωσεν
1680 804 1775 855 τούς

320 856 534 914 ἐπιόρκους
553 859 621 900 καὶ
641 858 926 929 σταυροποὶτας.
983 862 1118 900 Gom.

431 915 484 953 ib.
519 928 554 954 v.
591 917 653 957 10.
709 912 960 969 ἅνασκαφείη
1003 913 1122 969 ὀστᾶ]
1175 930 1286 970 saepe
1325 918 1414 957 alias
1443 917 1535 958 haec
1561 917 1774 971 imprecatio

320 976 496 1024 usurpata
524 974 581 1011 est
605 973 654 1012 de
679 974 840 1014 mortuis.
898 974 1034 1012 viventi
1055 975 1149 1013 enim
1169 975 1233 1025 qui
1249 974 1476 1014 refodiuntur
1490 973 1602 1014 ossa?
1628 975 1696 1014 sed
1717 975 1775 1013 ni-

320 1030 449 1069 mirum
478 1028 657 1067 abierat
648 1043 686 1067 ιιι
714 1043 818 1068 usum
848 1031 920 1068 ista
947 1030 1185 1082 imprecatio,
1213 1034 1253 1068 ut
1274 1031 1322 1070 de
1342 1031 1433 1069 vivis
1454 1043 1601 1082 quoque
1619 1043 1775 1082 usurpa-

321 1090 443 1133 retur3
489 1097 564 1135 quo
594 1086 704 1124 modo
736 1087 827 1124 fatui
856 1089 1040 1125 nostrates
1072 1087 1174 1124 multi
1200 1087 1421 1126 ferramenta
1451 1090 1490 1126 et
1519 1087 1774 1136 instrumenta,

319 1142 391 1181 alia
422 1155 462 1180 re
492 1153 567 1179 non
596 1143 836 1191 succedente,
865 1147 930 1180 aut
953 1142 1040 1181 laesi
1068 1147 1252 1194 utcunque
1277 1143 1363 1181 diris
1388 1143 1572 1182 devovent
1595 1143 1775 1195 impreca-

320 1199 503 1245 tionibus,
532 1209 628 1247 quae
645 1201 683 1237 in
702 1212 747 1237 ea
761 1212 837 1237 non
853 1199 968 1248 magis
986 1203 1219 1252 competunt,
1246 1211 1355 1251 quam
1375 1202 1573 1252 paupertas
1593 1199 1632 1238 in
1649 1211 1774 1239 saxum

319 1259 384 1294 aut
410 1255 594 1292 damnatio
618 1256 656 1293 in
675 1257 836 1296 foenum.
891 1255 994 1293 Xn.

431 1315 458 1349 t·
480 1310 512 1348 Π
539 1324 578 1362 p
599 1312 680 1353 538
705 1325 740 1351 v.
759 1314 825 1354 20.
881 1308 930 1350 τοὶ
957 1306 1210 1363 Ἐξκούβιτα]
1242 1310 1373 1349 locum
1400 1317 1437 1348 et
1462 1311 1670 1349 stationem
1689 1322 1773 1362 pa·-

318 1367 410 1404 Zatii
442 1366 724 1405 excubitorum.
784 1368 950 1406 Codinus
978 1369 1026 1407 de
1056 1368 1162 1417 Orig.
1190 1367 1274 1406 GP:
1305 1366 1428 1408 ἔκτισε
1442 1364 1491 1407 τοὶ
1509 1363 1683 1407 παλᾶτια
1700 1369 1774 1419 τῆς

321 1426 484 1475 Χαλκῆς
502 1422 570 1463 καὶ
590 1439 671 1464 των
689 1421 968 1476 ’.Εξκουβίτων
1025 1423 1112 1461 alibi
1138 1430 1259 1462 tamen
1282 1424 1380 1475 ipsas
1403 1422 1587 1461 excubias
1608 1426 1685 1463 τοῦ
1697 1438 1775 1464 ποι-

318 1480 480 1527 λατίου,
506 1495 582 1531 την
610 1481 803 1520 παλατίου
830 1477 1127 1533 παραφυλακην
1155 1479 1223 1520 καὶ
1251 1494 1379 1533 ταγμα
1397 1482 1480 1520 ταῖν
1496 1475 1771 1532 Ἐξκουβίτων,

317 1542 357 1575 ut
385 1536 516 1576 Ruffus
544 1539 584 1575 et
611 1537 874 1575 Constantinus
901 1538 1083 1585 scribunt,
1112 1536 1312 1587 significat3
1341 1538 1390 1576 de
1408 1549 1483 1589 quo
1499 1536 1598 1575 nulla
1616 1535 1773 1575 difficul-

316 1597 386 1632 tas.
444 1592 578 1632 Gom.

429 1651 457 1685 t.
483 1648 518 1686 II
555 1662 591 1699 p.
619 1647 701 1690 539
730 1661 765 1686 v,
793 1648 858 1690 15.
911 1642 1172 1700 Ἀντίπασχα]
1214 1648 1405 1698 oppositus
1430 1646 1597 1687 Paschae
1626 1647 1704 1687 dies
1733 1651 1773 1687 et

315 1708 465 1743 octavus
498 1703 719 1755 Antipascha
753 1708 832 1753 est,
869 1704 932 1754 qui
966 1700 1138 1756 κυριακή
1172 1705 1245 1743 τοῦ
1274 1704 1420 1755 Θωμᾶ,
1459 1715 1483 1742 a
1523 1705 1622 1742 lecto
1660 1715 1773 1742 evan-

317 1760 436 1810 gelie,
466 1760 571 1798 nobis
597 1760 780 1798 dominica
805 1760 844 1799 in
867 1759 982 1799 Albis.
1036 1758 1065 1812 of
1091 1759 1201 1813 τρίτη
1228 1761 1290 1811 qui
1312 1761 1498 1812 sequitur,
1527 1759 1659 1800 Martis
1679 1760 1770 1802 dies.

317 1818 452 1855 GoAn.

427 1875 454 1910 t.
479 1871 512 1909 11
540 1884 580 1922 p.
609 1869 688 1914 541
723 1884 758 1910 v·
785 1871 853 1912 21.
923 1867 1156 1922 κατεπάνω]
1195 1872 1419 1923 superiorem
1446 1874 1512 1911 aut
1543 1883 1654 1924 supra
1679 1871 1771 1910 haec

317 1941 388 1967 vox
416 1928 616 1978 significat3
644 1932 872 1979 apparetque
897 1942 981 1968 eum
1009 1928 1113 1967 alicui
1139 1928 1192 1966 rei
1218 1932 1282 1966 aut
1307 1928 1513 1980 provinciae
1533 1928 1644 1967 fuisse
1664 1939 1771 1979 prae-

315 1985 462 2023 fectum.
518 1984 583 2022 sed
613 1984 702 2034 quid
729 1985 861 2033 fuerit,
888 1986 927 2023 in
957 1986 1115 2023 obscuro
1143 1988 1211 2023 est.
1268 1988 1308 2022 ut
1336 1987 1374 2022 et
1399 1984 1634 2034 Argoclines,
1662 1983 1771 2034 quale

318 2042 367 2079 sit
398 2040 510 2078 officii
538 2052 674 2089 genus:
702 2040 821 2079 album
847 2041 982 2080 lectum
1009 2042 1047 2079 in
1073 2053 1164 2079 voce
1189 2040 1358 2088 invenio,
1385 2040 1451 2078 sed
1473 2052 1549 2078 rem
1571 2052 1646 2078 non
1670 2052 1770 2078 asse-

317 2110 422 2147 qu.or
479 2097 567 2146 quid
599 2097 630 2133 si
660 2097 729 2135 suit
757 2098 965 2147 quoddam,
993 2102 1032 2135 ut
1059 2109 1227 2143 aureum,
1255 2098 1308 2134 ita
1331 2100 1543 2146 argenteum
1565 2096 1769 2143 triclinium,

318 2154 418 2191 cuius
445 2152 504 2190 ille
530 2156 674 2190 curator
701 2154 830 2202 fuerit,
862 2149 1180 2207 οἷργυροκλίνής.9
1207 2153 1312 2190 XYL.
1382 2152 1455 2190 tori
1482 2153 1666 2200 minister,
1693 2152 1771 2191 sive

316 2209 482 2247 tardius
483 2209 518 2245 in
544 2208 638 2247 lecto
660 2209 871 2248 decubituro
890 2210 1044 2262 principi
1061 2210 1268 2247 ministrans
1289 2209 1531 2259 adductisque
1549 2212 1586 2247 et
1603 2209 1770 2277 expansis

318 2266 599 2315 circumquaque
629 2267 731 2304 strati
759 2267 905 2304 cortinis
935 2280 1015 2305 eum
1044 2265 1238 2315 obvelans‚
1279 2261 1516 2319 αργοκλίνης
1543 2268 1622 2314 est,
1660 2278 1769 2318 παρα

317 2323 393 2362 τοῦ
417 2316 553 2373 ἀργεῖν
574 2316 680 2372 ἀμφὶ
699 2319 772 2374 τήν
791 2323 942 2373 κλίνην.
1001 2323 1138 2360 Gom.

431 2381 459 2415 t·
485 2377 519 2413 Π
547 2390 586 2428 p
612 2377 694 2419 542
724 2391 761 2419 v.
787 2381 827 2421 8.
885 2376 1074 2430 δικαστην
1100 2373 1320 2428 Ἑλλήνων]
1350 2377 1412 2427 qui
1438 2375 1521 2414 lites
1546 2378 1644 2414 ortas
1673 2375 1769 2414 inter

317 2434 522 2472 Saracenos
550 2433 710 2483 aliosque
735 2435 1036 2486 septentrionales
1054 2434 1218 2473 infideles
1234 2438 1332 2471 ortas
1353 2433 1547 2480 iudicaret,
1572 2435 1612 2471 et
1633 2432 1680 2470 de
1698 2431 1767 2469 illis

315 2502 362 2528 ex
390 2502 508 2538 aequo
540 2493 577 2527 et
607 2491 706 2528 bono
738 2493 969 2540 decerneret,
1012 2493 1050 2528 in
1078 2492 1148 2529 hoc
1173 2503 1197 2528 a
1224 2491 1342 2528 iudice
1371 2490 1545 2527 castrensi
1577 2489 1767 2536 discretus,

315 2546 416 2595 quod
436 2546 494 2583 hic
514 2545 731 2585 Christianis
750 2548 959 2599 imperatori
976 2548 1237 2595 militantibus,
1265 2545 1324 2584 ille
1343 2545 1478 2583 cunctis
1498 2558 1521 2582 a
1539 2544 1674 2582 Christi
1692 2543 1768 2583 fide

316 2601 442 2639 alienis
475 2602 530 2639 ius
565 2603 714 2644 diceret.
772 2609 900 2642 auctor
930 2617 1041 2642 unum
1067 2606 1266 2650 memorat,
1295 2601 1402 2640 alium
1425 2601 1605 2649 Codinus,
1633 2611 1767 2652 nempe

317 2658 657 2707 quinquagesimum
680 2661 877 2699 secundum
902 2660 997 2699 inter
1022 2659 1196 2701 officiales
1220 2671 1367 2697 recense
1369 2662 1393 2696 t.
1452 2657 1588 2695 GoAn.
1621 2683 1626 2688 .

430 2712 483 2750 ib·
496 2727 529 2751 v·
544 2714 608 2754 17.
666 2713 774 2768 πικροὶ
794 2719 867 2756 τοῦ
885 2711 1044 2769 πρώτου
1062 2713 1328 2768 πρεσβυτέρου
1348 2715 1419 2765 τῆς
1437 2711 1551 2763 νέας]
1581 2711 1767 2762 Xylander

319 2767 491 2816 ridicule,
520 2774 559 2807 et
585 2775 626 2809 ut
652 2771 771 2820 lubet,
800 2785 846 2811 ex
872 2774 993 2824 capite
1015 2773 1082 2811 sibi
1104 2772 1232 2820 fingit
1223 2784 1260 2808 ιιι
1275 2783 1371 2809 nova
1387 2770 1505 2807 Roma
1519 2769 1765 2820 presbyteros.

319 2825 479 2862 sanctius
506 2825 629 2877 itaque
655 2831 695 2867 et
720 2829 857 2868 verius:
880 2835 1045 2880 peracta
1069 2826 1263 2879 nuptialis
1286 2825 1560 2864 benedictionis
1582 2822 1767 2862 solemni-
