1916 3210
316 189 413 235 866
736 186 855 229 XYL
861 185 1032 228 ANDIU
1066 185 1139 227 ET
1170 184 1347 228 GOARI

315 296 476 346 intelligo
488 323 500 343 ‚
527 295 739 346 posterioris
758 294 895 332 nummi
913 293 962 331 ad
978 293 1135 344 priorem
1154 293 1267 333 fuisse
1282 306 1364 332 eam
1382 294 1655 346 proportionem
1672 307 1768 347 quae

317 360 376 393 est
406 352 518 390 bessis
549 350 598 389 ad
628 363 770 396 assem,
801 354 842 387 ut
868 350 983 387 maior
1006 349 1153 387 minoris
1173 354 1270 388 esset
1292 351 1510 400 sesquiplus.
1565 364 1650 391 nam
1677 357 1718 390 ut
1742 364 1768 390 a

316 411 343 450 6
368 403 546 459 ἒξάγιον,
577 406 628 443 ita
647 419 670 444 a
689 404 716 446 4
737 399 971 458 τεταρτηρόν
993 406 1138 444 videtur
1156 406 1286 444 dictus.
1342 410 1385 444 ut
1406 406 1436 443 si
1463 409 1564 445 vetus
1585 407 1620 447 6
1638 407 1767 456 (verbi

316 464 461 516 gratia)
488 461 637 511 obolos,
674 474 790 500 novus
820 461 847 503 4
877 460 1005 499 obolos
1036 462 1285 513 appendisset.
1343 460 1481 511 ἔξοδον
1515 475 1584 514 pro
1618 467 1767 516 sumptu

314 521 459 559 videtur
481 518 537 555 bis
559 517 616 555 hic
636 518 814 568 posuisse.
870 517 962 555 ΧΠ..

424 588 452 623 t.
470 584 506 622 ΙΙ
535 597 573 634 p.
592 585 674 624 370
698 595 732 623 v,
749 581 790 622 4.
842 582 1095 632 praedictam
1117 582 1243 632 enim]
1271 583 1438 622 librarius
1456 597 1530 623 non
1549 585 1677 636 inepte
1697 582 1768 625 καὶ

313 639 684 745 ἕῇὴττὲςὲδεξζξιῐοῖλλον
711 634 835 680 αὐτὸν
862 635 930 680 διὰ
957 641 1077 717 rosim
1097 639 1290 691 διηνεκῶς
1308 641 1382 680 τοῦ
1397 641 1591 682 παλαιτίου
1615 635 1768 694 διάγειν
1802 664 1805 667 <

426 762 478 801 ib.
499 775 534 801 v.
555 762 621 803 10.
676 775 787 799 maro
819 762 923 799 enim
951 760 1151 812 absoluto]
1191 762 1282 802 haec
1305 764 1356 803 ad
1380 762 1629 816 Nicephorum
1653 763 1768 816 perti-

316 824 432 869 nent,
463 818 557 857 male
580 830 660 856 cum
682 818 862 869 prioribus
885 831 1059 857 connexa.
1112 819 1208 858 ΧΠ..

427 890 455 923 t.
473 885 507 922 ll
536 898 575 935 p.
593 887 674 926 379
694 897 727 922 v.
746 883 786 926 4.
843 899 1011 935 quoram
1032 885 1098 922 hic
1118 885 1321 937 quintum]
1351 886 1390 924 id
1408 899 1540 927 „verum
1565 898 1647 926 esse
1667 884 1767 924 nullo

317 942 427 981 modo
451 945 592 992 potest,
626 948 707 978 cum
731 941 878 978 omnino
898 946 1052 992 uterque
1073 948 1177 979 natus
1199 943 1246 980 sit
1264 946 1368 993 patre
1392 943 1560 981 Romano
1581 944 1630 991 3,
1659 947 1767 980 ante-

316 1011 426 1049 quam
445 1004 560 1035 mater
579 996 614 1034 Τ
617 996 808 1047 heophano
826 997 969 1036 Phocae
989 997 1196 1049 Nicephoro
1213 999 1422 1049 imperatori
1439 1000 1603 1038 nuberet.
1660 1011 1704 1037 ex
1723 998 1767 1035 iis

316 1067 411 1105 quae
431 1053 636 1100 Panvinius‚
664 1053 774 1090 homo
791 1054 902 1102 longe
918 1054 1212 1102 diligentissimus
1230 1059 1268 1093 et
1285 1054 1535 1105 peritissimus,
1563 1055 1768 1101 annotavit,

317 1109 591 1160 deprehendere
619 1113 726 1159 potes
756 1109 929 1147 Basilium
961 1109 1036 1156 14,
1077 1110 1358 1148 Constantinum
1389 1111 1440 1150 12
1469 1111 1608 1150 circiter
1633 1122 1768 1148 annum

315 1167 385 1203 isto
405 1170 570 1215 tempore
587 1165 728 1213 egisse,
752 1177 826 1214 quo
843 1165 894 1203 ad
913 1165 1053 1216 imperii
1074 1166 1286 1206 societatem
1306 1171 1390 1204 sunt
1408 1178 1431 1204 a
1449 1167 1606 1205 Zimisca
1626 1166 1769 1213 adsciti,

315 1234 338 1259 a
356 1233 430 1272 qua
446 1221 591 1258 vitricus
612 1232 674 1258 eos
690 1220 746 1258 vel
764 1225 915 1273 propter
933 1225 1091 1259 aetatem
1110 1226 1296 1269 arcuerat,
1325 1222 1381 1260 vel
1403 1222 1532 1261 saltem
1550 1221 1638 1260 nihil
1656 1234 1769 1273 prae-

316 1282 373 1315 ter
401 1289 535 1314 nomen
561 1276 777 1315 habuerant.
845 1290 929 1315 nam
955 1278 992 1315 in
1023 1277 1096 1315 fine
1123 1278 1248 1315 Basilii
1275 1279 1440 1316 Zonaras
1467 1281 1520 1317 ait
1546 1278 1655 1316 etiam
1687 1291 1769 1316 cum

315 1333 440 1371 Phoca
467 1345 530 1370 eos
558 1332 769 1383 imperasse.
825 1331 1003 1371 Panvinio
1025 1333 1295 1384 adstipulantur
1315 1346 1409 1384 quae
1430 1334 1532 1372 initio
1552 1334 1680 1372 horum
1699 1334 1770 1371 im-

316 1389 408 1440 perii
440 1388 553 1426 multo
586 1400 695 1438 quam
727 1388 818 1427 haec
846 1390 990 1441 aptiora
1017 1389 1189 1440 leguntur
1212 1390 1310 1442 apud
1335 1394 1497 1428 nostrum
1525 1394 1562 1430 et
1584 1390 1770 1429 Zonaram

315 1445 454 1483 habent
472 1447 614 1482 testem.
669 1444 762 1482 ΧΠ..

428 1510 481 1547 ib.
504 1524 537 1549 v.
557 1513 598 1552 7.
655 1506 876 1564 πρόεδρον]
906 1512 984 1551 eius
1008 1525 1136 1551 munus
1164 1513 1231 1550 fuit
1254 1514 1292 1551 in
1316 1513 1411 1552 cives
1435 1515 1475 1552 et
1493 1525 1568 1551 rem
1588 1511 1769 1564 publicam

317 1568 504 1619 praefecto
533 1567 631 1604 urbis
659 1579 734 1604 non
759 1567 943 1606 absimile:
972 1569 1003 1606 is
1023 1569 1173 1607 enimin
1191 1569 1303 1607 lexico
1319 1581 1500 1618 anonymo
1520 1568 1606 1609 bibl.
1626 1568 1769 1617 Regiae

317 1623 449 1661 dicitur
471 1620 495 1662 ὅ
512 1624 583 1672 τῆς
605 1622 802 1669 πολιτείας
825 1618 1020 1676 ἀρχηγός,
1049 1621 1208 1676 ἡγεμών
1227 1623 1295 1663 καὶ
1314 1626 1479 1676 πρῶτος.
1534 1625 1604 1661 nisi
1628 1623 1769 1662 malue-

318 1679 368 1716 ris
400 1690 423 1715 a
451 1678 605 1716 consiliis
635 1679 867 1729 praecipuum
890 1679 1093 1727 affirmare,
1119 1693 1197 1717 cum
1219 1680 1481 1719 Constantinus
1501 1679 1658 1718 Romani
1678 1680 1770 1717 filius

319 1735 442 1771 statim
475 1734 543 1771 sub
575 1734 700 1784 primis
727 1735 869 1786 imperii
897 1735 1065 1786 auspiciis
1095 1739 1168 1773 tres
1201 1736 1306 1774 simul
1334 1735 1553 1788 προέδρους
1579 1736 1769 1783 creaverit,

320 1789 522 1827 scholarum
537 1789 787 1840 domesticum,
816 1791 1129 1841 protovestiarium
1145 1795 1182 1829 et
1200 1793 1454 1842 drungarium,
1487 1804 1578 1841 quos
1595 1803 1670 1829 non
1686 1790 1772 1829 offi-

321 1845 384 1882 ciis
414 1846 602 1894 adaugere
633 1845 698 1883 sed
725 1846 763 1883 in
793 1847 1024 1896 negotiorum
1061 1848 1409 1886 administrationem
1442 1849 1559 1899 magis
1591 1851 1772 1885 secretam

320 1902 499 1939 advocare
531 1901 668 1951 potuit,
706 1904 743 1939 et
767 1901 840 1940 iam
870 1903 1048 1940 communi
1077 1903 1174 1940 faeta
1202 1904 1379 1952 dignitate
1402 1905 1635 1955 praecipuum
1654 1914 1700 1941 ex
1719 1903 1770 1941 eis

319 1952 673 2050 zpmvonpdsdpov,
711 1960 754 1995 ut
792 1956 904 1997 habet
941 1959 1182 2011 Curopalates
1221 1963 1260 1998 et
1300 1960 1360 1998 Ius
1402 1960 1492 2010 GR,
1539 1959 1769 1997 constituere.

360 2024 452 2052 oar..

430 2082 458 2117 t.
478 2078 513 2116 Π
541 2092 579 2130 p.
595 2077 680 2119 380
698 2092 733 2119 v.
754 2079 818 2120 16.
874 2080 1138 2136 διαρραγῆναι
1164 2079 1208 2122 δὲ
1235 2080 1302 2122 καὶ
1329 2078 1399 2122 τόν
1425 2079 1561 2134 τόμον]
1591 2083 1711 2120 exstat
1731 2081 1770 2118 in

321 2133 412 2172 Iuris
438 2135 722 2174 Graecoromani
750 2136 930 2177 volumine
957 2139 979 2176 l.
1002 2141 1047 2187 2,
1076 2139 1112 2176 in
1138 2151 1230 2188 quo,
1260 2152 1356 2189 quae
1377 2138 1575 2190 Nicephori
1596 2135 1768 2177 Novellas

320 2189 493 2239 revulsit,
526 2191 650 2229 Basilii
672 2192 974 2244 porphyrogeniti
993 2196 1152 2233 sanctior
1172 2194 1326 2233 Novella
1344 2195 1579 2245 subiungitur.
1635 2193 1767 2231 GoAn.

433 2250 462 2283 t.
490 2246 523 2284 ΙΙ
551 2260 590 2298 p.
619 2249 696 2289 391
727 2262 762 2286 v.
791 2249 855 2288 16.
911 2250 993 2286 dux
1011 2250 1182 2300 ficisset]
1212 2251 1342 2289 nobilis
1371 2254 1428 2289 est
1457 2252 1494 2289 in
1523 2250 1678 2288 historiis
1713 2249 1767 2287 his

319 2299 502 2339 Ducarum
520 2303 666 2343 familia.
713 2305 782 2342 sed
799 2305 856 2342 hic
872 2305 981 2344 officii
999 2319 1131 2345 nomen
1154 2320 1235 2345 esse
1253 2320 1326 2344 non
1345 2307 1484 2344 dubito.
1529 2318 1649 2355 neque
1672 2306 1768 2342 enim

321 2358 479 2396 arbitror
499 2360 644 2397 easdem
665 2360 776 2398 fuisse
799 2360 980 2399 Ducarum
1001 2367 1038 2400 et
1060 2363 1257 2401 Phocarum
1279 2362 1443 2401 familias.
1500 2367 1539 2400 et
1563 2374 1643 2399 cum
1668 2360 1767 2408 alibi,

321 2416 399 2451 tum
427 2414 466 2451 in
494 2412 672 2465 principio
701 2416 824 2453 Basilii
849 2417 1006 2456 Romani
1033 2419 1094 2456 filii
1123 2420 1282 2457 invenies
1307 2418 1399 2456 hanc
1431 2431 1553 2456 vocem
1581 2429 1648 2468 pro
1675 2417 1768 2454 duce

320 2469 492 2518 positam.
547 2483 760 2521 rursumque
784 2474 1005 2524 praefectum
1027 2474 1307 2514 Thessalonicae
1325 2475 1361 2513 T
1361 2474 1633 2526 heophylactum
1651 2472 1768 2510 Bota-

321 2525 455 2563 niatem
488 2525 617 2565 δοῦκα
643 2531 767 2576 vocat,
806 2528 894 2567 alias
923 2526 1092 2581 ἄρχοντα
1121 2536 1157 2568 et
1187 2529 1402 2582 στρατηγόν
1431 2529 1661 2581 appellatum.
1715 2529 1768 2565 sic

321 2582 360 2616 et
377 2578 598 2621 Antiocheae
617 2587 653 2621 et
672 2583 809 2622 iberiae
830 2581 976 2632 δούκας
994 2588 1030 2624 in
1049 2587 1278 2624 Constantini
1297 2588 1417 2625 fratris
1436 2586 1598 2637 imperio.
1654 2587 1768 2630 θεῖος

321 2638 442 2673 autem
475 2641 513 2675 et
543 2637 600 2676 hic
629 2643 666 2677 et
695 2639 780 2677 alibi
805 2641 984 2689 significat
1011 2644 1124 2693 patris
1151 2644 1316 2681 fratrem:
1349 2655 1430 2684 nam
1445 2641 1525 2680 Leo
1540 2640 1766 2691 curopalates

319 2689 397 2736 (de
420 2703 494 2740 qua
514 2705 603 2732 voce
623 2695 708 2732 alibi
731 2696 894 2745 dictum)
923 2698 1034 2737 frater
1054 2699 1120 2735 suit
1141 2699 1338 2750 Nicephori
1361 2698 1505 2737 Phocae
1526 2697 1766 2748 imperatoris,

320 2743 413 2836 {lius
432 2746 576 2788 Bardae
593 2750 760 2800 Phocae‚
789 2764 897 2803 quem
918 2758 1022 2805 pater
1044 2756 1242 2808 imperator
1263 2755 1378 2793 factus
1400 2754 1594 2793 Caesarem
1617 2754 1765 2791 crearat.

338 2814 412 2840 ‚vn
