1916 3210
773 153 1058 200 HISTORIA.
1550 151 1649 199 683

187 265 339 324 ἐκείνην
354 269 686 324 καταληῒσασθαι
704 268 772 311 καὶ
789 267 1092 327 ἔξολοθρεῦσαι.
1160 264 1458 325 ὄπισθόρμητοι
1475 266 1521 310 δὲ
1537 263 1652 324 γενό-

187 352 303 392 μενοι
331 336 433 380 εὐθὺ
466 341 540 381 τοῦ
569 338 752 393 θέματος
781 342 862 382 τῶν
890 338 1180 382 Καππαδοκῶν
1213 337 1317 380 κατὰ
1345 337 1391 381 τὸ
1420 336 1649 391 εἰθισμένον

189 404 377 463 ἀκρατῶς
403 404 600 461 ἤλαυνον,
631 404 959 462 καταληῖζόμενοι
985 407 1061 461 μὲν
1089 405 1135 449 τὸ
1162 405 1390 462 προστυχὸν
1416 406 1458 458 ἐξ
1485 402 1653 463 ἐφόδου,

187 472 446 530 ἐφορμοῦντες
476 474 521 517 δὲ
552 479 803 535 πανστρατιᾷ
832 475 936 518 κατὰ
964 480 1038 530 τῆς
1065 479 1139 518 τοῦ
1159 475 1324 518 Ἰκονίου
1348 474 1572 524 πολιτείας·
1602 467 1654 528 ἦν

154 541 268 598 ὁγὰρ
299 539 449 596 πλήθει
478 559 522 586 τε
555 542 714 600 ἀνδρῶν
742 544 810 587 καὶ
843 545 979 586 οἰκιῶν
1010 544 1077 586 καὶ
1111 547 1191 586 τῶν
1222 542 1356 586 ἄλλων
1375 546 1565 600 χρηστῶν
1584 543 1654 585 καὶ

188 611 376 666 ζηλωτῶν
406 611 671 668 διαφέρουσα.
739 609 762 655 ὃ
794 611 840 655 δὲ
863 610 1056 666 βασιλεὺς
1081 611 1123 654 ἓν
1147 612 1352 669 Κελτζηνῇ
1374 611 1469 662 τοὺς
1490 610 1654 668 ἀποφυ-

185 677 333 735 γόντας
359 676 569 735 σποράδην
591 677 908 735 ὑποδεξάμενος,
941 678 998 731 ὥς
1021 679 1072 723 ἂν
1094 679 1150 735 μὴ
1174 678 1252 722 ὑπὸ
1273 684 1354 723 τῶν
1369 679 1587 738 Ἀρμενίων
1608 679 1653 732 ἐξ

186 747 357 804 ἐρημίας
382 746 634 800 ἀπόλωνται,
666 747 835 792 κατόπιν
860 753 942 792 τῶν
969 749 1155 792 ἐναντίων
1185 746 1452 806 ὑποστρέφων
1483 748 1648 805 ἐγένετο.
1669 752 1701 788 Β

185 817 254 858 καὶ
285 815 417 873 κρίσιν
445 816 492 859 δὲ
517 816 669 871 μεταξὺ
689 821 763 860 τοῦ
783 834 827 861 τε
849 815 1044 874 ἡγεμόνος
1062 819 1129 860 καὶ
1150 821 1232 861 τῶν
1246 817 1322 861 σὺν
1339 808 1453 875 αὐτῷ
1469 818 1650 869 καθίσας

130 889 177 927 10
186 883 318 928 οὐδενὶ
342 883 456 942 μέρει
479 884 554 939 τὴν
577 889 753 928 νικῶσαν
777 885 974 939 ἀπέδοτο,
1004 886 1324 942 διαγνωσθέντος
1349 884 1493 929 τούτου
1519 883 1648 942 μόνου

183 953 387 1010 ἀκριβῶς,
433 950 495 997 ὅτι
529 953 633 1009 πλὴν
666 957 741 997 τοῦ
767 955 970 1010 βασιλέως
998 954 1114 998 οὐδέν
1142 956 1226 998 ἔστι
1257 954 1304 998 τὸ
1337 958 1533 998 συνιστῶν
1563 960 1649 1005 τοῖς

177 1019 393 1077 Ῥωμαίοις
423 1020 494 1065 τὸν
518 1020 697 1078 πόλεμον
726 1021 796 1066 διά
824 1040 866 1066 τε
890 1023 938 1066 τὸ
966 1022 1338 1082 προκατειργάσθαι
1356 1023 1402 1066 τὸ
1422 1027 1557 1066 πλεῖον
1574 1025 1649 1066 τοῦ

180 1094 383 1146 στρατοῦ,
416 1091 485 1134 καὶ
515 1090 585 1134 διὰ
613 1091 659 1134 τὸ
692 1091 789 1144 τούς
816 1090 1016 1148 ἦγεμόνας
1042 1094 1195 1136 ἐθέλειν
1219 1094 1287 1135 καὶ
1312 1093 1374 1134 ἐπὶ
1394 1098 1558 1148 μικραῖς
1578 1092 1649 1134 καὶ

181 1163 272 1210 ταῖς
301 1156 518 1213 τυχούσαις
547 1159 748 1215 εὐτυχίαις
773 1159 932 1212 ἑαυτοῖς
951 1163 1019 1204 καὶ
1039 1162 1240 1217 συγγενέσι
1257 1164 1444 1215 μνᾶσθαι
1466 1161 1516 1203 τὰ
1533 1160 1649 1216 μέγι-

126 1231 172 1272 1⁵
183 1243 262 1270 στα
281 1230 362 1271 τῶν
382 1225 623 1284 ἀξιωμάτων
639 1231 706 1272 καὶ
724 1233 986 1288 φιλοτιμιῶν,
1022 1229 1079 1272 δι’
1105 1230 1132 1272 ἃ
1151 1231 1219 1272 καὶ
1238 1228 1333 1280 τοὺς
1351 1228 1500 1280 ἄλλους
1516 1229 1648 1283 ἀπρο-

181 1292 346 1350 θύμους
371 1294 471 1339 εἶναι
500 1296 603 1354 πρὸς
629 1297 675 1341 τὸ
702 1296 881 1354 γενναῖόν
905 1316 944 1342 τι
964 1299 1032 1342 καὶ
1054 1297 1244 1357 ἀνδρικὸν
1263 1295 1593 1356 διαπράξασθαι·
1623 1295 1649 1340 ὃ

179 1361 381 1421 παρόντος
409 1368 484 1408 τοῦ
510 1366 710 1420 βασιλέως
741 1366 815 1410 οὔκ
844 1366 894 1410 ἂν
923 1366 1007 1422 ἔχοι
1025 1364 1169 1425 χώραν
1188 1367 1400 1424 γενέσθαι,
1435 1366 1562 1410 αὐτοῦ
1585 1365 1646 1409 δι’

180 1430 329 1476 ἑαυτοῦ
370 1434 678 1486 ἐπιστατοῦντος
712 1441 798 1486 τοῖς
833 1436 1077 1493 γινομένοις,
1120 1438 1187 1479 καὶ
1218 1434 1350 1479 πάντα
1384 1439 1648 1493 καθορῶντος

178 1498 377 1560 ὁσημέραι
386 1532 402 1554 ,
435 1504 503 1545 καὶ
530 1503 627 1554 τοὺς
655 1508 878 1556 πονοῦντας
898 1503 1105 1561 ἀναλόγως
1122 1504 1389 1560 ἀμειβομένου
1407 1501 1642 1559 τῶνκαμά-
1665 1507 1699 1544 C

120 1575 276 1614 wrm.
344 1568 425 1614 ὅδὲ
439 1572 632 1624 βασιλεὺς
650 1570 720 1615 διά
735 1589 777 1616 τε
793 1574 1026 1624 Κολωνείας
1041 1575 1108 1616 καὶ
1126 1577 1206 1617 τῶν
1217 1574 1489 1630 Ἀρμενιακῶν
1509 1570 1647 1627 θεμά·

175 1654 258 1683 των
275 1638 394 1698 μέχρι
411 1641 659 1695 Σεβαστείας
678 1640 753 1685 σὺν
771 1646 830 1700 τῷ
848 1640 1118 1700 στρατεύματι
1138 1641 1390 1697 διελήλυθεν.
1458 1642 1580 1685 ἐκεῖσε
1602 1641 1649 1684 δὲ

174 1707 331 1763 μαθὼν
348 1705 405 1759 ὥς
425 1708 664 1767 οἴΤοῦρκοι
684 1710 748 1753 ἐπὶ
769 1712 967 1754 Πισιδίαν
986 1712 1054 1754 καὶ
1074 1712 1315 1754 Λυκαονίαν
1335 1707 1567 1760 ἐλαύνοντες
1590 1707 1647 1761 ὥς

180 1778 237 1827 εἰς
256 1775 407 1821 σκοπὸν
426 1776 678 1823 ἀποτείνουσι
695 1779 741 1823 τὸ
759 1778 942 1833 Ἰκόνιον,
977 1778 1143 1835 ὥρμησε
1165 1781 1233 1822 καὶ
1255 1779 1378 1830 αὐτὸς
1400 1778 1495 1822 κατ’
1518 1778 1646 1837 οὐρὰν

175 1843 311 1889 αὐτῶν
338 1843 516 1889 ἐλαύνειν
541 1847 660 1906 μέχρι
684 1852 759 1904 τῆς
779 1849 994 1906 λεγομένης
1009 1847 1261 1906 Ἠρακλὲους
1277 1846 1566 1904 κωμοπόλεως,
1601 1848 1645 1890 ἔν

173 1953 328 1991 stitisset
359 1954 541 2001 quominus
572 1955 771 1992 universam
801 1960 930 1992 terram
959 1956 1052 1992 illam
1081 1956 1283 2004 depopulati
1308 1956 1467 1992 funditus
1491 1956 1643 1991 evertis-

173 2006 266 2039 sent.
311 2001 518 2037 recedentes
548 2001 659 2048 igitur
685 2009 783 2039 recta
804 2003 841 2037 in
864 2003 1040 2048 regionem
1060 2003 1308 2050 Cappadocum
1330 2002 1434 2038 solito
1457 2014 1554 2037 more
1577 2014 1643 2037 ve-

170 2046 354 2083 hemenoer
373 2048 648 2094 contendebant,
675 2061 720 2084 ex
741 2049 869 2085 itinere
890 2050 927 2084 in
949 2061 1178 2095 quaecunque
1200 2049 1398 2084 inciderant
1419 2049 1643 2095 praedantes,

172 2098 212 2128 et
233 2105 309 2128 cum
336 2093 428 2128 omni
450 2095 606 2130 exercitu
629 2095 666 2130 in
686 2095 798 2130 Iconii
819 2106 892 2130 rem
915 2095 1087 2141 publicam
1105 2095 1335 2140 invadentes,
1372 2105 1461 2140 quae
1484 2100 1521 2130 et
1543 2095 1643 2130 viro-

171 2149 250 2174 rum
270 2139 491 2175 multitudine
513 2146 550 2176 et
573 2141 749 2176 domorum
771 2146 876 2187 atque
900 2141 1044 2177 aliarum
1067 2153 1206 2187 rerum,
1233 2152 1323 2187 quae
1345 2140 1423 2175 usui
1448 2146 1550 2182 sunt,
1579 2153 1644 2176 co·-

171 2184 234 2232 pia
255 2187 470 2231 praestabat.
515 2186 706 2233 imperator
729 2192 843 2222 autem
866 2187 903 2222 in
926 2187 1102 2232 Celzene,
1126 2199 1203 2222 cum
1228 2199 1289 2222 eos
1312 2187 1372 2233 qui
1395 2186 1559 2233 dissipati
1582 2188 1642 2221 fu-

171 2235 298 2312 gerant
319 2231 536 2286 excepisset,
567 2245 612 2267 ne
634 2234 678 2268 ab
699 2233 892 2288 §rme-niis,
905 2233 1012 2288 ‘quod
1035 2233 1166 2268 deserti
1188 2238 1326 2288 essent,
1350 2233 1524 2287 perirent,
1542 2244 1644 2287 ‘pone

198 2282 294 2312 ostes
326 2277 479 2313 rednbat.
527 2289 674 2324 cumque
704 2280 868 2314 1ud1c1um
903 2285 997 2314 inter
1031 2279 1154 2314 ducem
1179 2284 1215 2314 et
1237 2279 1363 2313 mnhtes
1387 2284 1642 2325 constitulsset,

171 2322 259 2358 nulli
290 2323 384 2369 parti
414 2323 510 2360 litem
543 2324 778 2369 adiudicavit,
813 2337 887 2360 cum
911 2325 978 2360 hoc
1001 2324 1109 2360 solum
1134 2324 1350 2371 exploratum
1373 2325 1542 2370 haberet,
1577 2337 1643 2360 ex-

169 2374 274 2416 cepto
306 2369 520 2416 imperatore
550 2370 636 2405 nihil
660 2383 739 2406 esse
763 2370 857 2406 aliud
880 2371 971 2417 quod
995 2371 1162 2407 Romanis
1185 2372 1339 2407 conflare
1366 2370 1490 2406 bellum
1513 2371 1640 2418 possit,

170 2415 266 2462 quod
297 2415 446 2450 maxima
475 2427 558 2462 pars
591 2417 766 2452 exercitus
790 2422 872 2452 ante
894 2416 1089 2462 defatigata
1111 2418 1179 2461 sit,
1215 2422 1252 2452 et
1282 2418 1375 2463 quod
1398 2417 1504 2452 duces
1528 2417 1643 2454 velint

169 2461 228 2498 vel
263 2462 308 2497 ob
344 2462 493 2507 exiguos
522 2474 710 2509 prosperos
737 2474 921 2498 successus
951 2463 1118 2498 maximos
1147 2463 1217 2499 sibi
1248 2468 1285 2499 et
1317 2463 1390 2498 suis
1419 2463 1571 2498 honores
1604 2468 1642 2499 et

168 2507 326 2555 praemia
348 2509 544 2554 spondere,
576 2514 649 2544 tum
673 2508 776 2544 etiam
800 2510 893 2555 quod
917 2509 976 2544 alii
1000 2510 1113 2545 minus
1135 2509 1268 2544 alacres
1292 2510 1335 2544 ad
1358 2514 1502 2544 strenua
1525 2515 1562 2544 et
1583 2509 1642 2544 vi-

166 2554 249 2589 rilia
278 2554 437 2589 facinora
468 2556 640 2601 patranda
671 2556 884 2598 reddantnr3
919 2556 1013 2601 quod
1043 2555 1181 2601 quidem
1212 2560 1398 2603 praesente
1426 2555 1640 2602 imperatore

166 2600 248 2635 fieri
280 2600 422 2646 nequit,
457 2613 533 2636 cum
566 2602 578 2636 i
606 2613 646 2636 se
678 2603 784 2637 rebus
818 2613 985 2647 praesens
1018 2602 1203 2648 omniaque
1235 2601 1393 2648 quotidie
1416 2602 1639 2649 conspiciens

167 2645 370 2681 laborantes
393 2657 458 2692 pro
482 2652 560 2682 rata
594 2649 736 2683 aborum
761 2652 863 2694 parte
884 2653 1178 2685 remuneraretur.
1223 2647 1414 2695 imperator
1434 2653 1547 2684 autem
1571 2659 1638 2693 per

168 2691 338 2727 coloniam
378 2698 415 2727 et
447 2692 685 2729 Armeniorum
718 2694 896 2739 regionem
928 2706 1040 2739 usque
1069 2695 1115 2730 ad
1145 2694 1330 2730 sebastem
1365 2706 1441 2730 cum
1477 2694 1637 2731 exercitu

167 2738 350 2785 profectus
381 2743 456 2782 est;
493 2740 554 2774 ubi
586 2751 663 2775 cum
694 2739 919 2784 cognovisset
941 2740 1080 2776 Turcos
1103 2741 1148 2777 ad
1170 2740 1338 2776 Pisidiam
1362 2744 1399 2776 et
1420 2741 1635 2786 Lycaoniam

167 2784 362 2819 adventare
383 2797 424 2830 eo
449 2785 593 2821 consilio
618 2791 657 2822 ut
673 2785 829 2821 Iconium
847 2790 1032 2832 peterent,
1055 2786 1135 2833 ipse
1150 2799 1290 2834 quoque
1307 2794 1494 2822 extremum
1510 2799 1634 2833 agmen

166 2841 287 2868 eorum
317 2829 496 2867 insecutus
525 2843 636 2880 usque
665 2832 711 2870 ad
739 2831 904 2869 Herculis
926 2833 1163 2882 Comopolim,
1197 2833 1251 2872 ita
1271 2833 1420 2881 dictam,
1454 2833 1631 2882 pervenit.
