1916 3210
18 803 19 806 „
0 616 23 746 :err-³}-

642 151 1112 196 ANNOTATIONES.
1526 151 1626 199 787

154 260 272 318 plns
285 261 536 316 Ασκιβίζων.
594 262 696 316 apud
728 261 978 316 Nicephorum
1008 263 1143 314 legitur
1167 263 1220 304 ita
1249 265 1291 303 ut
1316 265 1416 316 apud
1446 252 1627 306 Sozome-

153 327 282 366 ω
264 389 307 430 p.
312 320 419 422 {1¹⁵¹
430 389 467 417 v.
487 378 554 419 11
611 387 715 428 quae
741 376 1011 414 inem-cesserat
1033 389 1182 429 magno
1207 376 1390 430 Basilio]
1416 378 1455 416 in
1480 355 1643 425 Graeco>

153 407 255 477 loct·
281 438 342 475 est
365 434 586 486 depravatus
613 438 654 473 et
678 432 808 472 Iuliani
829 446 966 473 nomen
986 433 1243 475 alienissimum
1261 449 1286 474 a
1304 436 1488 475 sententia
1510 437 1626 476 incul-

151 495 287 533 catum.
352 502 426 542 ego
455 490 644 530 historiam
671 494 818 530 secutus
848 503 952 539 sum,
990 503 1101 542 quam
1127 492 1240 532 habet
1267 493 1417 532 Sozom.
1446 495 1473 535 6
1507 494 1558 536 15
1587 502 1628 533 et

153 545 384 601 Nicephorum
415 549 467 589 11
499 548 565 590 18.
621 547 726 586 Xn..

263 601 410 658 p.,546⁴
426 616 462 643 v·
477 605 517 645 8.
574 602 788 641 concilium
809 603 854 641 in
875 602 1061 656 Illyrico]
1092 604 1240 655 Syrmii.
1298 605 1395 644 Xrt..

266 659 407 714 ιιιό48
426 673 460 700 V.
478 660 520 700 2.
575 658 818 712 Dominica]
847 659 1019 701 Zonarae
1036 661 1233 700 Domnina.
1271 666 1399 701 noster
1417 661 1626 713 Δομνίκαν

154 719 196 758 et
225 716 289 758 alii
321 715 551 756 Dominicam
586 718 723 757 rectius
757 717 956 770 appellant.
1013 719 1116 784 quod
1156 724 1279 758 autem
1316 719 1448 757 dicitur
1483 726 1627 758 statura

133 775 270 827 „fuisse
304 773 441 815 Valens
481 773 698 829 ὃιμοραία,
739 787 816 813 ιιοιι
857 787 950 813 sane
985 776 1060 813 scio
1099 776 1188 826 quid
1230 775 1508 826 intelligendum
1548 778 1626 817 det

155 831 342 884 δίμοιρον
376 830 520 871 bessem
559 830 752 882 significat.
808 835 849 871 et
889 831 919 869 si
960 828 1123 883 ἠλικίαν
1152 837 1309 872 aetatem
1342 838 1463 872 vertas
1492 833 1640 885 (quodf

154 887 314 928 alienum
336 886 419 928 loco
443 887 640 939 videtur),
668 900 734 926 cur
754 887 809 930 50
830 899 1010 927 annorum
1028 893 1131 928 aetas
1151 889 1334 942 δίμοιρον
1352 893 1522 938 vocetur,
1552 904 1627 929 non

81 964 90 969 -
157 945 247 985 satis
264 948 444 997 apparet,
471 943 540 983 nisi
559 945 724 983 fortassis
743 943 798 986 75
817 945 902 983 anni
922 944 977 983 ius
980 950 1054 984 tum
1073 945 1229 985 hominis
1246 951 1333 985 sunt
1349 959 1490 986 aevum.
1530 948 1625 989 ΧΠ..

157 1001 353 1043 salebras·
342 1014 383 1041 ιιι
405 1000 518 1054 plano
542 1002 686 1053 quaerit
706 1001 765 1040 hic
789 1001 994 1052 Xylander,
1024 1011 1063 1042 et
1084 1015 1194 1053 quam
1214 1016 1282 1055 pro
1303 1009 1461 1042 statura
1481 1017 1628 1044 sumere

156 1059 330 1108 deberet,
358 1059 485 1097 aetati
511 1071 639 1098 vocem
668 1057 865 1111 applicat
855 1071 893 1096 m
923 1059 1266 1100 Observationibus.
1325 1061 1392 1100 sed
1418 1073 1489 1100 nec
1513 1060 1627 1100 allata

155 1115 271 1156 verba
297 1119 451 1156 sonant:
466 1114 562 1167 suit
590 1112 741 1154 Valens
766 1121 924 1153 statura
949 1115 1159 1154 medmcri:
1190 1118 1278 1168 quin
1301 1117 1425 1170 potius
1449 1118 1508 1155 ita
1523 1132 1626 1169 pro—-

157 1186 249 1211 cera
273 1178 319 1211 ut
344 1169 492 1211 bessem
511 1169 716 1211 videretur
739 1185 970 1241 exaequare.
1011 1186 1100 1213 nec
1122 1174 1270 1213 mirum:
1298 1175 1411 1214 frater
1430 1175 1526 1214 enim
1545 1173 1628 1214 Va-

157 1228 379 1270 lentinianus
400 1223 454 1282 ἦν
472 1228 530 1286 τω
549 1225 702 1281 σώματι
722 1224 961 1283 εὐμεγέθης,
990 1241 1035 1268 ac
1052 1230 1090 1269 in
1107 1231 1247 1283 pietate
1267 1231 1423 1270 absimili
1442 1242 1569 1285 parem
1590 1233 1627 1272 ei

155 1288 278 1340 potuit
296 1287 428 1326 natura
449 1287 652 1326 concedere
671 1287 833 1353 corporis
850 1287 1122 1338 proceritatem.
1179 1288 1318 1328 GoAfl.

269 1357 308 1396 p.
331 1344 415 1387 550
441 1347 565 1387 v.12.
624 1338 821 1397 αἱρετικός
848 1343 951 1382 initio
978 1344 1148 1382 Gratiani
1176 1347 1246 1383 vox
1273 1357 1421 1396 prorsus
1447 1357 1626 1397 superva-

156 1412 272 1440 canea
290 1400 509 1452 veritatique
527 1400 684 1440 adversa
707 1404 776 1441 est.
835 1403 872 1440 et
893 1401 994 1451 quod
1014 1401 1063 1440 de
1082 1401 1295 1440 Theodosio
1313 1401 1466 1450 dicitur,
1494 1401 1626 1441 falsum

156 1457 220 1498 alii
240 1457 402 1496 historici
422 1457 639 1498 ostendunt.
695 1469 739 1496 ac
762 1460 824 1508 qui
845 1469 928 1496 eum
946 1457 1086 1496 curavit
1103 1458 1276 1506 interfici,
1305 1458 1336 1496 is
1354 1458 1402 1496 ab
1422 1457 1520 1507 aliis,
1549 1471 1625 1497 non

157 1519 200 1554 ut
216 1527 240 1553 a
253 1519 384 1553 nostro
397 1513 653 1564 Maximianus,
682 1514 752 1553 sed
765 1514 947 1553 Maximus
965 1514 1184 1555 nominatur.
1243 1519 1281 1555 et
1298 1515 1350 1554 sic
1366 1515 1479 1555 etiam
1497 1521 1626 1555 noster

156 1571 272 1612 habet
290 1582 389 1610 anno
410 1569 615 1610 Theodosii
630 1571 800 1623 septimo.
856 1570 952 1611 Xn.

268 1641 308 1685 p-
327 1625 411 1671 558
433 1639 469 1667 v.
489 1629 557 1670 20.
615 1623 907 1682 συντακτήριον
936 1623 1083 1681 λόγον]
1126 1627 1329 1667 orationem
1355 1627 1499 1667 titulum
1529 1628 1626 1667 hunc

155 1684 426 1739 praeferentem
452 1685 717 1738 componendis
743 1685 999 1738 episcoporum
1021 1685 1182 1723 dissidiis
1202 1698 1226 1723 a
1247 1684 1429 1734 Gregorio
1449 1686 1633 1736 theologo

155 1741 445 1811 pronuntiatam
445 1754 528 1781 cum
546 1741 738 1793 Xylandro
754 1741 919 1795 plerique
936 1746 1148 1790 autumant,
1176 1753 1284 1808 quam
1312 1741 1439 1780 Billius
1466 1743 1625 1781 Observ.

159 1811 253 1838 sacr
281 1801 302 1841 1
333 1800 391 1842 22
417 1793 714 1852 ἆποτακτήριον
740 1800 865 1851 potius
891 1804 1039 1848 censet,
1083 1811 1159 1849 qua
1186 1799 1358 1837 nimirum
1387 1799 1478 1838 alios
1504 1799 1626 1839 valere

158 1856 242 1908 quis
260 1851 376 1895 iubet.
425 1855 504 1894 eius
518 1856 726 1895 coniectura
743 1855 965 1895 Damasceni
982 1856 1154 1904 maxime,
1183 1856 1259 1894 sive
1280 1857 1439 1894 auctoris
1462 1869 1554 1908 opus
1538 1856 1624 1895 sculi

160 1911 271 1965 quod
297 1913 445 1950 mortui
471 1912 691 1950 viventium
721 1910 920 1961 benficiis
949 1913 1160 1958 inventur,
1198 1913 1320 1950 verbis
1348 1912 1514 1961 fulcitur,
1542 1914 1624 1964 qui-

159 1970 228 2010 bus
255 1970 420 2008 damnati
447 1982 470 2009 a
497 1969 602 2008 iustis
631 1970 794 2022 separati
822 1972 996 2022 θρηνεῖν
1014 1985 1058 2012 το
1080 1963 1390 2021 συντακτήριον,
1420 1970 1464 2006 in
1482 1969 1631 2007 ultimo

160 2026 342 2079 digressu
360 2025 578 2064 lamentari
599 2029 637 2066 et
658 2027 707 2066 de
726 2026 850 2065 futuro
873 2027 911 2064 in
931 2030 1119 2065 aeternum
1141 2026 1293 2064 dissidio
1310 2027 1508 2077 conqueri
1537 2039 1623 2078 per-

158 2083 344 2124 hibentur.
391 2084 517 2123 scribit
537 2096 686 2135 quoque
705 2087 833 2122 auctor
848 2083 997 2122 inferius
1015 2097 1052 2136 p.
1072 2082 1154 2125 555
1178 2078 1465 2135 συντακτήριον
1482 2082 1623 2136 ἔκπλη-

161 2142 287 2193 ροῦν,
313 2153 384 2193 pro
409 2153 456 2180 eo
483 2141 586 2192 quod
611 2145 671 2180 est
697 2141 896 2179 discessum
920 2140 1016 2178 votis
1037 2139 1227 2191 conceptis
1255 2138 1327 2178 deo
1353 2141 1621 2179 commendare.

157 2197 324 2238 Lexicon
341 2210 584 2267 anonymum.
611 2192 892 2249 συντακτήριοι
918 2192 1029 2250 λόγοι
1058 2195 1102 2237 οἷ
1123 2195 1168 2237 ἐν
1191 2190 1347 2245 ἐξόδοις
1363 2195 1430 2237 ἐπὶ
1447 2199 1529 2236 τῶν
1550 2193 1623 2250 ἅρ-

158 2249 314 2308 χόντων
341 2249 683 2323 ἆποχαιρετισμοί,
711 2249 798 2302 οἷος
818 2251 929 2294 καὶ“”
905 2269 926 2294 ο
946 2256 1020 2294 τοῦ
1039 2248 1212 2306 μεγάλου
1229 2249 1379 2305 πατρός
1397 2255 1623 2307 Γρηγορίυυ

159 2313 236 2354 τοῦ
255 2306 452 2365 θεολόγον
474 2307 772 2363 συντακτήριος.
827 2314 957 2350 auctor
988 2310 1152 2350 Bardam
1184 2309 1373 2349 Michaelis
1403 2311 1621 2350 avunculum

159 2369 252 2409 mari
275 2381 317 2408 se
338 2369 611 2408 commissurum
629 2368 743 2407 refert
764 2363 1053 2420 συντακτῆριον
1072 2365 1342 2418 ἐκπληρῶσαι,
1369 2370 1458 2407 ante
1484 2368 1622 2407 disces-

160 2438 242 2466 sum
261 2425 428 2465 videlicet
444 2425 690 2476 nuncupatis·
709 2425 810 2462 votis
826 2425 900 2461 iter
918 2424 989 2462 deo
1007 2423 1310 2462 commendasse.
1370 2423 1508 2463 GoAn.

272 2483 414 2536 19-556
434 2495 469 2522 v.
490 2484 557 2523 10.
614 2479 854 2534 quibusdam
876 2480 1017 2533 rebus]
1056 2476 1114 2521 δι’
1142 2480 1270 2528 αἰτίας
1297 2495 1410 2528 τινας
1438 2485 1497 2521 est
1521 2481 1627 2533 apud

161 2538 360 2580 zonarum.
415 2543 542 2580 noster
569 2538 682 2578 habet
712 2535 779 2579 διοὶ
807 2535 969 2590 μιτάτα,
998 2538 1102 2590 quod
1122 2538 1212 2589 quid
1230 2538 1298 2576 sibi
1317 2538 1404 2576 velit
1423 2551 1499 2576 non
1519 2550 1623 2577 asse-

161 2610 267 2648 quor.
321 2597 472 2636 historia
492 2597 584 2635 haec
606 2600 665 2635 est
684 2600 834 2648 praeter
856 2600 997 2635 ceteros
1019 2596 1119 2647 apud
1140 2595 1408 2634 Theodoritum
1432 2595 1528 2634 Hist.
1550 2594 1623 2634 Ec,

161 2653 248 2693 cles.
274 2651 302 2694 6
340 2655 411 2702 17,
451 2653 552 2706 apud
584 2654 829 2692 Sozomenum
859 2655 886 2694 7
923 2651 1000 2701 24,
1041 2651 1291 2704 Nicephorum
1324 2654 1375 2692 12
1409 2648 1478 2694 40.
1553 2652 1622 2691 sed

161 2707 305 2764 μιτᾶτα
334 2709 459 2749 nullibi
487 2711 683 2761 quadrant.
739 2710 809 2748 nisi
837 2713 1020 2748 certamen
1046 2709 1207 2748 circense
1231 2708 1383 2747 mitaton
1409 2708 1560 2757 dixerit,
1598 2720 1628 2746 a*

159 2768 266 2807 metis
285 2767 416 2818 quibus
434 2767 472 2806 id
490 2766 750 2807 includeretur.
779 2767 873 2807 er..
941 2767 990 2805 ad
1010 2771 1145 2805 metam
1164 2766 1221 2804 hic
1236 2765 1358 2803 allisus
1374 2764 1468 2804 iacet
1484 2766 1623 2814 Xylan-

161 2824 251 2872 der,
278 2826 422 2864 nescius
444 2824 713 2865 decertationes
731 2824 941 2875 aurigarum
955 2836 1078 2863 currus
1096 2823 1144 2863 ad
1162 2828 1308 2861 metam
1324 2822 1566 2873 agitantium
1579 2823 1632 2861 in.
