1916 3210
333 184 430 231 884
856 183 1039 228 IACOBI
1080 182 1253 228 GOARI

639 366 1041 429 1A'cossl
1126 381 1479 431 GOARI

332 436 946 527 IN'IOANNEM
996 468 1784 530 CUROPALATAM

818 575 858 617 N
925 575 968 618 Ο
1036 576 1074 618 Τ
1141 577 1175 618 A
1243 577 1293 619 E.

442 687 471 722 t.
486 683 520 721 ΙΙ
548 696 583 734 p.
605 681 682 724 641
703 695 740 722 v.
764 685 831 725 10.
889 678 1153 736 οἷλλοτριώσας
1169 681 1314 725 τούτου
1331 680 1560 735 παντάπασι
1578 681 1654 736 τήν
1675 685 1785 736 βασι·-

332 738 464 790 λεὶαν]
492 739 706 788 religionem
723 751 772 777 an
788 739 962 778 ecclesiae
980 740 1049 778 sibi
1075 745 1281 792 arrogatam
1300 741 1347 779 ab
1366 741 1645 792 imperatoribus
1666 741 1784 780 Grae-

332 797 383 834 cis
403 796 560 833 laudabo
576 799 820 846 potestatem,
853 801 893 834 et
921 808 966 834 ex
992 796 1143 835 ecclesia
1169 798 1349 847 quosdam
1368 798 1407 836 in
1424 797 1597 848 palatium
1616 797 1784 839 inductos

332 853 421 889 ritus
439 849 677 889 memorabo?
733 863 836 889 sacco
857 855 897 890 et
916 853 1076 902 mandya
1094 854 1359 901 vestiebantur,
1398 865 1550 903 quorum
1574 851 1632 892 ille
1657 865 1785 904 supre-

331 920 471 946 morum
497 907 707 958 pontificum
729 910 787 945 est
809 908 848 944 in
871 909 981 946 sacris
1004 907 1183 947 habendis
1209 912 1483 957 ornamentum,
1520 909 1579 947 hic
1597 908 1782 957 lectorum3

331 963 373 1001 ut
399 977 443 1002 ex
472 963 612 1014 scriptis
633 962 824 1013 Symeonis
846 963 1184 1003 Thessalonicensis
1201 965 1333 1016 liquet,
1371 965 1517 1015 insigne
1537 965 1781 1016 praecipuum.

330 1032 416 1057 crux
435 1023 615 1068 sceptrum
637 1023 736 1068 erat,
774 1019 915 1068 regium
935 1021 1125 1072 penetrale
1147 1021 1301 1062 κελλίον
1325 1021 1470 1058 cellula
1488 1021 1683 1072 postremis
1703 1032 1784 1059 sae—

332 1075 419 1113 culis
439 1075 633 1121 audiebat,
668 1087 711 1113 ac
728 1074 770 1116 ἐν
789 1071 936 1130 ἀκακία
948 1106 958 1124 ,
999 1076 1141 1114 sacculo
1169 1081 1265 1116 terra
1284 1077 1422 1129 repleto
1442 1078 1575 1126 iugiter
1591 1089 1700 1115 manu
1717 1089 1784 1126 ge-

333 1135 452 1178 stato,
489 1138 705 1182 perpetuum
734 1144 817 1169 cum
848 1132 1031 1170 monachis
1062 1132 1123 1171 leti
1145 1134 1248 1183 quasi
1271 1133 1476 1184 praesentis
1503 1133 1572 1171 sibi
1594 1132 1786 1182 fingebant

331 1187 584 1237 spectaculum.
642 1199 744 1225 sacra
771 1187 869 1225 dona
894 1200 975 1226 cum
1001 1189 1248 1228 sacerdotibus
1271 1193 1309 1228 et
1330 1189 1511 1236 diaconis,
1545 1189 1650 1238 quasi
1674 1188 1784 1226 choro

331 1243 506 1280 lectorum
534 1242 658 1291 asciti,
695 1243 927 1282 deducebant
954 1245 1003 1283 ad
1025 1245 1160 1292 altare3
1198 1257 1243 1283 ac
1266 1249 1307 1283 ut
1338 1245 1600 1284 ecclesiasticos
1628 1257 1786 1283 canones

331 1299 380 1336 ab
402 1299 454 1336 eis
472 1299 626 1336 sancitos
648 1302 809 1347 taceam,
848 1299 1081 1351 episcopatus
1109 1302 1147 1338 in
1167 1301 1387 1353 metropoles
1411 1313 1537 1339 eorum
1556 1300 1684 1339 edictis
1707 1313 1789 1339 mu-

331 1358 429 1392 tatos
449 1355 611 1392 scribunt
627 1354 687 1391 Ius
705 1354 1039 1394 Graecoromanum
1061 1357 1225 1395 Codinus
1252 1361 1292 1395 et
1319 1361 1447 1395 auctor
1465 1369 1590 1394 versus
1615 1355 1787 1394 historiae

331 1410 478 1448 calcem.
535 1410 757 1461 patriarchas
787 1411 935 1462 insuper
968 1413 1214 1451 sanctissimae
1243 1414 1414 1451 trinitatis
1445 1413 1613 1451 invocato
1641 1413 1788 1451 nomine

331 1479 510 1516 cruceque
533 1467 697 1515 signatos
720 1468 1005 1518 promovebant,
1045 1472 1104 1506 tus
1132 1470 1170 1507 in
1202 1469 1308 1507 altari
1335 1469 1554 1515 adolebant,
1594 1481 1639 1507 ex
1656 1468 1787 1507 eodem

330 1521 434 1560 altari
456 1523 606 1572 tricipiti
622 1535 727 1560 cereo
742 1523 827 1561 solis
846 1524 1078 1574 pontificibus
1098 1538 1267 1564 concesso
1292 1525 1503 1564 solemniter
1521 1523 1657 1576 populo
1675 1525 1787 1563 bene-

330 1578 502 1615 dicebant
520 1578 732 1628 pontificum
753 1592 875 1628 more,
916 1583 956 1617 ut
978 1585 1106 1618 auctor
1127 1586 1182 1619 est
1203 1581 1399 1619 Balsamon
1421 1582 1458 1619 in
1481 1580 1575 1618 Can.
1592 1581 1646 1621 69
1673 1578 1786 1619 Trul-

331 1633 437 1671 lanae
460 1634 601 1682 synodi.
658 1638 857 1684 prorogato
886 1647 1033 1685 quoque
1063 1636 1100 1673 in
1126 1636 1260 1675 aulicos
1279 1650 1321 1675 ac
1339 1632 1570 1684 πολιτικοὺς
1593 1631 1786 1688 ἄρχοντας

330 1690 442 1727 civilis
463 1689 592 1726 turbae
613 1690 707 1726 viros
729 1690 935 1732 huiusmodi
961 1691 1038 1730 iure
1059 1691 1180 1740 legum
1199 1692 1371 1730 Graecor.
1392 1693 1417 1732 l.
1436 1691 1463 1733 4
1486 1691 1643 1730 Pothum
1669 1704 1786 1742 quen-

331 1746 418 1782 dam
441 1745 770 1795 protospatharium
798 1746 903 1783 simul
937 1746 1109 1786 ecclesiae
1135 1760 1291 1798 magnae
1308 1761 1567 1795 oeconomum,
1605 1747 1785 1786 Theodo-

333 1802 425 1838 sium
447 1801 585 1850 pariter
603 1800 708 1838 alium
727 1802 1057 1853 protospatharium
1079 1817 1254 1842 summam
1276 1804 1452 1842 bonorum
1472 1803 1700 1842 monasteriis
1716 1803 1786 1842 ad-

330 1857 509 1893 dictorum
528 1858 823 1909 curamgessisse
842 1857 965 1907 leges,
1007 1872 1115 1908 quam
1139 1860 1196 1897 hic
1215 1863 1340 1898 auctor
1367 1863 1440 1912 τῆς
1461 1859 1694 1911 οἰκονομίας
1714 1857 1783 1900 καὶ

328 1914 400 1962 τῆς
414 1914 493 1950 τῶν
513 1911 632 1964 ἱερῶν
652 1913 865 1964 κειμηλίων
881 1915 1074 1965 προνοίας
1093 1914 1160 1955 καὶ
1178 1915 1416 1968 προστασίας
1433 1917 1580 1955 nomine
1601 1915 1785 1966 intelligit.

331 1981 354 2005 a
371 1980 444 2016 qua
461 1971 584 2006 tamen
606 1969 778 2020 deinceps
799 1970 1041 2008 saecularibus
1065 1972 1248 2010 tradenda
1265 1976 1448 2023 potestate
1467 1972 1695 2010 Comneuum
1716 1972 1784 2009 ab·

332 2023 503 2061 stinuisse
529 2025 663 2073 refert,
702 2025 798 2064 belle
818 2026 997 2076 siquidem
1019 2028 1164 2078 scripsit
1188 2029 1362 2078 Synesius
1382 2028 1497 2080 Epist.
1517 2029 1572 2070 57
1585 2039 1598 2065 :
1637 2030 1784 2068 πολιτι-

329 2075 408 2173 ιὲήν
433 2074 578 2132 ἀρετήν
602 2076 800 2136 ἱερωσύνῃ
830 2077 1044 2124 συνάπτειν
1075 2081 1122 2125 vo*
1146 2081 1322 2125 πλάθειν
1349 2083 1432 2126 ἐστὶ
1458 2081 1508 2124 τὰ
1535 2079 1782 2136 οἷσύγλωστα.

373 2146 471 2173 osu.

444 2191 528 2232 t.·11
555 2205 591 2243 p.
609 2191 689 2234 643
712 2205 747 2233 v.
769 2193 832 2233 12.
889 2193 944 2235 ἒαῖ
967 2191 1010 2234 σὲ
1035 2192 1187 2246 zama]
1232 2196 1396 2235 abundat
1421 2195 1595 2247 loquendi
1625 2194 1786 2233 Graeco-

331 2259 410 2284 rum
435 2260 521 2285 usus
552 2248 777 2299 proverbiis,
819 2262 911 2300 quos
939 2245 1099 2302 μύθους
1131 2256 1273 2292 vocant.
1331 2254 1369 2290 in
1399 2252 1469 2290 hoc
1496 2251 1710 2304 particulam
1733 2249 1785 2290 ἐῶ

332 2304 570 2354 depravatam
591 2317 735 2354 censeo,
763 2318 865 2355 cum,
893 2307 1038 2346 nonnisi
1058 2308 1121 2358 qui
1138 2321 1202 2347 ore
1222 2312 1308 2347 sunt
1328 2308 1473 2357 blaeso,
1502 2305 1546 2348 τὸ
1571 2302 1648 2360 ἐγώ
1673 2307 1786 2346 etiam

334 2359 459 2397 rustici
475 2361 711 2410 pronuntient
728 2362 970 2413 integerrime.
1029 2364 1206 2414 particula
1227 2364 1296 2404 ’ἵνα
1317 2364 1375 2403 vel
1393 2361 1446 2403 νοῖ
1471 2365 1713 2414 quandoque,
1743 2366 1785 2400 ut

332 2414 412 2461 hic,
453 2417 566 2453 futuri
596 2421 684 2455 nota
709 2423 779 2456 est.
834 2419 983 2457 verbum
1013 2422 1120 2470 χαλαῖ
1155 2420 1300 2472 perdo,
1343 2433 1567 2471 corrumpo,
1608 2419 1782 2463 destruo,

332 2470 469 2507 delicio
493 2474 727 2512 communiter
745 2474 936 2524 significat.
996 2476 1123 2514 Goan.

442 2531 469 2566 t.
488 2526 521 2564 II
549 2541 585 2579 p.
607 2527 688 2569 644
705 2542 741 2567 v.
760 2530 797 2569 1.
854 2528 1097 2584 Βαροῖγγους]
1129 2527 1326 2584 Βαροὶγγοι
1347 2531 1452 2582 quasi
1473 2532 1570 2570 dicas
1593 2526 1780 2583 Φράγγοι,

333 2581 456 2620 scribit
474 2581 666 2622 Gretserus
686 2585 723 2622 in
740 2586 935 2625 Codinum.
990 2591 1028 2625 at
1045 2589 1148 2637 quasi
1170 2588 1305 2625 divinat
1324 2588 1529 2636 Gretserus,
1550 2588 1611 2638 qui
1629 2586 1780 2637 AngloS‚

331 2637 554 2676 Graecorum
572 2641 774 2679 auxiliarios
804 2646 842 2679 et
859 2643 1081 2694 imperatoris
1104 2643 1306 2682 satellitium
1327 2644 1384 2682 vel
1405 2645 1540 2682 virtute
1564 2644 1779 2694 promeritos

331 2693 387 2729 vel
414 2694 463 2730 ad
493 2693 581 2732 illud
605 2698 713 2734 missa
732 2698 914 2747 legatione
937 2700 1155 2748 advocatos,
1194 2695 1426 2752 Βαράγγους
1449 2700 1553 2750 quasi
1574 2694 1781 2752 Φρᾶγγους

329 2752 477 2786 vocatos
499 2756 632 2788 censet.
691 2764 738 2790 an
761 2766 834 2791 non
851 2755 1082 2793 occidentalis
1106 2755 1268 2806 quilibet,
1299 2755 1437 2804 Gallus,
1467 2755 1593 2804 Italus,
1622 2754 1778 2794 Germa·-

329 2815 397 2839 nus
426 2804 573 2843 Graecis
600 2803 813 2861 Φρᾶγγος.)
850 2823 913 2849 cur
937 2806 1143 2864 Βαροὲγγος
1167 2811 1307 2863 Anglus
1335 2812 1438 2863 quasi
1467 2807 1676 2866 ΦρᾶγγοςΡ
1733 2822 1777 2848 ex
