<?xml version="1.0" encoding="UTF-8"?>
<!DOCTYPE html PUBLIC "-//W3C//DTD XHTML 1.0 Transitional//EN"
    "http://www.w3.org/TR/xhtml1/DTD/xhtml1-transitional.dtd">
<html xmlns="http://www.w3.org/1999/xhtml" xml:lang="en" lang="en">
 <head>
  <title>
</title>
<meta http-equiv="Content-Type" content="text/html;charset=utf-8" />
  <meta name='ocr-system' content='tesseract 3.04.00' />
  <meta name='ocr-capabilities' content='ocr_page ocr_carea ocr_par ocr_line ocrx_word'/>
</head>
<body>
  <div class='ocr_page' id='page_1' title='image "./corpusscriptorum14niebuoft/corpusscriptorum14niebuoft_0626.png"; bbox 0 0 1916 3210; ppageno 0'>
   <div class='ocr_carea' id='block_1_1' title="bbox 323 121 1289 176">
    <p class='ocr_par' dir='ltr' id='par_1_1' title="bbox 323 121 1289 176">
     <span class='ocr_line' id='line_1_1' title="bbox 323 121 1289 176; baseline -0.009 0"><span class='ocrx_word' id='word_1_1' title='bbox 323 127 420 176; x_wconf 88' lang='grc'>616</span> <span class='ocrx_word' id='word_1_2' title='bbox 788 122 1022 170; x_wconf 82' lang='lat' dir='ltr'>GEORGII</span> <span class='ocrx_word' id='word_1_3' title='bbox 1049 121 1289 168; x_wconf 85' lang='lat' dir='ltr'><strong>GEDRENI</strong></span> 
     </span>
    </p>
   </div>
   <div class='ocr_carea' id='block_1_2' title="bbox 278 230 1834 1792">
    <p class='ocr_par' dir='ltr' id='par_1_2' title="bbox 321 230 1760 362">
     <span class='ocr_line' id='line_1_2' title="bbox 321 230 1760 296; baseline -0.003 -14"><span class='ocrx_word' id='word_1_4' title='bbox 321 257 394 291; x_wconf 86' lang='grc' dir='ltr'>τας</span> <span class='ocrx_word' id='word_1_5' title='bbox 413 238 577 296; x_wconf 77' lang='grc' dir='ltr'><strong><em>ἠρέθισε</em></strong></span> <span class='ocrx_word' id='word_1_6' title='bbox 596 233 689 279; x_wconf 79' lang='grc' dir='ltr'><strong><em>κατ’</em></strong></span> <span class='ocrx_word' id='word_1_7' title='bbox 712 233 851 281; x_wconf 64' lang='grc' dir='ltr'><strong><em>αῧτοΰ,</em></strong></span> <span class='ocrx_word' id='word_1_8' title='bbox 874 240 875 243; x_wconf 73' lang='grc'>’</span> <span class='ocrx_word' id='word_1_9' title='bbox 915 233 983 279; x_wconf 75' lang='grc' dir='ltr'>καὶ</span> <span class='ocrx_word' id='word_1_10' title='bbox 1011 232 1113 292; x_wconf 81' lang='grc' dir='ltr'><strong><em>πρὸς</em></strong></span> <span class='ocrx_word' id='word_1_11' title='bbox 1134 233 1208 289; x_wconf 76' lang='grc' dir='ltr'><strong><em>μὲν</em></strong></span> <span class='ocrx_word' id='word_1_12' title='bbox 1235 232 1331 286; x_wconf 77' lang='grc' dir='ltr'><strong><em>τοὺς</em></strong></span> <span class='ocrx_word' id='word_1_13' title='bbox 1361 230 1486 294; x_wconf 68' lang='grc' dir='ltr'><strong><em>ἔῴους</em></strong></span> <span class='ocrx_word' id='word_1_14' title='bbox 1513 232 1760 294; x_wconf 73' lang='grc' dir='ltr'><strong><em>στρατηγοὺς</em></strong></span> 
     </span>
     <span class='ocr_line' id='line_1_3' title="bbox 324 303 643 362; baseline -0.016 -12"><span class='ocrx_word' id='word_1_15' title='bbox 324 307 481 362; x_wconf 82' lang='grc' dir='ltr'><strong><em>διετέθη</em></strong></span> <span class='ocrx_word' id='word_1_16' title='bbox 503 303 643 354; x_wconf 73' lang='grc' dir='ltr'><strong><em>οὕτως.</em></strong></span> 
     </span>
    </p>

    <p class='ocr_par' dir='ltr' id='par_1_3' title="bbox 323 365 1794 700">
     <span class='ocr_line' id='line_1_4' title="bbox 459 365 1760 429; baseline -0.002 -13"><span class='ocrx_word' id='word_1_17' title='bbox 459 373 545 416; x_wconf 86' lang='grc' dir='ltr'><strong><em>Τὸν</em></strong></span> <span class='ocrx_word' id='word_1_18' title='bbox 565 371 609 414; x_wconf 78' lang='grc' dir='ltr'>δὲ</span> <span class='ocrx_word' id='word_1_19' title='bbox 626 367 840 427; x_wconf 81' lang='grc' dir='ltr'><strong><em>Βρυέννιον</em></strong></span> <span class='ocrx_word' id='word_1_20' title='bbox 856 371 929 424; x_wconf 80' lang='grc' dir='ltr'>τῆς</span> <span class='ocrx_word' id='word_1_21' title='bbox 938 365 1152 427; x_wconf 79' lang='grc' dir='ltr'><strong><em>ὗπερορίας</em></strong></span> <span class='ocrx_word' id='word_1_22' title='bbox 1165 365 1528 424; x_wconf 55' lang='grc' dir='ltr'><strong><em>μεταπημψάμενος</em></strong></span> <span class='ocrx_word' id='word_1_23' title='bbox 1541 371 1608 414; x_wconf 68' lang='grc' dir='ltr'>καὶ</span> <span class='ocrx_word' id='word_1_24' title='bbox 1622 369 1760 429; x_wconf 49' lang='lat' dir='ltr'>&amp;aar</span> 
     </span>
     <span class='ocr_line' id='line_1_5' title="bbox 323 434 1761 496; baseline -0.001 -12"><span class='ocrx_word' id='word_1_25' title='bbox 323 439 447 492; x_wconf 80' lang='grc' dir='ltr'><em>τάξας</em></span> <span class='ocrx_word' id='word_1_26' title='bbox 481 439 767 482; x_wconf 81' lang='grc' dir='ltr'><strong><em>Καππαδοκῶν</em></strong></span> <span class='ocrx_word' id='word_1_27' title='bbox 806 436 1027 495; x_wconf 81' lang='grc' dir='ltr'><strong><em>στρατηγὸν</em></strong></span> <span class='ocrx_word' id='word_1_28' title='bbox 1060 434 1336 494; x_wconf 82' lang='grc' dir='ltr'><strong><em>αὐτοκράτορα</em></strong></span> <span class='ocrx_word' id='word_1_29' title='bbox 1367 439 1652 496; x_wconf 79' lang='grc' dir='ltr'><strong><em>προχειρίζεται</em></strong></span> <span class='ocrx_word' id='word_1_30' title='bbox 1680 443 1761 484; x_wconf 80' lang='grc' dir='ltr'>τῶν</span> 
     </span>
     <span class='ocr_line' id='line_1_6' title="bbox 323 502 1794 564; baseline -0.004 -12"><span class='ocrx_word' id='word_1_31' title='bbox 323 509 615 553; x_wconf 82' lang='grc' dir='ltr'><strong><em>Μακεδονικῶν</em></strong></span> <span class='ocrx_word' id='word_1_32' title='bbox 641 502 856 561; x_wconf 78' lang='grc' dir='ltr'><em>ταγμάτων</em></span> <span class='ocrx_word' id='word_1_33' title='bbox 890 506 956 548; x_wconf 84' lang='grc' dir='ltr'><strong><em>καὶ</em></strong></span> <span class='ocrx_word' id='word_1_34' title='bbox 981 504 1085 548; x_wconf 80' lang='grc' dir='ltr'><strong><em>κατὰ</em></strong></span> <span class='ocrx_word' id='word_1_35' title='bbox 1117 503 1309 562; x_wconf 85' lang='grc' dir='ltr'><strong><em>Τούρκων</em></strong></span> <span class='ocrx_word' id='word_1_36' title='bbox 1338 505 1545 561; x_wconf 72' lang='grc' dir='ltr'><em>ἐκπέμπει·</em></span> <span class='ocrx_word' id='word_1_37' title='bbox 1579 509 1794 564; x_wconf 68' lang='grc' dir='ltr'><strong><em>Τοῧρκοςό</em></strong></span> 
     </span>
     <span class='ocr_line' id='line_1_7' title="bbox 325 571 1766 633; baseline 0 -14"><span class='ocrx_word' id='word_1_38' title='bbox 325 575 401 633; x_wconf 78' lang='grc' dir='ltr'><strong><em>γάρ</em></strong></span> <span class='ocrx_word' id='word_1_39' title='bbox 427 592 488 627; x_wconf 89' lang='grc' dir='ltr'>τις</span> <span class='ocrx_word' id='word_1_40' title='bbox 511 573 584 630; x_wconf 84' lang='grc' dir='ltr'>τὴν</span> <span class='ocrx_word' id='word_1_41' title='bbox 609 577 747 628; x_wconf 79' lang='grc' dir='ltr'><strong><em>κλῆσιν</em></strong></span> <span class='ocrx_word' id='word_1_42' title='bbox 766 571 957 628; x_wconf 78' lang='grc' dir='ltr'><strong><em>Σαμοῦχ,</em></strong></span> <span class='ocrx_word' id='word_1_43' title='bbox 996 572 1042 616; x_wconf 81' lang='grc' dir='ltr'>τὸ</span> <span class='ocrx_word' id='word_1_44' title='bbox 1061 572 1173 629; x_wconf 75' lang='grc' dir='ltr'><strong><em>γένος</em></strong></span> <span class='ocrx_word' id='word_1_45' title='bbox 1194 573 1266 616; x_wconf 80' lang='grc' dir='ltr'>οὐκ</span> <span class='ocrx_word' id='word_1_46' title='bbox 1284 573 1476 629; x_wconf 74' lang='grc' dir='ltr'><strong><em>ἐπίσημος</em></strong></span> <span class='ocrx_word' id='word_1_47' title='bbox 1483 584 1504 627; x_wconf 79' lang='grc'>,’</span> <span class='ocrx_word' id='word_1_48' title='bbox 1529 574 1633 633; x_wconf 74' lang='grc' dir='ltr'><strong><em>πρὸς</em></strong></span> <span class='ocrx_word' id='word_1_49' title='bbox 1651 574 1696 618; x_wconf 75' lang='grc' dir='ltr'>δὲ</span> <span class='ocrx_word' id='word_1_50' title='bbox 1710 575 1766 619; x_wconf 69' lang='grc' dir='ltr'><strong><em>τὰ</em></strong></span> 
     </span>
     <span class='ocr_line' id='line_1_8' title="bbox 326 638 1793 700; baseline 0.001 -14"><span class='ocrx_word' id='word_1_51' title='bbox 326 642 518 698; x_wconf 84' lang='grc' dir='ltr'><strong><em>πολεμικὰ</em></strong></span> <span class='ocrx_word' id='word_1_52' title='bbox 545 647 721 698; x_wconf 78' lang='grc' dir='ltr'><strong><em>γενναῖος</em></strong></span> <span class='ocrx_word' id='word_1_53' title='bbox 746 642 814 684; x_wconf 75' lang='grc' dir='ltr'><strong><em>καὶ</em></strong></span> <span class='ocrx_word' id='word_1_54' title='bbox 841 638 1018 697; x_wconf 76' lang='grc' dir='ltr'><strong><em>ἐνεργός,</em></strong></span> <span class='ocrx_word' id='word_1_55' title='bbox 1051 644 1110 699; x_wconf 79' lang='grc' dir='ltr'>τῷ</span> <span class='ocrx_word' id='word_1_56' title='bbox 1137 639 1341 700; x_wconf 77' lang='grc' dir='ltr'><strong><em>σουλτάνῳ</em></strong></span> <span class='ocrx_word' id='word_1_57' title='bbox 1370 640 1767 699; x_wconf 79' lang='grc' dir='ltr'><strong><em>συστρατευσάμενος</em></strong></span> <span class='ocrx_word' id='word_1_58' title='bbox 1790 638 1793 642; x_wconf 17' lang='grc'><em>4</em></span> 
     </span>
    </p>

    <p class='ocr_par' dir='ltr' id='par_1_4' title="bbox 278 707 1828 1378">
     <span class='ocr_line' id='line_1_9' title="bbox 278 707 1766 767; baseline 0.002 -16"><span class='ocrx_word' id='word_1_59' title='bbox 278 716 308 751; x_wconf 86' lang='lat' dir='ltr'>C</span> <span class='ocrx_word' id='word_1_60' title='bbox 332 710 497 767; x_wconf 81' lang='grc' dir='ltr'><strong><em>ὁπηνίκα</em></strong></span> <span class='ocrx_word' id='word_1_61' title='bbox 518 709 591 766; x_wconf 82' lang='grc' dir='ltr'>τὴν</span> <span class='ocrx_word' id='word_1_62' title='bbox 607 710 795 767; x_wconf 79' lang='grc' dir='ltr'><strong><em>δευτέραν</em></strong></span> <span class='ocrx_word' id='word_1_63' title='bbox 812 709 996 764; x_wconf 75' lang='grc' dir='ltr'><strong><em>εἰσβολὴν</em></strong></span> <span class='ocrx_word' id='word_1_64' title='bbox 1014 708 1116 752; x_wconf 80' lang='grc' dir='ltr'><strong><em>κατὰ</em></strong></span> <span class='ocrx_word' id='word_1_65' title='bbox 1131 707 1337 763; x_wconf 83' lang='grc' dir='ltr'><strong><em>Ῥωμαίων</em></strong></span> <span class='ocrx_word' id='word_1_66' title='bbox 1357 708 1585 766; x_wconf 79' lang='grc' dir='ltr'><strong><em>ἐποιήσατο,</em></strong></span> <span class='ocrx_word' id='word_1_67' title='bbox 1617 711 1766 755; x_wconf 66' lang='grc' dir='ltr'><strong><em>ἐκείνου</em></strong></span> 
     </span>
     <span class='ocr_line' id='line_1_10' title="bbox 327 775 1769 836; baseline -0.001 -13"><span class='ocrx_word' id='word_1_68' title='bbox 327 777 655 835; x_wconf 71' lang='grc' dir='ltr'><strong><em>ὑποστρέψαντος</em></strong></span> <span class='ocrx_word' id='word_1_69' title='bbox 673 778 713 819; x_wconf 73' lang='grc' dir='ltr'><strong><em>ἓν</em></strong></span> <span class='ocrx_word' id='word_1_70' title='bbox 731 778 903 834; x_wconf 75' lang='grc' dir='ltr'><strong><em>Περσίδι</em></strong></span> <span class='ocrx_word' id='word_1_71' title='bbox 923 776 1043 828; x_wconf 73' lang='grc' dir='ltr'><strong><em>αὐτὸς</em></strong></span> <span class='ocrx_word' id='word_1_72' title='bbox 1062 780 1119 835; x_wconf 78' lang='grc' dir='ltr'>τῷ</span> <span class='ocrx_word' id='word_1_73' title='bbox 1135 775 1245 835; x_wconf 78' lang='grc' dir='ltr'><strong><em>τόπῳ</em></strong></span> <span class='ocrx_word' id='word_1_74' title='bbox 1263 777 1471 834; x_wconf 78' lang='grc' dir='ltr'><strong><em>παρέμεινε</em></strong></span> <span class='ocrx_word' id='word_1_75' title='bbox 1489 778 1592 835; x_wconf 79' lang='grc' dir='ltr'><strong><em>μετὰ</em></strong></span> <span class='ocrx_word' id='word_1_76' title='bbox 1613 795 1769 836; x_wconf 77' lang='grc' dir='ltr'><strong><em>τρισχι-</em></strong></span> 
     </span>
     <span class='ocr_line' id='line_1_11' title="bbox 329 843 1824 904; baseline -0.001 -14"><span class='ocrx_word' id='word_1_77' title='bbox 329 849 424 891; x_wconf 81' lang='grc' dir='ltr'><strong><em>λίων</em></strong></span> <span class='ocrx_word' id='word_1_78' title='bbox 443 847 614 904; x_wconf 86' lang='grc' dir='ltr'><strong><em>ἀνδρῶν,</em></strong></span> <span class='ocrx_word' id='word_1_79' title='bbox 644 847 709 888; x_wconf 87' lang='grc' dir='ltr'><strong><em>καὶ</em></strong></span> <span class='ocrx_word' id='word_1_80' title='bbox 726 843 1071 902; x_wconf 81' lang='grc' dir='ltr'><strong><em>περιπλανώμενος</em></strong></span> <span class='ocrx_word' id='word_1_81' title='bbox 1090 846 1132 887; x_wconf 76' lang='grc' dir='ltr'><strong><em>ἐν</em></strong></span> <span class='ocrx_word' id='word_1_82' title='bbox 1148 851 1236 896; x_wconf 82' lang='grc' dir='ltr'><strong><em>ταῖς</em></strong></span> <span class='ocrx_word' id='word_1_83' title='bbox 1253 844 1411 890; x_wconf 82' lang='grc' dir='ltr'><strong><em>πεδιάσι</em></strong></span> <span class='ocrx_word' id='word_1_84' title='bbox 1430 848 1496 890; x_wconf 77' lang='grc' dir='ltr'><strong><em>καὶ</em></strong></span> <span class='ocrx_word' id='word_1_85' title='bbox 1516 853 1602 899; x_wconf 74' lang='grc' dir='ltr'><strong><em>τοῖς</em></strong></span> <span class='ocrx_word' id='word_1_86' title='bbox 1615 845 1768 898; x_wconf 71' lang='grc' dir='ltr'><strong><em>ὑπτίοις</em></strong></span> <span class='ocrx_word' id='word_1_87' title='bbox 1780 850 1824 888; x_wconf 84' lang='grc'>10</span> 
     </span>
     <span class='ocr_line' id='line_1_12' title="bbox 329 911 1772 973; baseline 0.001 -15"><span class='ocrx_word' id='word_1_88' title='bbox 329 915 467 967; x_wconf 83' lang='grc' dir='ltr'><strong><em>τόποις</em></strong></span> <span class='ocrx_word' id='word_1_89' title='bbox 491 918 563 969; x_wconf 82' lang='grc' dir='ltr'>τῆς</span> <span class='ocrx_word' id='word_1_90' title='bbox 593 911 768 970; x_wconf 75' lang='grc' dir='ltr'><em>μεγάλης</em></span> <span class='ocrx_word' id='word_1_91' title='bbox 787 913 1014 970; x_wconf 74' lang='grc' dir='ltr'><strong><em>Ἀρμενίας,</em></strong></span> <span class='ocrx_word' id='word_1_92' title='bbox 1047 914 1114 956; x_wconf 85' lang='grc' dir='ltr'><strong><em>καὶ</em></strong></span> <span class='ocrx_word' id='word_1_93' title='bbox 1134 915 1358 971; x_wconf 76' lang='grc' dir='ltr'><strong><em>αἰφνιδίους</em></strong></span> <span class='ocrx_word' id='word_1_94' title='bbox 1377 913 1614 969; x_wconf 76' lang='grc' dir='ltr'><strong><em>ποιούμενος</em></strong></span> <span class='ocrx_word' id='word_1_95' title='bbox 1629 916 1772 973; x_wconf 73' lang='grc' dir='ltr'><strong><em>ἐκδρο-</em></strong></span> 
     </span>
     <span class='ocr_line' id='line_1_13' title="bbox 330 979 1772 1039; baseline 0 -13"><span class='ocrx_word' id='word_1_96' title='bbox 330 981 433 1039; x_wconf 62' lang='lat' dir='ltr'>mig,</span> <span class='ocrx_word' id='word_1_97' title='bbox 467 987 600 1033; x_wconf 86' lang='grc' dir='ltr'><strong><em>κακῶς</em></strong></span> <span class='ocrx_word' id='word_1_98' title='bbox 619 983 784 1026; x_wconf 73' lang='grc' dir='ltr'><strong><em>διετίθει</em></strong></span> <span class='ocrx_word' id='word_1_99' title='bbox 804 980 852 1024; x_wconf 81' lang='grc' dir='ltr'>τὰ</span> <span class='ocrx_word' id='word_1_100' title='bbox 870 979 1075 1035; x_wconf 84' lang='grc' dir='ltr'><strong><em>Ῥωμαίων</em></strong></span> <span class='ocrx_word' id='word_1_101' title='bbox 1097 983 1164 1023; x_wconf 85' lang='grc' dir='ltr'><strong><em>καὶ</em></strong></span> <span class='ocrx_word' id='word_1_102' title='bbox 1183 982 1367 1036; x_wconf 67' lang='grc' dir='ltr'><strong><em>ἐληΐζετο.</em></strong></span> <span class='ocrx_word' id='word_1_103' title='bbox 1433 982 1530 1026; x_wconf 73' lang='grc' dir='ltr'><strong><em>ἀλλ’</em></strong></span> <span class='ocrx_word' id='word_1_104' title='bbox 1555 983 1648 1027; x_wconf 57' lang='lat' dir='ltr'>obde</span> <span class='ocrx_word' id='word_1_105' title='bbox 1675 987 1772 1026; x_wconf 76' lang='grc' dir='ltr'>τοῦ-</span> 
     </span>
     <span class='ocr_line' id='line_1_14' title="bbox 331 1044 1771 1108; baseline -0.002 -13"><span class='ocrx_word' id='word_1_106' title='bbox 331 1069 402 1095; x_wconf 83' lang='grc' dir='ltr'>τον</span> <span class='ocrx_word' id='word_1_107' title='bbox 426 1054 678 1108; x_wconf 80' lang='grc' dir='ltr'><strong><em>θεραπεῦσαι</em></strong></span> <span class='ocrx_word' id='word_1_108' title='bbox 710 1050 868 1104; x_wconf 67' lang='grc' dir='ltr'><strong><em>ἴσχυσεν</em></strong></span> <span class='ocrx_word' id='word_1_109' title='bbox 896 1046 917 1090; x_wconf 82' lang='grc' dir='ltr'><em>ὃ</em></span> <span class='ocrx_word' id='word_1_110' title='bbox 943 1047 1158 1103; x_wconf 81' lang='grc' dir='ltr'><strong><em>βασιλεύς·</em></strong></span> <span class='ocrx_word' id='word_1_111' title='bbox 1199 1044 1249 1104; x_wconf 76' lang='grc' dir='ltr'><strong><em>ἦν</em></strong></span> <span class='ocrx_word' id='word_1_112' title='bbox 1277 1049 1355 1107; x_wconf 80' lang='grc' dir='ltr'><strong><em>γὰρ</em></strong></span> <span class='ocrx_word' id='word_1_113' title='bbox 1378 1049 1629 1108; x_wconf 80' lang='grc' dir='ltr'><strong><em>ἀφυέστατος</em></strong></span> <span class='ocrx_word' id='word_1_114' title='bbox 1649 1053 1705 1102; x_wconf 73' lang='grc' dir='ltr'><strong><em>εἰς</em></strong></span> <span class='ocrx_word' id='word_1_115' title='bbox 1723 1050 1771 1093; x_wconf 81' lang='grc' dir='ltr'>τὸ</span> 
     </span>
     <span class='ocr_line' id='line_1_15' title="bbox 331 1112 1774 1175; baseline -0.001 -13"><span class='ocrx_word' id='word_1_116' title='bbox 331 1122 544 1162; x_wconf 73' lang='grc' dir='ltr'><strong><em>θωπεῦσαι</em></strong></span> <span class='ocrx_word' id='word_1_117' title='bbox 571 1120 636 1161; x_wconf 84' lang='grc' dir='ltr'><strong><em>καὶ</em></strong></span> <span class='ocrx_word' id='word_1_118' title='bbox 656 1112 1047 1173; x_wconf 79' lang='grc' dir='ltr'><strong><em>καταδημαγωγῆσαι</em></strong></span> <span class='ocrx_word' id='word_1_119' title='bbox 1067 1115 1309 1174; x_wconf 74' lang='grc' dir='ltr'><strong><em>ἀνθρώπους</em></strong></span> <span class='ocrx_word' id='word_1_120' title='bbox 1329 1119 1687 1175; x_wconf 79' lang='grc' dir='ltr'><strong><em>περιυβρισθέντας</em></strong></span> <span class='ocrx_word' id='word_1_121' title='bbox 1705 1120 1774 1162; x_wconf 76' lang='grc' dir='ltr'><strong><em>καὶ</em></strong></span> 
     </span>
     <span class='ocr_line' id='line_1_16' title="bbox 335 1184 1828 1244; baseline 0.001 -15"><span class='ocrx_word' id='word_1_122' title='bbox 335 1185 589 1229; x_wconf 75' lang='grc' dir='ltr'><strong><em>λανθάνοντα</em></strong></span> <span class='ocrx_word' id='word_1_123' title='bbox 609 1184 724 1229; x_wconf 80' lang='grc' dir='ltr'><strong><em>κότον</em></strong></span> <span class='ocrx_word' id='word_1_124' title='bbox 743 1185 784 1228; x_wconf 76' lang='grc' dir='ltr'><strong><em>ἐν</em></strong></span> <span class='ocrx_word' id='word_1_125' title='bbox 801 1189 852 1243; x_wconf 81' lang='grc' dir='ltr'>τῇ</span> <span class='ocrx_word' id='word_1_126' title='bbox 872 1189 987 1242; x_wconf 81' lang='grc' dir='ltr'><strong><em>ψυχῇ</em></strong></span> <span class='ocrx_word' id='word_1_127' title='bbox 1009 1186 1306 1242; x_wconf 74' lang='grc' dir='ltr'><strong><em>περιφέροντας.</em></strong></span> <span class='ocrx_word' id='word_1_128' title='bbox 1373 1191 1444 1229; x_wconf 81' lang='grc' dir='ltr'>τοῦ</span> <span class='ocrx_word' id='word_1_129' title='bbox 1459 1187 1536 1244; x_wconf 80' lang='grc' dir='ltr'><strong><em>γὰρ</em></strong></span> <span class='ocrx_word' id='word_1_130' title='bbox 1556 1187 1773 1244; x_wconf 79' lang='grc' dir='ltr'><strong><em>Βρυεννίου</em></strong></span> <span class='ocrx_word' id='word_1_131' title='bbox 1785 1195 1828 1232; x_wconf 87' lang='grc'>15</span> 
     </span>
     <span class='ocr_line' id='line_1_17' title="bbox 339 1253 1776 1312; baseline 0 -15"><span class='ocrx_word' id='word_1_132' title='bbox 339 1259 517 1312; x_wconf 74' lang='grc' dir='ltr'><strong><em>λιπαρῶς</em></strong></span> <span class='ocrx_word' id='word_1_133' title='bbox 539 1253 776 1304; x_wconf 70' lang='grc' dir='ltr'><strong><em>ἱκετεύοντος</em></strong></span> <span class='ocrx_word' id='word_1_134' title='bbox 796 1253 1053 1308; x_wconf 81' lang='grc' dir='ltr'><strong><em>ἀποδοθῆναί</em></strong></span> <span class='ocrx_word' id='word_1_135' title='bbox 1079 1253 1116 1295; x_wconf 78' lang='grc' dir='ltr'>οἳ</span> <span class='ocrx_word' id='word_1_136' title='bbox 1139 1255 1206 1295; x_wconf 86' lang='grc' dir='ltr'><strong><em>καὶ</em></strong></span> <span class='ocrx_word' id='word_1_137' title='bbox 1229 1253 1280 1296; x_wconf 78' lang='grc' dir='ltr'>τὰ</span> <span class='ocrx_word' id='word_1_138' title='bbox 1298 1253 1490 1309; x_wconf 83' lang='grc' dir='ltr'><strong><em>χρήματα</em></strong></span> <span class='ocrx_word' id='word_1_139' title='bbox 1507 1253 1639 1298; x_wconf 81' lang='grc' dir='ltr'><strong><em>ὁπόσα</em></strong></span> <span class='ocrx_word' id='word_1_140' title='bbox 1657 1254 1776 1312; x_wconf 78' lang='grc' dir='ltr'><strong><em>ἀφεί-</em></strong></span> 
     </span>
     <span class='ocr_line' id='line_1_18' title="bbox 338 1319 1778 1378; baseline 0.001 -13"><span class='ocrx_word' id='word_1_141' title='bbox 338 1327 425 1366; x_wconf 79' lang='grc' dir='ltr'><strong><em>λετο</em></strong></span> <span class='ocrx_word' id='word_1_142' title='bbox 445 1323 520 1365; x_wconf 80' lang='grc' dir='ltr'>ἀπ’</span> <span class='ocrx_word' id='word_1_143' title='bbox 542 1322 667 1365; x_wconf 73' lang='grc' dir='ltr'><strong><em>αὐτοῦ</em></strong></span> <span class='ocrx_word' id='word_1_144' title='bbox 687 1320 881 1378; x_wconf 86' lang='grc' dir='ltr'><strong><em>Θεοδώρα</em></strong></span> <span class='ocrx_word' id='word_1_145' title='bbox 900 1319 925 1376; x_wconf 75' lang='grc' dir='ltr'><strong><em>ἦ</em></strong></span> <span class='ocrx_word' id='word_1_146' title='bbox 943 1322 1123 1375; x_wconf 83' lang='grc' dir='ltr'><strong><em>βασιλίς,</em></strong></span> <span class='ocrx_word' id='word_1_147' title='bbox 1152 1322 1224 1364; x_wconf 72' lang='grc' dir='ltr'>οὐκ</span> <span class='ocrx_word' id='word_1_148' title='bbox 1241 1320 1468 1377; x_wconf 73' lang='grc' dir='ltr'><strong><em>ἐπήκουσεν,</em></strong></span> <span class='ocrx_word' id='word_1_149' title='bbox 1495 1323 1589 1365; x_wconf 74' lang='grc' dir='ltr'><strong><em>ἀλλ’</em></strong></span> <span class='ocrx_word' id='word_1_150' title='bbox 1614 1325 1778 1374; x_wconf 75' lang='grc' dir='ltr'><strong><em>ἐκτενῶς</em></strong></span> 
     </span>
    </p>

    <p class='ocr_par' dir='ltr' id='par_1_5' title="bbox 285 1387 1834 1652">
     <span class='ocr_line' id='line_1_19' title="bbox 285 1387 1778 1448; baseline 0.003 -18"><span class='ocrx_word' id='word_1_151' title='bbox 285 1391 317 1429; x_wconf 85' lang='grc' dir='ltr'>Ι)</span> <span class='ocrx_word' id='word_1_152' title='bbox 342 1393 604 1434; x_wconf 80' lang='grc' dir='ltr'><strong><em>δυσωποῦντα</em></strong></span> <span class='ocrx_word' id='word_1_153' title='bbox 630 1392 719 1448; x_wconf 84' lang='grc' dir='ltr'><strong><em>περὶ</em></strong></span> <span class='ocrx_word' id='word_1_154' title='bbox 749 1388 893 1433; x_wconf 82' lang='grc' dir='ltr'><strong><em>τούτου</em></strong></span> <span class='ocrx_word' id='word_1_155' title='bbox 924 1392 989 1432; x_wconf 83' lang='grc' dir='ltr'><strong><em>καὶ</em></strong></span> <span class='ocrx_word' id='word_1_156' title='bbox 1019 1387 1261 1442; x_wconf 77' lang='grc' dir='ltr'><strong><em>ἱκετεύοντα,</em></strong></span> <span class='ocrx_word' id='word_1_157' title='bbox 1306 1389 1352 1432; x_wconf 84' lang='grc' dir='ltr'>τὸ</span> <span class='ocrx_word' id='word_1_158' title='bbox 1374 1392 1554 1445; x_wconf 84' lang='grc' dir='ltr'><strong><em>δημῶδες</em></strong></span> <span class='ocrx_word' id='word_1_159' title='bbox 1573 1395 1690 1434; x_wconf 76' lang='grc' dir='ltr'><strong><em>τοῦτο</em></strong></span> <span class='ocrx_word' id='word_1_160' title='bbox 1709 1391 1778 1434; x_wconf 81' lang='grc' dir='ltr'><strong><em>καὶ</em></strong></span> 
     </span>
     <span class='ocr_line' id='line_1_20' title="bbox 338 1455 1775 1514; baseline -0.001 -13"><span class='ocrx_word' id='word_1_161' title='bbox 338 1459 684 1513; x_wconf 80' lang='grc' dir='ltr'><strong><em>κατημαξευμένον</em></strong></span> <span class='ocrx_word' id='word_1_162' title='bbox 705 1457 822 1501; x_wconf 81' lang='grc' dir='ltr'><strong><em>εῗπών</em></strong></span> <span class='ocrx_word' id='word_1_163' title='bbox 841 1455 965 1512; x_wconf 80' lang='grc' dir='ltr'><strong><em>μόνον</em></strong></span> <span class='ocrx_word' id='word_1_164' title='bbox 996 1456 1215 1500; x_wconf 50' lang='lat' dir='ltr'>“samem</span> <span class='ocrx_word' id='word_1_165' title='bbox 1240 1457 1336 1514; x_wconf 58' lang='grc' dir='ltr'><strong><em>ἔργα</em></strong></span> <span class='ocrx_word' id='word_1_166' title='bbox 1363 1458 1518 1502; x_wconf 78' lang='grc' dir='ltr'><strong><em>ἀπαίτει</em></strong></span> <span class='ocrx_word' id='word_1_167' title='bbox 1546 1457 1775 1513; x_wconf 76' lang='grc' dir='ltr'><strong><em>μισθούς,”</em></strong></span> 
     </span>
     <span class='ocr_line' id='line_1_21' title="bbox 338 1524 1834 1585; baseline 0.001 -16"><span class='ocrx_word' id='word_1_168' title='bbox 338 1527 618 1581; x_wconf 82' lang='grc' dir='ltr'><strong><em>ἀπεπέμψατο.</em></strong></span> <span class='ocrx_word' id='word_1_169' title='bbox 687 1525 790 1568; x_wconf 74' lang='grc' dir='ltr'><strong><em>οὕτω</em></strong></span> <span class='ocrx_word' id='word_1_170' title='bbox 822 1526 865 1568; x_wconf 78' lang='grc' dir='ltr'>δὲ</span> <span class='ocrx_word' id='word_1_171' title='bbox 892 1528 1139 1583; x_wconf 83' lang='grc' dir='ltr'><strong><em>παροραθεὶς</em></strong></span> <span class='ocrx_word' id='word_1_172' title='bbox 1158 1527 1224 1568; x_wconf 84' lang='grc' dir='ltr'><strong><em>καὶ</em></strong></span> <span class='ocrx_word' id='word_1_173' title='bbox 1246 1524 1266 1568; x_wconf 82' lang='grc' dir='ltr'><strong><em>ὃ</em></strong></span> <span class='ocrx_word' id='word_1_174' title='bbox 1286 1527 1502 1582; x_wconf 89' lang='grc' dir='ltr'><strong><em>Βρυέννιος</em></strong></span> <span class='ocrx_word' id='word_1_175' title='bbox 1527 1525 1644 1585; x_wconf 82' lang='grc' dir='ltr'><strong><em>ἀπῄει</em></strong></span> <span class='ocrx_word' id='word_1_176' title='bbox 1666 1525 1834 1574; x_wconf 75' lang='grc' dir='ltr'><strong><em>δεινὰΞσ</em></strong></span> 
     </span>
     <span class='ocr_line' id='line_1_22' title="bbox 338 1591 1392 1652; baseline -0.003 -14"><span class='ocrx_word' id='word_1_177' title='bbox 338 1595 524 1652; x_wconf 82' lang='grc' dir='ltr'><strong><em>στρέφων</em></strong></span> <span class='ocrx_word' id='word_1_178' title='bbox 542 1595 583 1637; x_wconf 75' lang='grc' dir='ltr'><strong><em>ἓν</em></strong></span> <span class='ocrx_word' id='word_1_179' title='bbox 603 1592 731 1652; x_wconf 69' lang='grc' dir='ltr'><strong><em>ἑαυτῷ</em></strong></span> <span class='ocrx_word' id='word_1_180' title='bbox 752 1594 819 1636; x_wconf 83' lang='grc' dir='ltr'><strong><em>καὶ</em></strong></span> <span class='ocrx_word' id='word_1_181' title='bbox 839 1593 978 1649; x_wconf 84' lang='grc' dir='ltr'><strong><em>καιρὸν</em></strong></span> <span class='ocrx_word' id='word_1_182' title='bbox 1001 1595 1126 1648; x_wconf 83' lang='grc' dir='ltr'><strong><em>ζητῶν</em></strong></span> <span class='ocrx_word' id='word_1_183' title='bbox 1146 1591 1392 1648; x_wconf 75' lang='grc' dir='ltr'><strong><em>ἐκδικήσεως.</em></strong></span> 
     </span>
    </p>

    <p class='ocr_par' dir='ltr' id='par_1_6' title="bbox 340 1659 1781 1792">
     <span class='ocr_line' id='line_1_23' title="bbox 473 1659 1777 1723; baseline 0 -19"><span class='ocrx_word' id='word_1_184' title='bbox 473 1662 777 1719; x_wconf 83' lang='grc' dir='ltr'><strong><em>Παραπλησίως</em></strong></span> <span class='ocrx_word' id='word_1_185' title='bbox 803 1661 846 1703; x_wconf 80' lang='grc' dir='ltr'>δὲ</span> <span class='ocrx_word' id='word_1_186' title='bbox 875 1662 1033 1716; x_wconf 76' lang='grc' dir='ltr'><strong><em>διετέθη</em></strong></span> <span class='ocrx_word' id='word_1_187' title='bbox 1057 1663 1122 1703; x_wconf 82' lang='grc' dir='ltr'><strong><em>καὶ</em></strong></span> <span class='ocrx_word' id='word_1_188' title='bbox 1143 1661 1244 1718; x_wconf 87' lang='grc' dir='ltr'><strong><em>πρὸς</em></strong></span> <span class='ocrx_word' id='word_1_189' title='bbox 1269 1662 1475 1718; x_wconf 80' lang='grc' dir='ltr'><strong><em>Ἔρβέβιον</em></strong></span> <span class='ocrx_word' id='word_1_190' title='bbox 1497 1660 1567 1704; x_wconf 82' lang='grc' dir='ltr'>τὸν</span> <span class='ocrx_word' id='word_1_191' title='bbox 1591 1659 1777 1723; x_wconf 75' lang='grc' dir='ltr'><strong><em>Φραγγό-</em></strong></span> 
     </span>
     <span class='ocr_line' id='line_1_24' title="bbox 340 1726 1781 1792; baseline 0.001 -21"><span class='ocrx_word' id='word_1_192' title='bbox 340 1734 486 1782; x_wconf 77' lang='grc' dir='ltr'><strong><em>πωλον,</em></strong></span> <span class='ocrx_word' id='word_1_193' title='bbox 524 1729 653 1788; x_wconf 78' lang='grc' dir='ltr'><strong><em>ἄνδρα</em></strong></span> <span class='ocrx_word' id='word_1_194' title='bbox 673 1726 1069 1787; x_wconf 79' lang='grc' dir='ltr'><strong><em>συστρατευσάμενόν</em></strong></span> <span class='ocrx_word' id='word_1_195' title='bbox 1095 1745 1136 1772; x_wconf 84' lang='grc' dir='ltr'>τε</span> <span class='ocrx_word' id='word_1_196' title='bbox 1167 1734 1226 1788; x_wconf 73' lang='grc' dir='ltr'>τῷ</span> <span class='ocrx_word' id='word_1_197' title='bbox 1250 1727 1446 1787; x_wconf 80' lang='grc' dir='ltr'><strong><em>Μανιάκῃ</em></strong></span> <span class='ocrx_word' id='word_1_198' title='bbox 1469 1729 1510 1773; x_wconf 74' lang='grc' dir='ltr'><strong><em>ἓν</em></strong></span> <span class='ocrx_word' id='word_1_199' title='bbox 1530 1731 1692 1792; x_wconf 68' lang='grc' dir='ltr'><strong><em>Σικελία</em></strong></span> <span class='ocrx_word' id='word_1_200' title='bbox 1713 1731 1781 1774; x_wconf 75' lang='grc' dir='ltr'><strong><em>καὶ</em></strong></span> 
     </span>
    </p>
   </div>
   <div class='ocr_carea' id='block_1_3' title="bbox 432 1865 1283 1914">
    <p class='ocr_par' dir='ltr' id='par_1_7' title="bbox 432 1865 1283 1914">
     <span class='ocr_line' id='line_1_25' title="bbox 432 1865 1283 1914; baseline -0.001 -10"><span class='ocrx_word' id='word_1_201' title='bbox 432 1868 455 1904; x_wconf 84' lang='grc'><em>5</em></span> <span class='ocrx_word' id='word_1_202' title='bbox 479 1866 588 1914; x_wconf 80' lang='grc' dir='ltr'><strong><em>κατὰ]</em></strong></span> <span class='ocrx_word' id='word_1_203' title='bbox 608 1865 703 1905; x_wconf 78' lang='grc' dir='ltr'><strong><em>κατὰ</em></strong></span> <span class='ocrx_word' id='word_1_204' title='bbox 724 1868 800 1904; x_wconf 70' lang='grc' dir='ltr'>τῶν</span> <span class='ocrx_word' id='word_1_205' title='bbox 821 1869 852 1904; x_wconf 86' lang='lat' dir='ltr'>C</span> <span class='ocrx_word' id='word_1_206' title='bbox 988 1869 1032 1906; x_wconf 86' lang='lat'>16</span> <span class='ocrx_word' id='word_1_207' title='bbox 1052 1865 1228 1914; x_wconf 74' lang='grc' dir='ltr'><strong><em>ἆφείλατο</em></strong></span> <span class='ocrx_word' id='word_1_208' title='bbox 1253 1869 1283 1903; x_wconf 88' lang='lat' dir='ltr'>C</span> 
     </span>
    </p>
   </div>
   <div class='ocr_carea' id='block_1_4' title="bbox 340 1992 1790 2818">
    <p class='ocr_par' dir='ltr' id='par_1_8' title="bbox 340 1992 1781 2075">
     <span class='ocr_line' id='line_1_26' title="bbox 340 1992 1781 2040; baseline 0.002 -14"><span class='ocrx_word' id='word_1_209' title='bbox 340 1992 458 2028; x_wconf 84' lang='lat' dir='ltr'>irritas</span> <span class='ocrx_word' id='word_1_210' title='bbox 490 1994 657 2038; x_wconf 88' lang='lat' dir='ltr'>reddens,</span> <span class='ocrx_word' id='word_1_211' title='bbox 691 1997 728 2028; x_wconf 87' lang='lat' dir='ltr'>et</span> <span class='ocrx_word' id='word_1_212' title='bbox 748 2005 790 2028; x_wconf 89' lang='lat' dir='ltr'>eo</span> <span class='ocrx_word' id='word_1_213' title='bbox 813 1992 889 2039; x_wconf 86' lang='lat' dir='ltr'>ipso</span> <span class='ocrx_word' id='word_1_214' title='bbox 915 1993 1096 2029; x_wconf 86' lang='lat' dir='ltr'>adversum</span> <span class='ocrx_word' id='word_1_215' title='bbox 1119 2005 1157 2028; x_wconf 89' lang='lat' dir='ltr'>se</span> <span class='ocrx_word' id='word_1_216' title='bbox 1178 1994 1320 2029; x_wconf 85' lang='lat' dir='ltr'>irritans</span> <span class='ocrx_word' id='word_1_217' title='bbox 1343 2004 1460 2029; x_wconf 84' lang='lat' dir='ltr'>eorum</span> <span class='ocrx_word' id='word_1_218' title='bbox 1485 1992 1631 2030; x_wconf 84' lang='lat' dir='ltr'>animos.</span> <span class='ocrx_word' id='word_1_219' title='bbox 1677 1997 1781 2040; x_wconf 82' lang='lat' dir='ltr'>atque</span> 
     </span>
     <span class='ocr_line' id='line_1_27' title="bbox 341 2038 1119 2075; baseline 0.001 -3"><span class='ocrx_word' id='word_1_220' title='bbox 341 2038 409 2073; x_wconf 86' lang='lat' dir='ltr'>hoc</span> <span class='ocrx_word' id='word_1_221' title='bbox 431 2039 530 2073; x_wconf 91' lang='lat' dir='ltr'>modo</span> <span class='ocrx_word' id='word_1_222' title='bbox 554 2039 739 2074; x_wconf 81' lang='lat' dir='ltr'><strong>orientales</strong></span> <span class='ocrx_word' id='word_1_223' title='bbox 761 2039 920 2074; x_wconf 87' lang='lat' dir='ltr'>ductores</span> <span class='ocrx_word' id='word_1_224' title='bbox 942 2040 1119 2075; x_wconf 84' lang='lat' dir='ltr'>tractavit.</span> 
     </span>
    </p>

    <p class='ocr_par' dir='ltr' id='par_1_9' title="bbox 340 2084 1790 2725">
     <span class='ocr_line' id='line_1_28' title="bbox 433 2084 1783 2131; baseline 0.001 -13"><span class='ocrx_word' id='word_1_225' title='bbox 433 2085 645 2128; x_wconf 86' lang='lat' dir='ltr'>Bryennium</span> <span class='ocrx_word' id='word_1_226' title='bbox 678 2089 790 2119; x_wconf 87' lang='lat' dir='ltr'>autem</span> <span class='ocrx_word' id='word_1_227' title='bbox 821 2086 864 2119; x_wconf 87' lang='lat' dir='ltr'>ab</span> <span class='ocrx_word' id='word_1_228' title='bbox 897 2085 1019 2120; x_wconf 87' lang='lat' dir='ltr'>exsilio</span> <span class='ocrx_word' id='word_1_229' title='bbox 1048 2085 1231 2121; x_wconf 83' lang='lat' dir='ltr'>revocavit</span> <span class='ocrx_word' id='word_1_230' title='bbox 1253 2097 1294 2120; x_wconf 81' lang='lat' dir='ltr'>ac</span> <span class='ocrx_word' id='word_1_231' title='bbox 1315 2085 1581 2131; x_wconf 69' lang='lat' dir='ltr'><strong>Cappadocibus</strong></span> <span class='ocrx_word' id='word_1_232' title='bbox 1600 2084 1783 2131; x_wconf 75' lang='lat' dir='ltr'>praefecit,</span> 
     </span>
     <span class='ocr_line' id='line_1_29' title="bbox 341 2129 1784 2186; baseline 0.001 -23"><span class='ocrx_word' id='word_1_233' title='bbox 341 2129 512 2175; x_wconf 88' lang='lat' dir='ltr'>plenoque</span> <span class='ocrx_word' id='word_1_234' title='bbox 545 2142 620 2164; x_wconf 93' lang='lat' dir='ltr'>cum</span> <span class='ocrx_word' id='word_1_235' title='bbox 651 2130 795 2175; x_wconf 87' lang='lat' dir='ltr'>imperio</span> <span class='ocrx_word' id='word_1_236' title='bbox 827 2131 1061 2166; x_wconf 81' lang='lat' dir='ltr'><strong>Macedonicis</strong></span> <span class='ocrx_word' id='word_1_237' title='bbox 1089 2131 1283 2176; x_wconf 73' lang='lat' dir='ltr'>legionibus</span> <span class='ocrx_word' id='word_1_238' title='bbox 1315 2131 1550 2186; x_wconf 79' lang='lat' dir='ltr'>praepositum</span> <span class='ocrx_word' id='word_1_239' title='bbox 1579 2131 1618 2166; x_wconf 89' lang='lat' dir='ltr'>in</span> <span class='ocrx_word' id='word_1_240' title='bbox 1647 2131 1784 2166; x_wconf 76' lang='lat' dir='ltr'>Turcos</span> 
     </span>
     <span class='ocr_line' id='line_1_30' title="bbox 346 2176 1784 2222; baseline 0 -12"><span class='ocrx_word' id='word_1_241' title='bbox 346 2176 474 2210; x_wconf 81' lang='lat' dir='ltr'><strong>emisit.</strong></span> <span class='ocrx_word' id='word_1_242' title='bbox 502 2176 643 2217; x_wconf 15' lang='lat' dir='ltr'>*etenim</span> <span class='ocrx_word' id='word_1_243' title='bbox 668 2177 804 2211; x_wconf 88' lang='lat' dir='ltr'>Turcus</span> <span class='ocrx_word' id='word_1_244' title='bbox 829 2177 985 2222; x_wconf 83' lang='lat' dir='ltr'>quidam,</span> <span class='ocrx_word' id='word_1_245' title='bbox 1018 2177 1208 2212; x_wconf 81' lang='lat' dir='ltr'>Samuchus</span> <span class='ocrx_word' id='word_1_246' title='bbox 1239 2189 1396 2221; x_wconf 76' lang='lat' dir='ltr'>nomine,</span> <span class='ocrx_word' id='word_1_247' title='bbox 1431 2176 1784 2212; x_wconf 76' lang='lat' dir='ltr'>obscuris&#39;nntalibus</span> 
     </span>
     <span class='ocr_line' id='line_1_31' title="bbox 344 2220 1786 2268; baseline 0 -12"><span class='ocrx_word' id='word_1_248' title='bbox 344 2222 407 2256; x_wconf 82' lang='lat' dir='ltr'>sed</span> <span class='ocrx_word' id='word_1_249' title='bbox 429 2220 518 2256; x_wconf 91' lang='lat' dir='ltr'>bello</span> <span class='ocrx_word' id='word_1_250' title='bbox 541 2222 713 2268; x_wconf 85' lang='lat' dir='ltr'>egregius,</span> <span class='ocrx_word' id='word_1_251' title='bbox 735 2223 799 2256; x_wconf 86' lang='lat' dir='ltr'>sub</span> <span class='ocrx_word' id='word_1_252' title='bbox 822 2222 956 2258; x_wconf 83' lang='lat' dir='ltr'>sultano</span> <span class='ocrx_word' id='word_1_253' title='bbox 977 2223 1126 2258; x_wconf 83' lang='lat' dir='ltr'>militans</span> <span class='ocrx_word' id='word_1_254' title='bbox 1151 2235 1226 2259; x_wconf 91' lang='lat' dir='ltr'>cum</span> <span class='ocrx_word' id='word_1_255' title='bbox 1248 2223 1279 2258; x_wconf 87' lang='lat' dir='ltr'>is</span> <span class='ocrx_word' id='word_1_256' title='bbox 1302 2223 1443 2258; x_wconf 83' lang='lat' dir='ltr'>alteram</span> <span class='ocrx_word' id='word_1_257' title='bbox 1467 2222 1504 2258; x_wconf 89' lang='lat' dir='ltr'>in</span> <span class='ocrx_word' id='word_1_258' title='bbox 1525 2223 1702 2258; x_wconf 74' lang='lat' dir='ltr'>Romanos</span> <span class='ocrx_word' id='word_1_259' title='bbox 1719 2222 1786 2256; x_wconf 86' lang='lat' dir='ltr'>im-</span> 
     </span>
     <span class='ocr_line' id='line_1_32' title="bbox 343 2267 1786 2313; baseline 0.001 -12"><span class='ocrx_word' id='word_1_260' title='bbox 343 2267 555 2313; x_wconf 86' lang='lat' dir='ltr'>pressionem</span> <span class='ocrx_word' id='word_1_261' title='bbox 579 2268 685 2312; x_wconf 83' lang='lat' dir='ltr'>fecit,</span> <span class='ocrx_word' id='word_1_262' title='bbox 717 2279 757 2302; x_wconf 92' lang='lat' dir='ltr'>eo</span> <span class='ocrx_word' id='word_1_263' title='bbox 780 2267 818 2302; x_wconf 84' lang='lat' dir='ltr'>in</span> <span class='ocrx_word' id='word_1_264' title='bbox 839 2268 1018 2304; x_wconf 83' lang='lat' dir='ltr'>Persidem</span> <span class='ocrx_word' id='word_1_265' title='bbox 1040 2281 1182 2305; x_wconf 86' lang='lat' dir='ltr'>reverso</span> <span class='ocrx_word' id='word_1_266' title='bbox 1206 2280 1280 2304; x_wconf 87' lang='lat' dir='ltr'>cum</span> <span class='ocrx_word' id='word_1_267' title='bbox 1304 2269 1415 2304; x_wconf 86' lang='lat' dir='ltr'>tribus</span> <span class='ocrx_word' id='word_1_268' title='bbox 1436 2268 1573 2303; x_wconf 87' lang='lat' dir='ltr'>milibus</span> <span class='ocrx_word' id='word_1_269' title='bbox 1595 2269 1707 2303; x_wconf 90' lang='lat' dir='ltr'>locum</span> <span class='ocrx_word' id='word_1_270' title='bbox 1728 2272 1786 2302; x_wconf 86' lang='lat' dir='ltr'>te-</span> 
     </span>
     <span class='ocr_line' id='line_1_33' title="bbox 344 2313 1788 2360; baseline 0.001 -13"><span class='ocrx_word' id='word_1_271' title='bbox 344 2313 442 2357; x_wconf 83' lang='lat' dir='ltr'>nuit,</span> <span class='ocrx_word' id='word_1_272' title='bbox 482 2318 587 2358; x_wconf 89' lang='lat' dir='ltr'>atque</span> <span class='ocrx_word' id='word_1_273' title='bbox 610 2314 689 2348; x_wconf 90' lang='lat' dir='ltr'>hinc</span> <span class='ocrx_word' id='word_1_274' title='bbox 711 2313 793 2348; x_wconf 88' lang='lat' dir='ltr'>inde</span> <span class='ocrx_word' id='word_1_275' title='bbox 816 2325 947 2358; x_wconf 81' lang='lat' dir='ltr'>vagans</span> <span class='ocrx_word' id='word_1_276' title='bbox 970 2314 1004 2348; x_wconf 90' lang='lat' dir='ltr'>in</span> <span class='ocrx_word' id='word_1_277' title='bbox 1034 2315 1147 2360; x_wconf 79' lang='lat' dir='ltr'>planis</span> <span class='ocrx_word' id='word_1_278' title='bbox 1170 2320 1275 2360; x_wconf 82' lang='lat' dir='ltr'>atque</span> <span class='ocrx_word' id='word_1_279' title='bbox 1296 2314 1481 2350; x_wconf 80' lang='lat' dir='ltr'>humilibus</span> <span class='ocrx_word' id='word_1_280' title='bbox 1503 2313 1641 2349; x_wconf 77' lang='lat' dir='ltr'>maioris</span> <span class='ocrx_word' id='word_1_281' title='bbox 1663 2314 1788 2348; x_wconf 78' lang='lat' dir='ltr'>Arme-</span> 
     </span>
     <span class='ocr_line' id='line_1_34' title="bbox 345 2358 1788 2396; baseline 0.001 -4"><span class='ocrx_word' id='word_1_282' title='bbox 345 2359 424 2392; x_wconf 88' lang='lat' dir='ltr'>niae</span> <span class='ocrx_word' id='word_1_283' title='bbox 455 2358 541 2393; x_wconf 86' lang='lat' dir='ltr'>locis</span> <span class='ocrx_word' id='word_1_284' title='bbox 571 2359 694 2394; x_wconf 81' lang='lat' dir='ltr'>subitis</span> <span class='ocrx_word' id='word_1_285' title='bbox 715 2359 970 2394; x_wconf 84' lang='lat' dir='ltr'>incursionibus</span> <span class='ocrx_word' id='word_1_286' title='bbox 992 2360 1162 2396; x_wconf 88' lang='lat' dir='ltr'>dicionem</span> <span class='ocrx_word' id='word_1_287' title='bbox 1183 2361 1369 2395; x_wconf 85' lang='lat' dir='ltr'>Romanam</span> <span class='ocrx_word' id='word_1_288' title='bbox 1392 2361 1555 2395; x_wconf 82' lang='lat' dir='ltr'>vexabat.</span> <span class='ocrx_word' id='word_1_289' title='bbox 1601 2359 1663 2394; x_wconf 86' lang='lat' dir='ltr'>sed</span> <span class='ocrx_word' id='word_1_290' title='bbox 1685 2358 1788 2394; x_wconf 71' lang='lat' dir='ltr'>huiu-</span> 
     </span>
     <span class='ocr_line' id='line_1_35' title="bbox 346 2403 1789 2450; baseline 0.001 -13"><span class='ocrx_word' id='word_1_291' title='bbox 346 2403 483 2449; x_wconf 90' lang='lat' dir='ltr'>quidem</span> <span class='ocrx_word' id='word_1_292' title='bbox 518 2404 663 2439; x_wconf 85' lang='lat' dir='ltr'>animum</span> <span class='ocrx_word' id='word_1_293' title='bbox 692 2416 760 2439; x_wconf 90' lang='lat' dir='ltr'>non</span> <span class='ocrx_word' id='word_1_294' title='bbox 791 2405 944 2450; x_wconf 84' lang='lat' dir='ltr'>placavit</span> <span class='ocrx_word' id='word_1_295' title='bbox 974 2406 1073 2441; x_wconf 91' lang='lat' dir='ltr'>homo</span> <span class='ocrx_word' id='word_1_296' title='bbox 1105 2406 1304 2442; x_wconf 85' lang='lat' dir='ltr'>blandiendi</span> <span class='ocrx_word' id='word_1_297' title='bbox 1327 2418 1367 2440; x_wconf 83' lang='lat' dir='ltr'>ac</span> <span class='ocrx_word' id='word_1_298' title='bbox 1390 2406 1552 2441; x_wconf 85' lang='lat' dir='ltr'>comitate</span> <span class='ocrx_word' id='word_1_299' title='bbox 1573 2403 1789 2439; x_wconf 77' lang='lat' dir='ltr'>demulcendi</span> 
     </span>
     <span class='ocr_line' id='line_1_36' title="bbox 340 2449 1788 2496; baseline 0.001 -13"><span class='ocrx_word' id='word_1_300' title='bbox 340 2461 407 2494; x_wconf 16' lang='lat' dir='ltr'>*eos</span> <span class='ocrx_word' id='word_1_301' title='bbox 432 2449 492 2494; x_wconf 92' lang='lat' dir='ltr'>qui</span> <span class='ocrx_word' id='word_1_302' title='bbox 513 2450 685 2485; x_wconf 80' lang='lat' dir='ltr'>atrocibus</span> <span class='ocrx_word' id='word_1_303' title='bbox 707 2451 825 2486; x_wconf 83' lang='lat' dir='ltr'>affecti</span> <span class='ocrx_word' id='word_1_304' title='bbox 847 2451 983 2485; x_wconf 88' lang='lat' dir='ltr'>iniuriis</span> <span class='ocrx_word' id='word_1_305' title='bbox 1007 2453 1172 2487; x_wconf 83' lang='lat' dir='ltr'>occultam</span> <span class='ocrx_word' id='word_1_306' title='bbox 1193 2453 1230 2486; x_wconf 93' lang='lat' dir='ltr'>in</span> <span class='ocrx_word' id='word_1_307' title='bbox 1253 2451 1364 2486; x_wconf 78' lang='lat' dir='ltr'>animo</span> <span class='ocrx_word' id='word_1_308' title='bbox 1387 2452 1473 2486; x_wconf 85' lang='lat' dir='ltr'>iram</span> <span class='ocrx_word' id='word_1_309' title='bbox 1492 2455 1617 2496; x_wconf 83' lang='lat' dir='ltr'>gerunt</span> <span class='ocrx_word' id='word_1_310' title='bbox 1636 2450 1788 2494; x_wconf 80' lang='lat' dir='ltr'>ignaris-</span> 
     </span>
     <span class='ocr_line' id='line_1_37' title="bbox 347 2494 1786 2542; baseline 0.002 -14"><span class='ocrx_word' id='word_1_311' title='bbox 347 2494 464 2529; x_wconf 86' lang='lat' dir='ltr'>simus.</span> <span class='ocrx_word' id='word_1_312' title='bbox 512 2508 718 2542; x_wconf 83' lang='lat' dir='ltr'>magnopere</span> <span class='ocrx_word' id='word_1_313' title='bbox 750 2496 839 2531; x_wconf 90' lang='lat' dir='ltr'>enim</span> <span class='ocrx_word' id='word_1_314' title='bbox 871 2498 1073 2532; x_wconf 87' lang='lat' dir='ltr'>obsecrante</span> <span class='ocrx_word' id='word_1_315' title='bbox 1094 2498 1271 2542; x_wconf 86' lang='lat' dir='ltr'>Bryennio</span> <span class='ocrx_word' id='word_1_316' title='bbox 1304 2503 1343 2532; x_wconf 91' lang='lat' dir='ltr'>ut</span> <span class='ocrx_word' id='word_1_317' title='bbox 1369 2499 1461 2532; x_wconf 82' lang='lat' dir='ltr'>bona</span> <span class='ocrx_word' id='word_1_318' title='bbox 1494 2498 1596 2532; x_wconf 84' lang='lat' dir='ltr'>etiam</span> <span class='ocrx_word' id='word_1_319' title='bbox 1619 2495 1688 2531; x_wconf 87' lang='lat' dir='ltr'>sibi</span> <span class='ocrx_word' id='word_1_320' title='bbox 1706 2506 1786 2542; x_wconf 74' lang='lat' dir='ltr'>suu,</span> 
     </span>
     <span class='ocr_line' id='line_1_38' title="bbox 348 2540 1788 2588; baseline 0.001 -15"><span class='ocrx_word' id='word_1_321' title='bbox 348 2551 437 2584; x_wconf 88' lang='lat' dir='ltr'>quae</span> <span class='ocrx_word' id='word_1_322' title='bbox 459 2540 527 2585; x_wconf 84' lang='lat' dir='ltr'>ipsi</span> <span class='ocrx_word' id='word_1_323' title='bbox 551 2542 737 2576; x_wconf 87' lang='lat' dir='ltr'>Theodora</span> <span class='ocrx_word' id='word_1_324' title='bbox 760 2543 954 2588; x_wconf 81' lang='lat' dir='ltr'>eripuerat,</span> <span class='ocrx_word' id='word_1_325' title='bbox 979 2544 1229 2588; x_wconf 84' lang='lat' dir='ltr'>redderentur,</span> <span class='ocrx_word' id='word_1_326' title='bbox 1253 2555 1321 2578; x_wconf 92' lang='lat' dir='ltr'>non</span> <span class='ocrx_word' id='word_1_327' title='bbox 1344 2543 1514 2586; x_wconf 82' lang='lat' dir='ltr'>assensit3</span> <span class='ocrx_word' id='word_1_328' title='bbox 1546 2554 1588 2577; x_wconf 78' lang='lat' dir='ltr'>ac</span> <span class='ocrx_word' id='word_1_329' title='bbox 1609 2546 1788 2586; x_wconf 81' lang='lat' dir='ltr'>urgentem</span> 
     </span>
     <span class='ocr_line' id='line_1_39' title="bbox 347 2586 1789 2634; baseline 0.001 -16"><span class='ocrx_word' id='word_1_330' title='bbox 347 2586 605 2630; x_wconf 87' lang='lat' dir='ltr'>vehementius,</span> <span class='ocrx_word' id='word_1_331' title='bbox 633 2587 773 2631; x_wconf 82' lang='lat' dir='ltr'>vulgare</span> <span class='ocrx_word' id='word_1_332' title='bbox 804 2589 885 2623; x_wconf 87' lang='lat' dir='ltr'>illud</span> <span class='ocrx_word' id='word_1_333' title='bbox 916 2594 953 2623; x_wconf 87' lang='lat' dir='ltr'>et</span> <span class='ocrx_word' id='word_1_334' title='bbox 982 2589 1164 2634; x_wconf 86' lang='lat' dir='ltr'>protritum</span> <span class='ocrx_word' id='word_1_335' title='bbox 1190 2590 1299 2632; x_wconf 82' lang='lat' dir='ltr'>fatus,</span> <span class='ocrx_word' id='word_1_336' title='bbox 1333 2590 1489 2623; x_wconf 82' lang='lat' dir='ltr'>consecto</span> <span class='ocrx_word' id='word_1_337' title='bbox 1520 2599 1627 2633; x_wconf 88' lang='lat' dir='ltr'>opere</span> <span class='ocrx_word' id='word_1_338' title='bbox 1656 2587 1789 2621; x_wconf 86' lang='lat' dir='ltr'>demum</span> 
     </span>
     <span class='ocr_line' id='line_1_40' title="bbox 350 2631 1790 2680; baseline 0.001 -16"><span class='ocrx_word' id='word_1_339' title='bbox 350 2642 428 2665; x_wconf 88' lang='lat' dir='ltr'>esse</span> <span class='ocrx_word' id='word_1_340' title='bbox 450 2631 650 2676; x_wconf 86' lang='lat' dir='ltr'>exigendam</span> <span class='ocrx_word' id='word_1_341' title='bbox 673 2634 873 2677; x_wconf 86' lang='lat' dir='ltr'>mercedem,</span> <span class='ocrx_word' id='word_1_342' title='bbox 895 2634 1036 2669; x_wconf 83' lang='lat' dir='ltr'>dimisit.</span> <span class='ocrx_word' id='word_1_343' title='bbox 1070 2635 1266 2679; x_wconf 89' lang='lat' dir='ltr'>Bryennius</span> <span class='ocrx_word' id='word_1_344' title='bbox 1286 2635 1352 2669; x_wconf 91' lang='lat' dir='ltr'>hoc</span> <span class='ocrx_word' id='word_1_345' title='bbox 1374 2635 1473 2669; x_wconf 89' lang='lat' dir='ltr'>modo</span> <span class='ocrx_word' id='word_1_346' title='bbox 1497 2638 1635 2680; x_wconf 75' lang='lat' dir='ltr'>spretus</span> <span class='ocrx_word' id='word_1_347' title='bbox 1657 2632 1790 2675; x_wconf 77' lang='lat' dir='ltr'>disces-</span> 
     </span>
     <span class='ocr_line' id='line_1_41' title="bbox 348 2676 1491 2725; baseline 0.004 -16"><span class='ocrx_word' id='word_1_348' title='bbox 348 2676 396 2710; x_wconf 86' lang='lat' dir='ltr'>sit</span> <span class='ocrx_word' id='word_1_349' title='bbox 417 2677 527 2710; x_wconf 86' lang='lat' dir='ltr'>auimo</span> <span class='ocrx_word' id='word_1_350' title='bbox 551 2683 767 2723; x_wconf 77' lang='lat' dir='ltr'>exasperato,</span> <span class='ocrx_word' id='word_1_351' title='bbox 790 2679 964 2714; x_wconf 85' lang='lat' dir='ltr'>vindictae</span> <span class='ocrx_word' id='word_1_352' title='bbox 985 2681 1197 2715; x_wconf 82' lang='lat' dir='ltr'>occasionem</span> <span class='ocrx_word' id='word_1_353' title='bbox 1218 2685 1491 2725; x_wconf 82' lang='lat' dir='ltr'>exspectaturus.</span> 
     </span>
    </p>

    <p class='ocr_par' dir='ltr' id='par_1_10' title="bbox 350 2720 1790 2818">
     <span class='ocr_line' id='line_1_42' title="bbox 441 2720 1790 2772; baseline 0.001 -18"><span class='ocrx_word' id='word_1_354' title='bbox 441 2723 595 2756; x_wconf 80' lang='lat' dir='ltr'>Eundem</span> <span class='ocrx_word' id='word_1_355' title='bbox 619 2735 657 2756; x_wconf 84' lang='lat' dir='ltr'>se</span> <span class='ocrx_word' id='word_1_356' title='bbox 680 2723 867 2770; x_wconf 89' lang='lat' dir='ltr'>imperator</span> <span class='ocrx_word' id='word_1_357' title='bbox 889 2725 998 2770; x_wconf 85' lang='lat' dir='ltr'>gessit</span> <span class='ocrx_word' id='word_1_358' title='bbox 1021 2738 1104 2771; x_wconf 70' lang='lat' dir='ltr'>erga</span> <span class='ocrx_word' id='word_1_359' title='bbox 1125 2726 1314 2761; x_wconf 83' lang='lat' dir='ltr'>Erbebium</span> <span class='ocrx_word' id='word_1_360' title='bbox 1338 2725 1622 2772; x_wconf 79' lang='lat' dir='ltr'>FrancopuUum,</span> <span class='ocrx_word' id='word_1_361' title='bbox 1652 2722 1712 2768; x_wconf 87' lang='lat' dir='ltr'>qui</span> <span class='ocrx_word' id='word_1_362' title='bbox 1734 2720 1790 2756; x_wconf 79' lang='lat' dir='ltr'>‘vit</span> 
     </span>
     <span class='ocr_line' id='line_1_43' title="bbox 350 2765 1789 2818; baseline 0.002 -19"><span class='ocrx_word' id='word_1_363' title='bbox 350 2765 388 2800; x_wconf 88' lang='lat' dir='ltr'>in</span> <span class='ocrx_word' id='word_1_364' title='bbox 414 2767 535 2803; x_wconf 82' lang='lat' dir='ltr'>Sicilia</span> <span class='ocrx_word' id='word_1_365' title='bbox 557 2768 739 2805; x_wconf 74' lang='lat' dir='ltr'>Maniacae</span> <span class='ocrx_word' id='word_1_366' title='bbox 770 2770 806 2805; x_wconf 86' lang='lat' dir='ltr'>in</span> <span class='ocrx_word' id='word_1_367' title='bbox 838 2771 928 2807; x_wconf 84' lang='lat' dir='ltr'>bello</span> <span class='ocrx_word' id='word_1_368' title='bbox 960 2772 1075 2807; x_wconf 77' lang='lat' dir='ltr'>socius</span> <span class='ocrx_word' id='word_1_369' title='bbox 1098 2772 1233 2818; x_wconf 80' lang='lat' dir='ltr'>fuerat,</span> <span class='ocrx_word' id='word_1_370' title='bbox 1260 2783 1302 2808; x_wconf 77' lang='lat' dir='ltr'>ac</span> <span class='ocrx_word' id='word_1_371' title='bbox 1323 2771 1504 2818; x_wconf 78' lang='lat' dir='ltr'>praeclara</span> <span class='ocrx_word' id='word_1_372' title='bbox 1524 2773 1695 2807; x_wconf 75' lang='lat' dir='ltr'>statuerat</span> <span class='ocrx_word' id='word_1_373' title='bbox 1714 2771 1789 2803; x_wconf 81' lang='lat' dir='ltr'>tro-</span> 
     </span>
    </p>
   </div>
  </div>
 </body>
</html>
