1890 3236
694 172 1064 218 GLOSSARrUM.
1506 166 1604 216 943

132 283 240 342 219»,
277 279 382 338 προς
402 278 542 333 αὐτοῖς
559 286 642 332 τοῖς
665 285 740 324 τοῦ
757 281 951 336 βασιλέως
968 281 1087 333 ποσί,
1116 284 1201 331 ταῖς
1219 280 1427 335 μαχαίραις
1445 277 1605 323 κατεκό-

145 350 263 395 ψαιο.
319 341 526 380 Chronicon
551 341 833 379 Alexandrinum
856 354 891 391 p.
908 341 1003 382 676.

48 413 50 420 “
257 399 543 451 τριβοῦνος
571 398 753 437 tribunus.
812 397 970 436 Glossae
998 396 1398 449 Cyrilli:vqtss015vog
1422 396 1600 437 tribunus.

41 463 69 507 ,¹
140 454 370 494 Glossarium
392 467 467 494 ms:
497 449 775 507 πρωτοστάτης
794 454 1018 506 τριβοῦνος.
1075 455 1111 492 b.
1133 453 1417 503 ehu-ysostomus
1446 466 1503 504 ep.
1524 450 1593 493 14:

28 523 34 533 ¹
143 514 263 552 τοῦτο
290 506 466 558 οἰκούσας
500 509 526 552 o‘
546 512 781 580 τριβοῦνος,
822 508 959 560 λαβων
988 525 1082 558 τους
1113 506 1350 561 στρατιώτας
1379 505 1454 558 οὺς
1486 506 1601 576 ειχεν,

141 567 325 622 ἐξῆλθεν.
384 567 647 619 Theophanes:
684 563 1012 614 Ουάλεντινιανὸς
1036 566 1246 618 τριβυυνος
1267 563 1351 607 τότε
1370 562 1427 607 ὧν
1448 581 1604 619 ταγμα-

141 638 225 672 τος
229 637 460 675 κορνουτων
481 623 694 677 λεγομένου
715 622 874 676 μέρους.
932 624 1134 663 Concilium
1153 623 1450 662 Chalcedonense
1471 626 1602 664 act.1:

141 679 260 723 καῖ’
235 697 258 722 ο
278 678 552 732 λαμπρότατος
582 681 792 734 τριβοῦνος
813 695 997 732 νοταριος
1018 679 1086 721 καὶ
1105 676 1412 732 ρεφερενδᾶοιος
1433 677 1600 728 διδάξει.

140 738 304 790 loquitur
323 737 372 776 de
389 738 536 775 tribuno
557 743 596 776 et
621 739 762 776 notario
780 738 964 789 principis.
1021 743 1059 776 et
1077 738 1120 778 S.
1143 737 1298 776 Basilius
1318 737 1426 789 epist.
1445 739 1527 779 208
1551 737 1601 775 ad

141 795 318 835 lulianum
335 795 613 845 imperatorem:
656 810 677 833 o
701 790 959 846 περίβλεπτός
987 805 1060 834 σου
1087 795 1307 845 τριβοῠνος.
1365 794 1464 832 adde
1486 794 1602 831 isido-

139 864 221 890 rum
244 850 414 890 Pelusiot.
438 849 462 888 l.
485 852 507 891 1
531 853 638 902 epist.
668 851 747 891 186
773 852 853 890 etl.
876 853 903 891 2
926 851 1036 902 epist.
1059 852 1162 898 291,
1202 850 1440 889 Theodorum
1467 850 1600 888 Lecto-

139 921 218 948 rcm
237 909 276 947 in
299 906 383 945 hist.
400 906 554 956 Eclog.,
593 907 819 959 Harmenop.
842 910 869 950 4
889 908 944 946 tit.
967 907 1034 946 ult.
1059 904 1080 959 §
1104 909 1180 956 28,
1205 908 1304 959 apud
1327 920 1436 957 quem
1458 907 1599 958 legata-

139 965 184 1004 rii
209 977 277 1016 pro
306 963 435 1014 legatis
466 964 704 1014 accipiuntur,
745 970 786 1002 ut
804 969 840 1003 et
862 964 962 1016 apud
982 964 1260 1014 Sangallensem
1287 963 1311 1001 l.
1343 967 1370 1005 2
1402 964 1451 1002 de
1484 964 1598 1014 gestis

140 1020 264 1060 Caroli
286 1019 340 1061 M.
367 1019 556 1071 legatarii
580 1021 685 1070 regis
703 1020 923 1072 Asi-oran&
963 1025 1002 1060 et
1027 1022 1065 1059 in
1092 1020 1248 1072 epistola
1278 1020 1436 1070 quadam
1465 1021 1598 1070 legatis

138 1078 363 1118 Francorum
382 1077 429 1114 ab
446 1077 572 1115 ltaliae
592 1078 730 1115 clericis
751 1079 901 1117 directa.
960 1091 995 1117 v.
1017 1077 1167 1116 Henrici
1189 1076 1325 1115 Valesii
1344 1076 1410 1115 viri
1427 1078 1599 1116 eruditis-

139 1134 222 1174 simi
238 1133 495 1173 annotationes
516 1135 552 1170 in
572 1133 686 1171 Amm.
710 1135 912 1173 Marcellini
932 1133 955 1174 l.
975 1137 1025 1175 17
1045 1148 1082 1186 p
1108 1134 1200 1175 140.

249 1185 520 1243 τρισᾶγιον
552 1191 754 1240 trisagium
812 1192 866 1229 his
884 1204 980 1241 quae
1003 1191 1207 1230 observavit
1224 1189 1463 1229 Meursiusin
1481 1189 1596 1227 Glos-

138 1247 260 1296 sario,
295 1247 396 1285 adde
421 1246 604 1284 Andream
635 1248 914 1286 Caesariensem
943 1248 981 1286 in
1009 1246 1230 1298 Apocalyps.
1252 1261 1291 1298 p.
1314 1247 1339 1288 5
1362 1246 1457 1284 inter
1482 1259 1598 1298 opera

136 1303 391 1355 Chrysontomi
409 1303 468 1344 ed.
486 1303 684 1350 Commel.‚
719 1304 969 1354 Menologium
993 1303 1172 1342 Graecum
1197 1304 1301 1355 Sept.
1319 1302 1367 1348 5,
1405 1302 1596 1354 Nicepho-

136 1373 218 1400 rum
233 1359 372 1399 Callisti
393 1358 444 1400 15
475 1358 528 1399 28
558 1364 594 1398 et
616 1362 667 1402 18
698 1363 765 1407 51,
794 1361 1071 1412 Theophanem,
1100 1360 1315 1398 Antiochum
1336 1358 1482 1397 homilia
1503 1362 1595 1401 180.

136 1429 247 1470 quem
268 1417 354 1455 vide
373 1416 543 1467 p.1246
566 1421 668 1454 tomo
695 1421 716 1459 1
741 1417 915 1455 Biblioth.
936 1418 1065 1456 Graec.
1083 1416 1166 1455 Lat.
1185 1418 1243 1455 ed.
1262 1416 1406 1468 prioris.

247 1474 515 1541 τροῦλλος,
571 1475 782 1542 τροῦλος
827 1474 966 1515 trullus
1024 1473 1268 1523 Theophanes
1302 1474 1340 1510 in
1371 1472 1593 1511 Iustiniano:

133 1524 355 1598 ἐτρυγησαν
377 1544 472 1577 τους
493 1526 662 1578 πινσοὺς
687 1545 782 1577 τους
803 1528 1070 1583 βαστάζοντας
1100 1544 1171 1570 τον
1203 1531 1397 1582 τροῦλον,
1421 1528 1495 1568 καὶ
1525 1526 1594 1568 δια

133 1590 252 1629 τοῦτο
276 1582 350 1627 ουίι
371 1580 540 1639 ἐβάσταξ
543 1601 604 1627 αν.
660 1584 803 1628 λοιπόν
836 1584 1011 1627 συνιδών
1045 1585 1070 1628 ό
1101 1582 1375 1639 ευσεβὲστατος
1407 1583 1593 1637 βασιλεῦς

133 1641 294 1699 ἤγειρεν
317 1639 464 1691 αλλους
483 1640 677 1692 πινσοῦς,
704 1659 773 1684 και
790 1643 946 1692 ἐδέξατο
967 1641 1038 1684 τὸν
1056 1646 1238 1696 τροῦλον.
1280 1644 1388 1681 item:
1417 1640 1440 1683 ὁ
1457 1645 1594 1694 τροῦλ-

133 1704 202 1749 λος
219 1703 294 1753 τῆς
309 1699 517 1752 ἐκκλησίας
532 1695 731 1753 Ἐδέσσης.
789 1714 821 1742 v.
850 1701 1000 1750 Evagrii
1025 1701 1051 1742 4
1081 1702 1156 1749 31,
1198 1706 1237 1739 et
1264 1707 1341 1738 not.
1368 1701 1592 1750 posteriores

133 1759 184 1797 ad
213 1771 253 1810 p.
271 1758 354 1798 386
373 1769 396 1795 a
419 1757 462 1802 b,
504 1756 674 1796 Allatium
699 1759 748 1797 de
771 1759 1014 1798 recentiorum
1037 1758 1262 1796 Graecorum
1285 1757 1427 1808 templis
1446 1769 1485 1808 p.
1511 1757 1591 1799 159

134 1815 196 1854 ed.
219 1813 339 1856 Paris.
355 1826 390 1852 v.
407 1813 446 1851 in
464 1811 657 1866 σὲκρετον.

245 1885 399 1918 τυπος
425 1875 549 1922 typus,
576 1871 714 1918 forma,
741 1871 913 1909 edictum.
969 1869 1150 1909 Martinus
1170 1869 1230 1907 PP
1253 1870 1360 1921 epist.
1382 1869 1430 1906 ad
1451 1868 1590 1906 Aman-

132 1928 220 1967 dum
246 1927 457 1979 episcopum
480 1926 516 1965 Γ
518 1927 773 1966 rmectensem
813 1927 1058 1978 imperialem
1083 1933 1122 1977 ζ)
1119 1940 1220 1976 pum
1248 1925 1441 1976 sacrilego
1466 1938 1587 1970 ausu,

133 1985 253 2023 totius
277 1983 446 2034 plenum
467 1983 663 2034 perfidiae
673 2011 688 2028 ,
735 1997 763 2020 a
796 1983 1094 2021 clementissimo
1123 1983 1306 2033 princ-ipe
1345 1990 1475 2018 nostro
1493 1982 1593 2029 sieri

127 2042 340 2093 persuasit.
403 2041 616 2078 Anastasius
649 2040 732 2078 bibl.
763 2041 800 2077 in
822 2041 915 2079 Hist.
938 2040 1053 2079 Eccl.:
1085 2040 1310 2077 Basiliscus
1329 2046 1461 2076 aulem
1482 2038 1590 2075 hunc

130 2097 427 2136 Alexandriam
451 2110 542 2134 cum
571 2098 675 2148 typi-s·
700 2104 837 2133 eontra
864 2097 1059 2148 synodum
1087 2098 1206 2133 misit.
1267 2103 1305 2134 et
1329 2109 1429 2134 mox:
1463 2108 1588 2145 prae-

132 2163 237 2193 terea
264 2154 490 2191 Basiliscus
515 2161 606 2204 typo
633 2153 818 2205 generali
849 2154 1163 2191 Chalcedonense
1188 2151 1333 2190 abiecit
1357 2152 1581 2189 concilium.

129 2213 250 2252 idem:
274 2211 552 2263 promulgas-tt
566 2218 700 2248 autem
710 2212 896 2262 sormam
917 2212 1130 2261 imperator
1149 2210 1197 2247 de
1214 2210 1404 2260 episcopi-5·
1424 2216 1459 2245 et
1475 2222 1587 2245 oeco-

130 2269 257 2307 nomi-5
277 2276 316 2306 et
330 2267 660 2319 orphanotrophis
678 2275 716 2304 et
732 2267 987 2313 xenodochis,
1017 2281 1066 2304 ne
1081 2267 1312 2304 hereditates
1326 2266 1586 2316 possiderent,

129 2327 211 2364 nisi
223 2339 326 2378 qua-s·
339 2326 580 2376 priusquam
590 2324 899 2375 proveherentur
919 2323 1105 2361 habuisse
1119 2323 1399 2374 probarentur,
1428 2324 1477 2360 de
1494 2323 1586 2374 qui·-

130 2382 204 2420 bue
224 2389 262 2421 et
281 2389 555 2420 testamentum
577 2383 747 2418 emittere
759 2383 994 2432 potuissent.
1055 2394 1090 2422 v.
1114 2386 1203 2423 tom.
1225 2380 1252 2420 3
1273 2382 1314 2419 S.
1333 2379 1457 2418 Basilii
1476 2393 1515 2431 p.
1531 2382 1586 2422 70

125 2439 457 2547 ΝοἪαντή.
515 2492 750 2534 Ditmarusl.
777 2493 825 2535 5:
875 2492 934 2530 ibi
962 2500 1057 2531 tunc
1096 2494 1246 2544 Tagmo
1280 2491 1527 2529 venerandus
1556 2489 1586 2531 4

126 2552 238 2591 Νοη.
262 2551 410 2598 Febr„
445 2550 492 2588 id
508 2558 565 2588 est
586 2549 747 2606 ὖπαντῇ
769 2550 948 2597 domini,
990 2550 1037 2588 id
1061 2557 1117 2587 est
1139 2550 1361 2588 obviatione
1386 2549 1490 2586 Iusti
1517 2549 1585 2586 St-

127 2611 276 2648 meonis
295 2615 365 2648 etc.
422 2621 455 2645 v.
476 2608 689 2646 Meursium.

238 2665 268 2707 v‘
275 2682 304 2705 π
315 2683 339 2706 α
349 2682 370 2705 τ
379 2665 394 2704 ί
403 2681 427 2704 α
439 2695 449 2714 ,
477 2663 505 2704 ὖ
514 2681 542 2703 π
554 2681 579 2703 α
589 2680 608 2703 τ
621 2679 637 2703 ε
647 2660 675 2703 v'
687 2678 704 2703 ε
715 2678 771 2703 ιν.
829 2663 995 2702 consules
1015 2663 1117 2701 initio
1135 2663 1369 2713 magistratus
1389 2663 1444 2700 sui
1468 2661 1584 2712 hypa-

127 2723 213 2761 tium
246 2723 322 2761 sive
351 2734 518 2760 nummos
541 2721 578 2758 in
605 2721 779 2771 populum
810 2721 1044 2771 spargebant.
1115 2719 1350 2758 Marcellinus
1380 2719 1515 2757 Comes
1546 2718 1584 2756 in

124 2779 331 2818 Chronico:
350 2779 592 2815 Marcianus
605 2777 821 2828 Augustus
839 2778 922 2813 suis
939 2777 1079 2814 statuit
1097 2775 1259 2813 decretis
1278 2782 1323 2811 ut
1340 2774 1386 2812 la·
1400 2775 1472 2826 qui
1489 2787 1585 2811 eon-

122 2834 229 2874 eules
245 2836 347 2884 fieri
374 2833 612 2885 cupiebant,
646 2833 771 2872 'nihil
794 2835 898 2872 aeris
926 2834 969 2872 in
993 2832 1195 2885 populum
1220 2838 1463 2884 spargerent.
1525 2831 1584 2870 vel
