<?xml version="1.0" encoding="UTF-8"?>
<!DOCTYPE html PUBLIC "-//W3C//DTD XHTML 1.0 Transitional//EN"
    "http://www.w3.org/TR/xhtml1/DTD/xhtml1-transitional.dtd">
<html xmlns="http://www.w3.org/1999/xhtml" xml:lang="en" lang="en">
 <head>
  <title>
</title>
<meta http-equiv="Content-Type" content="text/html;charset=utf-8" />
  <meta name='ocr-system' content='tesseract 3.04.00' />
  <meta name='ocr-capabilities' content='ocr_page ocr_carea ocr_par ocr_line ocrx_word'/>
</head>
<body>
  <div class='ocr_page' id='page_1' title='image "./corpusscriptorum14niebuoft/corpusscriptorum14niebuoft_0871.png"; bbox 0 0 1916 3210; ppageno 0'>
   <div class='ocr_carea' id='block_1_1' title="bbox 676 148 1640 196">
    <p class='ocr_par' dir='ltr' id='par_1_1' title="bbox 676 148 1640 196">
     <span class='ocr_line' id='line_1_1' title="bbox 676 148 1640 196; baseline 0.003 -3"><span class='ocrx_word' id='word_1_1' title='bbox 676 148 1127 194; x_wconf 82' lang='lat' dir='ltr'><strong>ANNOTATIONES.</strong></span> <span class='ocrx_word' id='word_1_2' title='bbox 1542 149 1606 196; x_wconf 88' lang='grc'>86</span> <span class='ocrx_word' id='word_1_3' title='bbox 1617 151 1640 196; x_wconf 90' lang='grc'>1</span> 
     </span>
    </p>
   </div>
   <div class='ocr_carea' id='block_1_2' title="bbox 161 259 1643 1003">
    <p class='ocr_par' dir='ltr' id='par_1_2' title="bbox 164 259 1643 600">
     <span class='ocr_line' id='line_1_2' title="bbox 169 259 1642 314; baseline -0.003 -10"><span class='ocrx_word' id='word_1_4' title='bbox 169 261 281 304; x_wconf 75' lang='lat' dir='ltr'>ambo</span> <span class='ocrx_word' id='word_1_5' title='bbox 304 261 356 301; x_wconf 83' lang='lat' dir='ltr'>de</span> <span class='ocrx_word' id='word_1_6' title='bbox 386 273 481 314; x_wconf 85' lang='lat' dir='ltr'>pace</span> <span class='ocrx_word' id='word_1_7' title='bbox 507 259 677 301; x_wconf 87' lang='lat' dir='ltr'>collocuti</span> <span class='ocrx_word' id='word_1_8' title='bbox 704 260 851 314; x_wconf 80' lang='lat' dir='ltr'><strong>placide</strong></span> <span class='ocrx_word' id='word_1_9' title='bbox 871 261 1162 311; x_wconf 80' lang='lat' dir='ltr'>cqnvivarentur.</span> <span class='ocrx_word' id='word_1_10' title='bbox 1221 260 1462 301; x_wconf 79' lang='lat' dir='ltr'>attendantur·</span> <span class='ocrx_word' id='word_1_11' title='bbox 1478 262 1642 301; x_wconf 90' lang='lat' dir='ltr'>auctoris</span> 
     </span>
     <span class='ocr_line' id='line_1_3' title="bbox 167 317 1642 370; baseline -0.001 -12"><span class='ocrx_word' id='word_1_12' title='bbox 167 319 282 360; x_wconf 80' lang='lat' dir='ltr'>verba</span> <span class='ocrx_word' id='word_1_13' title='bbox 300 331 340 370; x_wconf 88' lang='lat' dir='ltr'>p.</span> <span class='ocrx_word' id='word_1_14' title='bbox 359 319 443 361; x_wconf 79' lang='lat'>623</span> <span class='ocrx_word' id='word_1_15' title='bbox 463 318 594 367; x_wconf 85' lang='lat' dir='ltr'>citata,</span> <span class='ocrx_word' id='word_1_16' title='bbox 634 330 704 357; x_wconf 90' lang='lat' dir='ltr'>nec</span> <span class='ocrx_word' id='word_1_17' title='bbox 725 331 806 357; x_wconf 84' lang='lat' dir='ltr'>non</span> <span class='ocrx_word' id='word_1_18' title='bbox 826 321 864 357; x_wconf 87' lang='lat' dir='ltr'>et</span> <span class='ocrx_word' id='word_1_19' title='bbox 882 318 973 357; x_wconf 89' lang='lat' dir='ltr'>haec</span> <span class='ocrx_word' id='word_1_20' title='bbox 995 317 1206 357; x_wconf 87' lang='lat' dir='ltr'>Manuelem</span> <span class='ocrx_word' id='word_1_21' title='bbox 1228 322 1267 358; x_wconf 86' lang='lat' dir='ltr'>et</span> <span class='ocrx_word' id='word_1_22' title='bbox 1290 317 1472 357; x_wconf 88' lang='lat' dir='ltr'>sultanum</span> <span class='ocrx_word' id='word_1_23' title='bbox 1496 318 1642 358; x_wconf 85' lang='lat' dir='ltr'>Turca-</span> 
     </span>
     <span class='ocr_line' id='line_1_4' title="bbox 166 375 1642 428; baseline -0.001 -12"><span class='ocrx_word' id='word_1_24' title='bbox 166 389 248 416; x_wconf 86' lang='lat' dir='ltr'>rum</span> <span class='ocrx_word' id='word_1_25' title='bbox 266 375 489 427; x_wconf 79' lang='lat' dir='ltr'>chrysopoli</span> <span class='ocrx_word' id='word_1_26' title='bbox 511 375 754 414; x_wconf 80' lang='lat' dir='ltr'>collocuturos</span> <span class='ocrx_word' id='word_1_27' title='bbox 781 375 1027 414; x_wconf 87' lang='lat' dir='ltr'>describentia</span> <span class='ocrx_word' id='word_1_28' title='bbox 1059 375 1163 427; x_wconf 88' lang='lat' dir='ltr'>apud</span> <span class='ocrx_word' id='word_1_29' title='bbox 1185 375 1361 415; x_wconf 86' lang='lat' dir='ltr'>Phranzis</span> <span class='ocrx_word' id='word_1_30' title='bbox 1381 375 1642 428; x_wconf 83' lang='lat' dir='ltr'><strong>interpretem:</strong></span> 
     </span>
     <span class='ocr_line' id='line_1_5' title="bbox 165 430 1642 483; baseline 0.001 -12"><span class='ocrx_word' id='word_1_31' title='bbox 165 433 228 471; x_wconf 77' lang='lat' dir='ltr'>ibi</span> <span class='ocrx_word' id='word_1_32' title='bbox 242 433 396 470; x_wconf 74' lang='lat' dir='ltr'>triremi</span> <span class='ocrx_word' id='word_1_33' title='bbox 415 432 459 469; x_wconf 82' lang='lat' dir='ltr'>in</span> <span class='ocrx_word' id='word_1_34' title='bbox 478 432 692 469; x_wconf 80' lang='lat' dir='ltr'>tentorium</span> <span class='ocrx_word' id='word_1_35' title='bbox 713 433 796 469; x_wconf 70' lang='lat' dir='ltr'>sive</span> <span class='ocrx_word' id='word_1_36' title='bbox 813 430 1120 469; x_wconf 71' lang='lat' dir='ltr'>tabernaculam</span> <span class='ocrx_word' id='word_1_37' title='bbox 1137 430 1216 469; x_wconf 79' lang='lat' dir='ltr'>sibi</span> <span class='ocrx_word' id='word_1_38' title='bbox 1225 440 1421 483; x_wconf 80' lang='lat' dir='ltr'>paratum</span> <span class='ocrx_word' id='word_1_39' title='bbox 1441 434 1642 473; x_wconf 72' lang='lat' dir='ltr'>concessit.</span> 
     </span>
     <span class='ocr_line' id='line_1_6' title="bbox 165 487 1643 541; baseline -0.001 -13"><span class='ocrx_word' id='word_1_40' title='bbox 165 491 382 541; x_wconf 75' lang='lat' dir='ltr'>imperator</span> <span class='ocrx_word' id='word_1_41' title='bbox 408 501 502 527; x_wconf 81' lang='lat' dir='ltr'>cum</span> <span class='ocrx_word' id='word_1_42' title='bbox 520 487 632 536; x_wconf 78' lang='lat' dir='ltr'>&#39;filiis</span> <span class='ocrx_word' id='word_1_43' title='bbox 651 489 696 526; x_wconf 83' lang='lat' dir='ltr'>in</span> <span class='ocrx_word' id='word_1_44' title='bbox 718 487 945 526; x_wconf 68' lang='lat' dir='ltr'>triremibus</span> <span class='ocrx_word' id='word_1_45' title='bbox 962 487 1132 526; x_wconf 82' lang='lat' dir='ltr'>edebant</span> <span class='ocrx_word' id='word_1_46' title='bbox 1151 502 1202 526; x_wconf 79' lang='lat' dir='ltr'>ae</span> <span class='ocrx_word' id='word_1_47' title='bbox 1220 488 1435 536; x_wconf 71' lang='lat' dir='ltr'>bibebant,</span> <span class='ocrx_word' id='word_1_48' title='bbox 1479 497 1518 527; x_wconf 77' lang='lat' dir='ltr'>et</span> <span class='ocrx_word' id='word_1_49' title='bbox 1541 491 1643 528; x_wconf 74' lang='lat' dir='ltr'>inter</span> 
     </span>
     <span class='ocr_line' id='line_1_7' title="bbox 164 544 1133 600; baseline -0.002 -14"><span class='ocrx_word' id='word_1_50' title='bbox 164 561 208 586; x_wconf 75' lang='lat' dir='ltr'>se</span> <span class='ocrx_word' id='word_1_51' title='bbox 227 549 312 600; x_wconf 69' lang='lat' dir='ltr'>ipse</span> <span class='ocrx_word' id='word_1_52' title='bbox 329 553 368 584; x_wconf 83' lang='lat' dir='ltr'>et</span> <span class='ocrx_word' id='word_1_53' title='bbox 380 558 543 587; x_wconf 70' lang='lat' dir='ltr'>,amerus</span> <span class='ocrx_word' id='word_1_54' title='bbox 554 552 694 596; x_wconf 76' lang='lat' dir='ltr'>partes·</span> <span class='ocrx_word' id='word_1_55' title='bbox 711 544 934 585; x_wconf 78' lang='lat' dir='ltr'>mittebant.</span> <span class='ocrx_word' id='word_1_56' title='bbox 993 546 1133 584; x_wconf 79' lang='lat' dir='ltr'><strong>GOAR.</strong></span> 
     </span>
    </p>

    <p class='ocr_par' dir='ltr' id='par_1_3' title="bbox 161 601 1643 1000">
     <span class='ocr_line' id='line_1_8' title="bbox 277 601 1643 655; baseline 0 -11"><span class='ocrx_word' id='word_1_57' title='bbox 277 608 306 646; x_wconf 84' lang='lat' dir='ltr'>t.</span> <span class='ocrx_word' id='word_1_58' title='bbox 325 603 360 642; x_wconf 85' lang='lat'>11</span> <span class='ocrx_word' id='word_1_59' title='bbox 392 616 433 655; x_wconf 88' lang='lat' dir='ltr'>p.</span> <span class='ocrx_word' id='word_1_60' title='bbox 450 605 535 644; x_wconf 79' lang='lat'>813</span> <span class='ocrx_word' id='word_1_61' title='bbox 559 615 594 641; x_wconf 84' lang='lat' dir='ltr'>v.</span> <span class='ocrx_word' id='word_1_62' title='bbox 615 605 654 644; x_wconf 88' lang='lat'>6.</span> <span class='ocrx_word' id='word_1_63' title='bbox 713 603 908 655; x_wconf 84' lang='grc' dir='ltr'><strong><em>κοσμίτην</em></strong></span> <span class='ocrx_word' id='word_1_64' title='bbox 950 606 1086 642; x_wconf 87' lang='lat' dir='ltr'>vocant</span> <span class='ocrx_word' id='word_1_65' title='bbox 1121 601 1309 641; x_wconf 79' lang='lat' dir='ltr'><strong>architecti</strong></span> <span class='ocrx_word' id='word_1_66' title='bbox 1347 603 1484 642; x_wconf 86' lang='lat' dir='ltr'>Graeci</span> <span class='ocrx_word' id='word_1_67' title='bbox 1524 607 1643 645; x_wconf 89' lang='lat' dir='ltr'>totam</span> 
     </span>
     <span class='ocr_line' id='line_1_9' title="bbox 164 659 1643 714; baseline 0 -13"><span class='ocrx_word' id='word_1_68' title='bbox 164 661 324 714; x_wconf 81' lang='lat' dir='ltr'>epistelii</span> <span class='ocrx_word' id='word_1_69' title='bbox 340 671 559 711; x_wconf 77' lang='lat' dir='ltr'>compagem</span> <span class='ocrx_word' id='word_1_70' title='bbox 579 672 624 698; x_wconf 87' lang='lat' dir='ltr'>ex</span> <span class='ocrx_word' id='word_1_71' title='bbox 639 661 816 700; x_wconf 82' lang='lat' dir='ltr'>coronide</span> <span class='ocrx_word' id='word_1_72' title='bbox 835 659 1000 712; x_wconf 89' lang='lat' dir='ltr'>zophoro</span> <span class='ocrx_word' id='word_1_73' title='bbox 1019 664 1058 699; x_wconf 86' lang='lat' dir='ltr'>et</span> <span class='ocrx_word' id='word_1_74' title='bbox 1075 660 1111 699; x_wconf 89' lang='lat' dir='ltr'>ei</span> <span class='ocrx_word' id='word_1_75' title='bbox 1127 659 1293 698; x_wconf 85' lang='lat' dir='ltr'>subiecta</span> <span class='ocrx_word' id='word_1_76' title='bbox 1314 661 1422 700; x_wconf 86' lang='lat' dir='ltr'>trabe</span> <span class='ocrx_word' id='word_1_77' title='bbox 1442 673 1643 711; x_wconf 87' lang='lat' dir='ltr'>coagmen-</span> 
     </span>
     <span class='ocr_line' id='line_1_10' title="bbox 163 715 1641 768; baseline 0.001 -10"><span class='ocrx_word' id='word_1_78' title='bbox 163 722 306 768; x_wconf 60' lang='lat' dir='ltr'>utam,</span> <span class='ocrx_word' id='word_1_79' title='bbox 345 715 548 762; x_wconf 80' lang='lat' dir='ltr'>corniche,</span> <span class='ocrx_word' id='word_1_80' title='bbox 572 716 687 767; x_wconf 79' lang='lat' dir='ltr'>fiize</span> <span class='ocrx_word' id='word_1_81' title='bbox 706 723 744 755; x_wconf 79' lang='lat' dir='ltr'>et</span> <span class='ocrx_word' id='word_1_82' title='bbox 758 717 1005 763; x_wconf 71' lang='lat' dir='ltr'>architraue,</span> <span class='ocrx_word' id='word_1_83' title='bbox 1040 718 1144 768; x_wconf 86' lang='lat' dir='ltr'>quod</span> <span class='ocrx_word' id='word_1_84' title='bbox 1166 715 1415 755; x_wconf 90' lang='lat' dir='ltr'>columnarum</span> <span class='ocrx_word' id='word_1_85' title='bbox 1431 718 1641 759; x_wconf 82' lang='lat' dir='ltr'>aedificium</span> 
     </span>
     <span class='ocr_line' id='line_1_11' title="bbox 161 774 1642 828; baseline -0.001 -11"><span class='ocrx_word' id='word_1_86' title='bbox 161 778 308 828; x_wconf 71' lang='grc' dir='ltr'><strong><em>κοσμεῖ</em></strong></span> <span class='ocrx_word' id='word_1_87' title='bbox 324 780 468 820; x_wconf 80' lang='lat' dir='ltr'>ornat,</span> <span class='ocrx_word' id='word_1_88' title='bbox 505 774 560 812; x_wconf 87' lang='lat' dir='ltr'>sic</span> <span class='ocrx_word' id='word_1_89' title='bbox 579 774 730 814; x_wconf 87' lang='lat' dir='ltr'>dictam.</span> <span class='ocrx_word' id='word_1_90' title='bbox 787 775 996 815; x_wconf 88' lang='lat' dir='ltr'>Germanus</span> <span class='ocrx_word' id='word_1_91' title='bbox 1025 775 1064 813; x_wconf 88' lang='lat' dir='ltr'>in</span> <span class='ocrx_word' id='word_1_92' title='bbox 1089 774 1330 824; x_wconf 84' lang='lat' dir='ltr'>Mystagogia</span> <span class='ocrx_word' id='word_1_93' title='bbox 1363 775 1535 827; x_wconf 78' lang='grc' dir='ltr'><strong><em>κιγλίσιν</em></strong></span> <span class='ocrx_word' id='word_1_94' title='bbox 1570 774 1642 816; x_wconf 84' lang='grc' dir='ltr'>καὶ</span> 
     </span>
     <span class='ocr_line' id='line_1_12' title="bbox 163 831 1639 885; baseline 0 -13"><span class='ocrx_word' id='word_1_95' title='bbox 163 831 334 885; x_wconf 79' lang='grc' dir='ltr'><strong><em>στήθεσι</em></strong></span> <span class='ocrx_word' id='word_1_96' title='bbox 352 831 432 870; x_wconf 87' lang='lat' dir='ltr'>sive</span> <span class='ocrx_word' id='word_1_97' title='bbox 449 831 641 880; x_wconf 83' lang='grc' dir='ltr'><strong><em>κιονίοις,</em></strong></span> <span class='ocrx_word' id='word_1_98' title='bbox 670 831 839 871; x_wconf 83' lang='lat' dir='ltr'>cancellis</span> <span class='ocrx_word' id='word_1_99' title='bbox 864 837 902 871; x_wconf 88' lang='lat' dir='ltr'>et</span> <span class='ocrx_word' id='word_1_100' title='bbox 924 831 1101 870; x_wconf 88' lang='lat' dir='ltr'>columnis</span> <span class='ocrx_word' id='word_1_101' title='bbox 1120 831 1296 884; x_wconf 81' lang='lat' dir='ltr'>populum</span> <span class='ocrx_word' id='word_1_102' title='bbox 1313 831 1360 869; x_wconf 85' lang='lat' dir='ltr'>ab</span> <span class='ocrx_word' id='word_1_103' title='bbox 1381 831 1496 871; x_wconf 87' lang='lat' dir='ltr'>altare</span> <span class='ocrx_word' id='word_1_104' title='bbox 1515 833 1639 872; x_wconf 88' lang='lat' dir='ltr'>seiun-</span> 
     </span>
     <span class='ocr_line' id='line_1_13' title="bbox 162 887 1639 941; baseline 0.001 -12"><span class='ocrx_word' id='word_1_105' title='bbox 162 890 359 940; x_wconf 84' lang='lat' dir='ltr'>gentibus,</span> <span class='ocrx_word' id='word_1_106' title='bbox 386 887 583 940; x_wconf 77' lang='grc' dir='ltr'><strong><em>κοσμίτην</em></strong></span> <span class='ocrx_word' id='word_1_107' title='bbox 602 889 771 940; x_wconf 89' lang='lat' dir='ltr'>imponit.</span> <span class='ocrx_word' id='word_1_108' title='bbox 828 889 1096 928; x_wconf 73' lang='lat' dir='ltr'>Constantinus</span> <span class='ocrx_word' id='word_1_109' title='bbox 1126 890 1175 928; x_wconf 90' lang='lat' dir='ltr'>de</span> <span class='ocrx_word' id='word_1_110' title='bbox 1199 887 1310 928; x_wconf 86' lang='lat' dir='ltr'>Adm.</span> <span class='ocrx_word' id='word_1_111' title='bbox 1338 889 1433 941; x_wconf 89' lang='lat' dir='ltr'>Imp.</span> <span class='ocrx_word' id='word_1_112' title='bbox 1454 889 1552 928; x_wconf 91' lang='lat' dir='ltr'>idem</span> <span class='ocrx_word' id='word_1_113' title='bbox 1572 903 1639 930; x_wconf 89' lang='lat' dir='ltr'>ex·-</span> 
     </span>
     <span class='ocr_line' id='line_1_14' title="bbox 161 942 1638 1003; baseline 0.001 -17"><span class='ocrx_word' id='word_1_114' title='bbox 161 947 352 998; x_wconf 82' lang='lat' dir='ltr'>sequitur.</span> <span class='ocrx_word' id='word_1_115' title='bbox 371 944 553 986; x_wconf 78' lang='grc' dir='ltr'><strong><em>ἵστανται</em></strong></span> <span class='ocrx_word' id='word_1_116' title='bbox 571 942 616 985; x_wconf 80' lang='grc' dir='ltr'>δὲ</span> <span class='ocrx_word' id='word_1_117' title='bbox 634 943 702 985; x_wconf 76' lang='grc' dir='ltr'>καὶ</span> <span class='ocrx_word' id='word_1_118' title='bbox 719 945 777 993; x_wconf 81' lang='grc' dir='ltr'>εἰς</span> <span class='ocrx_word' id='word_1_119' title='bbox 794 942 839 987; x_wconf 84' lang='grc' dir='ltr'><em>τό</em></span> <span class='ocrx_word' id='word_1_120' title='bbox 853 947 1039 986; x_wconf 84' lang='grc' dir='ltr'><strong><em>τοιοῦτον</em></strong></span> <span class='ocrx_word' id='word_1_121' title='bbox 1057 957 1236 1000; x_wconf 81' lang='grc' dir='ltr'><strong><em>καστρον</em></strong></span> <span class='ocrx_word' id='word_1_122' title='bbox 1252 944 1321 986; x_wconf 85' lang='grc' dir='ltr'>καὶ</span> <span class='ocrx_word' id='word_1_123' title='bbox 1336 945 1470 996; x_wconf 84' lang='grc' dir='ltr'><strong><em>κίονες</em></strong></span> <span class='ocrx_word' id='word_1_124' title='bbox 1486 946 1638 1003; x_wconf 78' lang='grc' dir='ltr'><strong><em>πυκνοὶ</em></strong></span> 
     </span>
    </p>
   </div>
   <div class='ocr_carea' id='block_1_3' title="bbox 159 998 1637 1111">
    <p class='ocr_par' dir='ltr' id='par_1_4' title="bbox 159 998 1637 1111">
     <span class='ocr_line' id='line_1_15' title="bbox 159 998 888 1058; baseline -0.007 -13"><span class='ocrx_word' id='word_1_125' title='bbox 159 1003 316 1058; x_wconf 74' lang='grc' dir='ltr'><strong><em>ἔχοντες</em></strong></span> <span class='ocrx_word' id='word_1_126' title='bbox 334 998 472 1045; x_wconf 80' lang='grc' dir='ltr'><strong><em>ἐπανω</em></strong></span> <span class='ocrx_word' id='word_1_127' title='bbox 488 1002 693 1054; x_wconf 81' lang='grc' dir='ltr'><strong><em>κοσμίτας.</em></strong></span> <span class='ocrx_word' id='word_1_128' title='bbox 749 1003 888 1042; x_wconf 78' lang='lat' dir='ltr'><strong>GOAR.</strong></span> 
     </span>
     <span class='ocr_line' id='line_1_16' title="bbox 273 1058 1637 1111; baseline 0.001 -13"><span class='ocrx_word' id='word_1_129' title='bbox 273 1058 329 1098; x_wconf 80' lang='lat' dir='ltr'>ib.</span> <span class='ocrx_word' id='word_1_130' title='bbox 362 1072 401 1098; x_wconf 86' lang='lat' dir='ltr'>v.</span> <span class='ocrx_word' id='word_1_131' title='bbox 434 1061 497 1102; x_wconf 84' lang='lat'>13.</span> <span class='ocrx_word' id='word_1_132' title='bbox 555 1073 649 1097; x_wconf 78' lang='lat' dir='ltr'>cum</span> <span class='ocrx_word' id='word_1_133' title='bbox 670 1059 796 1097; x_wconf 79' lang='lat' dir='ltr'>nollet</span> <span class='ocrx_word' id='word_1_134' title='bbox 823 1058 848 1086; x_wconf 85' lang='lat'><em>*</em></span> <span class='ocrx_word' id='word_1_135' title='bbox 876 1059 967 1111; x_wconf 74' lang='lat' dir='ltr'>Sed]</span> <span class='ocrx_word' id='word_1_136' title='bbox 1013 1058 1114 1098; x_wconf 92' lang='lat' dir='ltr'>locus</span> <span class='ocrx_word' id='word_1_137' title='bbox 1138 1062 1198 1098; x_wconf 88' lang='lat' dir='ltr'>est</span> <span class='ocrx_word' id='word_1_138' title='bbox 1219 1059 1385 1100; x_wconf 83' lang='lat' dir='ltr'>mutilus.</span> <span class='ocrx_word' id='word_1_139' title='bbox 1443 1060 1558 1099; x_wconf 83' lang='lat' dir='ltr'>credo</span> <span class='ocrx_word' id='word_1_140' title='bbox 1584 1061 1637 1100; x_wconf 85' lang='lat' dir='ltr'>sic</span> 
     </span>
    </p>
   </div>
   <div class='ocr_carea' id='block_1_4' title="bbox 155 1116 1638 1456">
    <p class='ocr_par' dir='ltr' id='par_1_5' title="bbox 155 1116 1638 1456">
     <span class='ocr_line' id='line_1_17' title="bbox 158 1116 1636 1170; baseline -0.002 -12"><span class='ocrx_word' id='word_1_141' title='bbox 158 1117 443 1169; x_wconf 77' lang='lat' dir='ltr'>integrandum·</span> <span class='ocrx_word' id='word_1_142' title='bbox 471 1129 553 1156; x_wconf 87' lang='lat' dir='ltr'>cum</span> <span class='ocrx_word' id='word_1_143' title='bbox 572 1116 707 1167; x_wconf 87' lang='lat' dir='ltr'>nollet,</span> <span class='ocrx_word' id='word_1_144' title='bbox 737 1117 938 1170; x_wconf 86' lang='lat' dir='ltr'>imperator</span> <span class='ocrx_word' id='word_1_145' title='bbox 954 1117 990 1155; x_wconf 88' lang='lat' dir='ltr'>vi</span> <span class='ocrx_word' id='word_1_146' title='bbox 1007 1130 1089 1155; x_wconf 90' lang='lat' dir='ltr'>cum</span> <span class='ocrx_word' id='word_1_147' title='bbox 1109 1129 1193 1156; x_wconf 91' lang='lat' dir='ltr'>eum</span> <span class='ocrx_word' id='word_1_148' title='bbox 1214 1117 1412 1156; x_wconf 83' lang='lat' dir='ltr'>deturbare</span> <span class='ocrx_word' id='word_1_149' title='bbox 1432 1122 1636 1168; x_wconf 84' lang='lat' dir='ltr'><strong>vereretur,</strong></span> 
     </span>
     <span class='ocr_line' id='line_1_18' title="bbox 156 1170 1635 1227; baseline 0.001 -13"><span class='ocrx_word' id='word_1_150' title='bbox 156 1175 340 1227; x_wconf 81' lang='lat' dir='ltr'>quaesivit</span> <span class='ocrx_word' id='word_1_151' title='bbox 359 1178 429 1215; x_wconf 87' lang='lat' dir='ltr'>etc.</span> <span class='ocrx_word' id='word_1_152' title='bbox 487 1174 525 1212; x_wconf 91' lang='lat' dir='ltr'>in</span> <span class='ocrx_word' id='word_1_153' title='bbox 553 1174 720 1224; x_wconf 82' lang='lat' dir='ltr'><strong>margine</strong></span> <span class='ocrx_word' id='word_1_154' title='bbox 743 1174 913 1213; x_wconf 87' lang='lat' dir='ltr'>librarius</span> <span class='ocrx_word' id='word_1_155' title='bbox 931 1174 1123 1213; x_wconf 82' lang='lat' dir='ltr'>annotavit</span> <span class='ocrx_word' id='word_1_156' title='bbox 1146 1170 1221 1227; x_wconf 84' lang='grc' dir='ltr'>όρα</span> <span class='ocrx_word' id='word_1_157' title='bbox 1245 1172 1315 1214; x_wconf 84' lang='grc' dir='ltr'>καὶ</span> <span class='ocrx_word' id='word_1_158' title='bbox 1341 1174 1635 1227; x_wconf 81' lang='grc' dir='ltr'><strong><em>μητροπολίτου</em></strong></span> 
     </span>
     <span class='ocr_line' id='line_1_19' title="bbox 156 1227 1636 1284; baseline -0.003 -10"><span class='ocrx_word' id='word_1_159' title='bbox 156 1228 382 1275; x_wconf 70' lang='grc' dir='ltr'><strong><em>κακόνοιαν</em></strong></span> <span class='ocrx_word' id='word_1_160' title='bbox 402 1229 472 1271; x_wconf 81' lang='grc' dir='ltr'>καὶ</span> <span class='ocrx_word' id='word_1_161' title='bbox 495 1227 707 1284; x_wconf 69' lang='grc' dir='ltr'><em>ἀρχιερέως</em></span> <span class='ocrx_word' id='word_1_162' title='bbox 730 1227 966 1272; x_wconf 76' lang='grc' dir='ltr'><strong><em>ἄπλαστίαν.</em></strong></span> <span class='ocrx_word' id='word_1_163' title='bbox 1025 1231 1088 1280; x_wconf 89' lang='lat' dir='ltr'>id,</span> <span class='ocrx_word' id='word_1_164' title='bbox 1129 1235 1246 1283; x_wconf 87' lang='lat' dir='ltr'>puto,</span> <span class='ocrx_word' id='word_1_165' title='bbox 1287 1227 1512 1271; x_wconf 76' lang='grc' dir='ltr'><strong><em>ἄπλαστίαν</em></strong></span> <span class='ocrx_word' id='word_1_166' title='bbox 1531 1233 1636 1281; x_wconf 90' lang='lat' dir='ltr'>dicit,</span> 
     </span>
     <span class='ocr_line' id='line_1_20' title="bbox 157 1288 1637 1357; baseline 0.001 -29"><span class='ocrx_word' id='word_1_167' title='bbox 157 1290 262 1340; x_wconf 88' lang='lat' dir='ltr'>quod</span> <span class='ocrx_word' id='word_1_168' title='bbox 281 1288 496 1357; x_wconf 78' lang='lat' dir='ltr'>Tryphonis</span> <span class='ocrx_word' id='word_1_169' title='bbox 529 1289 671 1327; x_wconf 87' lang='lat' dir='ltr'>animus</span> <span class='ocrx_word' id='word_1_170' title='bbox 690 1301 765 1327; x_wconf 90' lang='lat' dir='ltr'>non</span> <span class='ocrx_word' id='word_1_171' title='bbox 787 1294 867 1328; x_wconf 87' lang='lat' dir='ltr'>erat</span> <span class='ocrx_word' id='word_1_172' title='bbox 890 1289 943 1327; x_wconf 86' lang='lat' dir='ltr'>ita</span> <span class='ocrx_word' id='word_1_173' title='bbox 962 1290 1142 1327; x_wconf 88' lang='lat' dir='ltr'>formatus</span> <span class='ocrx_word' id='word_1_174' title='bbox 1161 1291 1201 1326; x_wconf 88' lang='lat' dir='ltr'>ut</span> <span class='ocrx_word' id='word_1_175' title='bbox 1220 1292 1320 1327; x_wconf 88' lang='lat' dir='ltr'>artes</span> <span class='ocrx_word' id='word_1_176' title='bbox 1340 1289 1428 1327; x_wconf 87' lang='lat' dir='ltr'>istas</span> <span class='ocrx_word' id='word_1_177' title='bbox 1450 1289 1637 1340; x_wconf 87' lang='lat' dir='ltr'>intellige-</span> 
     </span>
     <span class='ocr_line' id='line_1_21' title="bbox 155 1339 1638 1398; baseline 0 -13"><span class='ocrx_word' id='word_1_178' title='bbox 155 1350 227 1386; x_wconf 88' lang='lat' dir='ltr'>ret.</span> <span class='ocrx_word' id='word_1_179' title='bbox 282 1347 375 1398; x_wconf 87' lang='lat' dir='ltr'>quid</span> <span class='ocrx_word' id='word_1_180' title='bbox 394 1346 428 1384; x_wconf 87' lang='lat' dir='ltr'>si</span> <span class='ocrx_word' id='word_1_181' title='bbox 445 1339 669 1398; x_wconf 68' lang='grc' dir='ltr'><strong><em>ἀπληστίαν</em></strong></span> <span class='ocrx_word' id='word_1_182' title='bbox 687 1346 847 1386; x_wconf 87' lang='lat' dir='ltr'>scribere</span> <span class='ocrx_word' id='word_1_183' title='bbox 866 1345 1002 1394; x_wconf 90' lang='lat' dir='ltr'>voluit,</span> <span class='ocrx_word' id='word_1_184' title='bbox 1034 1346 1138 1397; x_wconf 89' lang='lat' dir='ltr'>quod</span> <span class='ocrx_word' id='word_1_185' title='bbox 1154 1358 1230 1385; x_wconf 89' lang='lat' dir='ltr'>non</span> <span class='ocrx_word' id='word_1_186' title='bbox 1250 1349 1521 1386; x_wconf 88' lang='lat' dir='ltr'>exsaturaretur</span> <span class='ocrx_word' id='word_1_187' title='bbox 1542 1346 1638 1398; x_wconf 88' lang='lat' dir='ltr'>legi-</span> 
     </span>
     <span class='ocr_line' id='line_1_22' title="bbox 156 1401 1054 1456; baseline -0.003 -14"><span class='ocrx_word' id='word_1_188' title='bbox 156 1404 248 1443; x_wconf 73' lang='lat' dir='ltr'>tim</span> <span class='ocrx_word' id='word_1_189' title='bbox 269 1401 536 1456; x_wconf 75' lang='lat' dir='ltr'>patriarchatus</span> <span class='ocrx_word' id='word_1_190' title='bbox 554 1401 903 1442; x_wconf 68' lang='lat' dir='ltr'>administratione?</span> <span class='ocrx_word' id='word_1_191' title='bbox 960 1403 1054 1442; x_wconf 74' lang='lat' dir='ltr'>Xw.</span> 
     </span>
    </p>
   </div>
   <div class='ocr_carea' id='block_1_5' title="bbox 154 1456 1638 1570">
    <p class='ocr_par' dir='ltr' id='par_1_6' title="bbox 154 1456 1638 1570">
     <span class='ocr_line' id='line_1_23' title="bbox 271 1456 1637 1516; baseline 0.001 -18"><span class='ocrx_word' id='word_1_192' title='bbox 271 1463 301 1499; x_wconf 87' lang='lat' dir='ltr'>t.</span> <span class='ocrx_word' id='word_1_193' title='bbox 318 1459 356 1498; x_wconf 89' lang='grc' dir='ltr'>Π</span> <span class='ocrx_word' id='word_1_194' title='bbox 382 1472 421 1512; x_wconf 87' lang='lat' dir='ltr'>p.</span> <span class='ocrx_word' id='word_1_195' title='bbox 440 1458 524 1501; x_wconf 88' lang='grc'>315</span> <span class='ocrx_word' id='word_1_196' title='bbox 551 1472 586 1498; x_wconf 78' lang='lat' dir='ltr'>v.</span> <span class='ocrx_word' id='word_1_197' title='bbox 608 1461 677 1501; x_wconf 85' lang='lat'>23.</span> <span class='ocrx_word' id='word_1_198' title='bbox 743 1456 827 1512; x_wconf 85' lang='grc' dir='ltr'>α’μα</span> <span class='ocrx_word' id='word_1_199' title='bbox 860 1457 904 1500; x_wconf 81' lang='grc' dir='ltr'>δὲ</span> <span class='ocrx_word' id='word_1_200' title='bbox 930 1461 986 1516; x_wconf 77' lang='grc' dir='ltr'>τῷ</span> <span class='ocrx_word' id='word_1_201' title='bbox 1015 1460 1213 1515; x_wconf 71' lang='grc' dir='ltr'><strong><em>νυμφικῷ</em></strong></span> <span class='ocrx_word' id='word_1_202' title='bbox 1241 1458 1452 1516; x_wconf 76' lang='grc' dir='ltr'>στεφάνῳ]</span> <span class='ocrx_word' id='word_1_203' title='bbox 1491 1458 1637 1500; x_wconf 80' lang='lat' dir='ltr'>Annam</span> 
     </span>
     <span class='ocr_line' id='line_1_24' title="bbox 154 1516 1638 1570; baseline 0.001 -14"><span class='ocrx_word' id='word_1_204' title='bbox 154 1520 312 1570; x_wconf 73' lang='lat' dir='ltr'>nuptam</span> <span class='ocrx_word' id='word_1_205' title='bbox 341 1516 469 1564; x_wconf 81' lang='lat' dir='ltr'>simul,</span> <span class='ocrx_word' id='word_1_206' title='bbox 506 1520 544 1555; x_wconf 89' lang='lat' dir='ltr'>et</span> <span class='ocrx_word' id='word_1_207' title='bbox 569 1517 767 1568; x_wconf 85' lang='lat' dir='ltr'>imperialis</span> <span class='ocrx_word' id='word_1_208' title='bbox 798 1517 948 1555; x_wconf 87' lang='lat' dir='ltr'>honoris</span> <span class='ocrx_word' id='word_1_209' title='bbox 978 1521 1188 1555; x_wconf 88' lang='lat' dir='ltr'>consortem</span> <span class='ocrx_word' id='word_1_210' title='bbox 1219 1519 1466 1557; x_wconf 83' lang='lat' dir='ltr'>renuntiatam</span> <span class='ocrx_word' id='word_1_211' title='bbox 1497 1517 1638 1557; x_wconf 89' lang='lat' dir='ltr'>indicat</span> 
     </span>
    </p>
   </div>
   <div class='ocr_carea' id='block_1_6' title="bbox 155 1574 1638 1627">
    <p class='ocr_par' dir='ltr' id='par_1_7' title="bbox 155 1574 1638 1627">
     <span class='ocr_line' id='line_1_25' title="bbox 155 1574 1638 1627; baseline 0.001 -14"><span class='ocrx_word' id='word_1_212' title='bbox 155 1577 306 1624; x_wconf 76' lang='lat' dir='ltr'>auctor,</span> <span class='ocrx_word' id='word_1_213' title='bbox 349 1574 635 1627; x_wconf 84' lang='lat' dir='ltr'>nuptiarumque</span> <span class='ocrx_word' id='word_1_214' title='bbox 661 1586 818 1612; x_wconf 88' lang='lat' dir='ltr'>coronas</span> <span class='ocrx_word' id='word_1_215' title='bbox 857 1574 951 1612; x_wconf 89' lang='lat' dir='ltr'>sicut</span> <span class='ocrx_word' id='word_1_216' title='bbox 984 1578 1022 1614; x_wconf 89' lang='lat' dir='ltr'>et</span> <span class='ocrx_word' id='word_1_217' title='bbox 1050 1574 1195 1626; x_wconf 87' lang='lat' dir='ltr'>imperii</span> <span class='ocrx_word' id='word_1_218' title='bbox 1230 1586 1306 1612; x_wconf 88' lang='lat' dir='ltr'>uno</span> <span class='ocrx_word' id='word_1_219' title='bbox 1332 1575 1394 1614; x_wconf 86' lang='lat' dir='ltr'>die</span> <span class='ocrx_word' id='word_1_220' title='bbox 1415 1576 1638 1627; x_wconf 77' lang='lat' dir='ltr'>suscepisse.</span> 
     </span>
    </p>
   </div>
   <div class='ocr_carea' id='block_1_7' title="bbox 155 1631 1636 1740">
    <p class='ocr_par' dir='ltr' id='par_1_8' title="bbox 155 1631 1636 1740">
     <span class='ocr_line' id='line_1_26' title="bbox 155 1631 1636 1740; baseline 0.001 -14"><span class='ocrx_word' id='word_1_221' title='bbox 155 1631 300 1728; x_wconf 48' lang='lat' dir='ltr'>Gont·</span> <span class='ocrx_word' id='word_1_222' title='bbox 316 1687 352 1726; x_wconf 88' lang='lat'>11</span> <span class='ocrx_word' id='word_1_223' title='bbox 378 1700 419 1740; x_wconf 91' lang='lat' dir='ltr'>p.</span> <span class='ocrx_word' id='word_1_224' title='bbox 438 1688 522 1729; x_wconf 81' lang='lat'>319</span> <span class='ocrx_word' id='word_1_225' title='bbox 544 1699 581 1726; x_wconf 85' lang='lat' dir='ltr'>v.</span> <span class='ocrx_word' id='word_1_226' title='bbox 601 1687 640 1728; x_wconf 87' lang='lat'>9.</span> <span class='ocrx_word' id='word_1_227' title='bbox 697 1687 918 1738; x_wconf 73' lang='lat' dir='ltr'>Hugonem</span> <span class='ocrx_word' id='word_1_228' title='bbox 938 1700 1000 1738; x_wconf 56' lang='lat' dir='ltr'>reb</span> <span class='ocrx_word' id='word_1_229' title='bbox 987 1699 1071 1724; x_wconf 77' lang='lat' dir='ltr'>‹rem</span> <span class='ocrx_word' id='word_1_230' title='bbox 1092 1686 1318 1739; x_wconf 63' lang='lat' dir='ltr'>Ranciae]</span> <span class='ocrx_word' id='word_1_231' title='bbox 1359 1687 1433 1726; x_wconf 88' lang='lat' dir='ltr'>imo</span> <span class='ocrx_word' id='word_1_232' title='bbox 1450 1700 1562 1737; x_wconf 91' lang='lat' dir='ltr'>vero,</span> <span class='ocrx_word' id='word_1_233' title='bbox 1592 1693 1636 1727; x_wconf 89' lang='lat' dir='ltr'>ut</span> 
     </span>
    </p>
   </div>
   <div class='ocr_carea' id='block_1_8' title="bbox 153 1743 1636 2882">
    <p class='ocr_par' dir='ltr' id='par_1_9' title="bbox 153 1743 1636 2882">
     <span class='ocr_line' id='line_1_27' title="bbox 154 1743 1635 1796; baseline 0.001 -13"><span class='ocrx_word' id='word_1_234' title='bbox 154 1744 330 1784; x_wconf 81' lang='lat' dir='ltr'>historiae</span> <span class='ocrx_word' id='word_1_235' title='bbox 349 1744 560 1795; x_wconf 88' lang='lat' dir='ltr'>loquuntur,</span> <span class='ocrx_word' id='word_1_236' title='bbox 583 1743 726 1784; x_wconf 84' lang='lat' dir='ltr'>ltaliae.</span> <span class='ocrx_word' id='word_1_237' title='bbox 783 1746 909 1783; x_wconf 88' lang='lat' dir='ltr'>sedin</span> <span class='ocrx_word' id='word_1_238' title='bbox 929 1744 986 1783; x_wconf 88' lang='lat' dir='ltr'>his</span> <span class='ocrx_word' id='word_1_239' title='bbox 1005 1745 1116 1783; x_wconf 84' lang='lat' dir='ltr'>rebus</span> <span class='ocrx_word' id='word_1_240' title='bbox 1134 1757 1257 1795; x_wconf 87' lang='lat' dir='ltr'>neque</span> <span class='ocrx_word' id='word_1_241' title='bbox 1281 1749 1410 1783; x_wconf 88' lang='lat' dir='ltr'>noster</span> <span class='ocrx_word' id='word_1_242' title='bbox 1429 1757 1551 1796; x_wconf 87' lang='lat' dir='ltr'>neque</span> <span class='ocrx_word' id='word_1_243' title='bbox 1572 1759 1635 1785; x_wconf 88' lang='lat' dir='ltr'>ce-</span> 
     </span>
     <span class='ocr_line' id='line_1_28' title="bbox 156 1801 1636 1854; baseline -0.001 -14"><span class='ocrx_word' id='word_1_244' title='bbox 156 1802 227 1841; x_wconf 84' lang='lat' dir='ltr'>teri</span> <span class='ocrx_word' id='word_1_245' title='bbox 249 1801 358 1840; x_wconf 87' lang='lat' dir='ltr'>huius</span> <span class='ocrx_word' id='word_1_246' title='bbox 381 1801 524 1840; x_wconf 82' lang='lat' dir='ltr'>farinae</span> <span class='ocrx_word' id='word_1_247' title='bbox 549 1801 746 1852; x_wconf 80' lang='lat' dir='ltr'>scriptores</span> <span class='ocrx_word' id='word_1_248' title='bbox 768 1802 872 1841; x_wconf 83' lang='lat' dir='ltr'>fuere</span> <span class='ocrx_word' id='word_1_249' title='bbox 898 1801 1107 1853; x_wconf 83' lang='lat' dir='ltr'>diligentes.</span> <span class='ocrx_word' id='word_1_250' title='bbox 1165 1802 1448 1841; x_wconf 87' lang='lat' dir='ltr'>Constantinum</span> <span class='ocrx_word' id='word_1_251' title='bbox 1467 1802 1636 1854; x_wconf 86' lang='lat' dir='ltr'>Porphy-</span> 
     </span>
     <span class='ocr_line' id='line_1_29' title="bbox 153 1856 1633 1909; baseline 0 -12"><span class='ocrx_word' id='word_1_252' title='bbox 153 1859 366 1908; x_wconf 86' lang='lat' dir='ltr'>rogenitum</span> <span class='ocrx_word' id='word_1_253' title='bbox 395 1857 560 1907; x_wconf 86' lang='lat' dir='ltr'>intellige</span> <span class='ocrx_word' id='word_1_254' title='bbox 593 1870 668 1895; x_wconf 90' lang='lat' dir='ltr'>non</span> <span class='ocrx_word' id='word_1_255' title='bbox 695 1856 856 1897; x_wconf 83' lang='lat' dir='ltr'>Romani</span> <span class='ocrx_word' id='word_1_256' title='bbox 882 1859 996 1898; x_wconf 89' lang='lat' dir='ltr'>filium</span> <span class='ocrx_word' id='word_1_257' title='bbox 1024 1859 1331 1907; x_wconf 89' lang='lat' dir='ltr'>Constantinum,</span> <span class='ocrx_word' id='word_1_258' title='bbox 1379 1859 1448 1898; x_wconf 90' lang='lat' dir='ltr'>sed</span> <span class='ocrx_word' id='word_1_259' title='bbox 1479 1858 1633 1909; x_wconf 85' lang='lat' dir='ltr'>Leonis,</span> 
     </span>
     <span class='ocr_line' id='line_1_30' title="bbox 155 1914 1631 1967; baseline 0.001 -13"><span class='ocrx_word' id='word_1_260' title='bbox 155 1928 238 1954; x_wconf 88' lang='lat' dir='ltr'>eum</span> <span class='ocrx_word' id='word_1_261' title='bbox 260 1916 320 1954; x_wconf 85' lang='lat' dir='ltr'>cui</span> <span class='ocrx_word' id='word_1_262' title='bbox 335 1918 378 1953; x_wconf 86' lang='lat' dir='ltr'>ut</span> <span class='ocrx_word' id='word_1_263' title='bbox 399 1927 537 1965; x_wconf 87' lang='lat' dir='ltr'>genero</span> <span class='ocrx_word' id='word_1_264' title='bbox 555 1914 731 1965; x_wconf 90' lang='lat' dir='ltr'>imposuit</span> <span class='ocrx_word' id='word_1_265' title='bbox 750 1914 991 1966; x_wconf 83' lang='lat' dir='ltr'>Lacapenus,</span> <span class='ocrx_word' id='word_1_266' title='bbox 1020 1918 1057 1954; x_wconf 90' lang='lat' dir='ltr'>et</span> <span class='ocrx_word' id='word_1_267' title='bbox 1076 1916 1156 1967; x_wconf 86' lang='lat' dir='ltr'>ipso</span> <span class='ocrx_word' id='word_1_268' title='bbox 1175 1916 1214 1954; x_wconf 90' lang='lat' dir='ltr'>in</span> <span class='ocrx_word' id='word_1_269' title='bbox 1234 1916 1402 1953; x_wconf 86' lang='lat' dir='ltr'>ordinem</span> <span class='ocrx_word' id='word_1_270' title='bbox 1418 1916 1570 1954; x_wconf 85' lang='lat' dir='ltr'>redacto</span> <span class='ocrx_word' id='word_1_271' title='bbox 1587 1929 1631 1955; x_wconf 87' lang='lat' dir='ltr'>ac</span> 
     </span>
     <span class='ocr_line' id='line_1_31' title="bbox 153 1971 1631 2025; baseline 0 -14"><span class='ocrx_word' id='word_1_272' title='bbox 153 1972 423 2024; x_wconf 84' lang='lat' dir='ltr'>circumscripto</span> <span class='ocrx_word' id='word_1_273' title='bbox 445 1972 523 2011; x_wconf 86' lang='lat' dir='ltr'>fere</span> <span class='ocrx_word' id='word_1_274' title='bbox 542 1971 640 2010; x_wconf 89' lang='lat' dir='ltr'>solus</span> <span class='ocrx_word' id='word_1_275' title='bbox 657 1983 739 2009; x_wconf 92' lang='lat' dir='ltr'>cum</span> <span class='ocrx_word' id='word_1_276' title='bbox 760 1972 834 2010; x_wconf 86' lang='lat' dir='ltr'>suis</span> <span class='ocrx_word' id='word_1_277' title='bbox 852 1971 934 2010; x_wconf 88' lang='lat' dir='ltr'>filiis</span> <span class='ocrx_word' id='word_1_278' title='bbox 954 1973 1145 2025; x_wconf 89' lang='lat' dir='ltr'>imperium</span> <span class='ocrx_word' id='word_1_279' title='bbox 1165 1972 1296 2023; x_wconf 87' lang='lat' dir='ltr'>gessit.</span> <span class='ocrx_word' id='word_1_280' title='bbox 1345 1972 1631 2024; x_wconf 87' lang='lat' dir='ltr'>Porphyrogen-</span> 
     </span>
     <span class='ocr_line' id='line_1_32' title="bbox 153 2027 1629 2081; baseline 0 -13"><span class='ocrx_word' id='word_1_281' title='bbox 153 2034 324 2068; x_wconf 88' lang='lat' dir='ltr'>netornm</span> <span class='ocrx_word' id='word_1_282' title='bbox 354 2029 493 2081; x_wconf 89' lang='lat' dir='ltr'>primus</span> <span class='ocrx_word' id='word_1_283' title='bbox 523 2032 830 2066; x_wconf 84' lang='lat' dir='ltr'>commemoratur</span> <span class='ocrx_word' id='word_1_284' title='bbox 852 2030 1129 2080; x_wconf 87' lang='lat' dir='ltr'>Copronymus,</span> <span class='ocrx_word' id='word_1_285' title='bbox 1175 2041 1198 2068; x_wconf 85' lang='lat' dir='ltr'>a</span> <span class='ocrx_word' id='word_1_286' title='bbox 1224 2027 1387 2067; x_wconf 88' lang='lat' dir='ltr'>conclavi</span> <span class='ocrx_word' id='word_1_287' title='bbox 1413 2029 1541 2081; x_wconf 70' lang='lat' dir='ltr'>palatii</span> <span class='ocrx_word' id='word_1_288' title='bbox 1571 2030 1629 2068; x_wconf 88' lang='lat' dir='ltr'>cui</span> 
     </span>
     <span class='ocr_line' id='line_1_33' title="bbox 154 2085 1629 2138; baseline 0 -13"><span class='ocrx_word' id='word_1_289' title='bbox 154 2086 370 2138; x_wconf 82' lang='lat' dir='ltr'>Porphyrae</span> <span class='ocrx_word' id='word_1_290' title='bbox 404 2086 598 2136; x_wconf 84' lang='lat' dir='ltr'>(fortassis</span> <span class='ocrx_word' id='word_1_291' title='bbox 627 2086 731 2136; x_wconf 91' lang='lat' dir='ltr'>quod</span> <span class='ocrx_word' id='word_1_292' title='bbox 756 2087 948 2138; x_wconf 88' lang='lat' dir='ltr'>purpureis</span> <span class='ocrx_word' id='word_1_293' title='bbox 969 2087 1156 2138; x_wconf 86' lang='lat' dir='ltr'>tapetibus</span> <span class='ocrx_word' id='word_1_294' title='bbox 1174 2085 1232 2125; x_wconf 87' lang='lat' dir='ltr'>vel</span> <span class='ocrx_word' id='word_1_295' title='bbox 1250 2085 1386 2124; x_wconf 87' lang='lat' dir='ltr'>aulaeis</span> <span class='ocrx_word' id='word_1_296' title='bbox 1404 2090 1501 2124; x_wconf 86' lang='lat' dir='ltr'>esset</span> <span class='ocrx_word' id='word_1_297' title='bbox 1520 2099 1629 2125; x_wconf 88' lang='lat' dir='ltr'>exor-</span> 
     </span>
     <span class='ocr_line' id='line_1_34' title="bbox 154 2141 1631 2196; baseline 0.001 -14"><span class='ocrx_word' id='word_1_298' title='bbox 154 2141 311 2195; x_wconf 81' lang='lat' dir='ltr'>natum)</span> <span class='ocrx_word' id='word_1_299' title='bbox 328 2156 486 2191; x_wconf 88' lang='lat' dir='ltr'>nomen,</span> <span class='ocrx_word' id='word_1_300' title='bbox 514 2142 553 2182; x_wconf 87' lang='lat' dir='ltr'>in</span> <span class='ocrx_word' id='word_1_301' title='bbox 575 2155 649 2194; x_wconf 90' lang='lat' dir='ltr'>quo</span> <span class='ocrx_word' id='word_1_302' title='bbox 671 2147 780 2180; x_wconf 86' lang='lat' dir='ltr'>natus</span> <span class='ocrx_word' id='word_1_303' title='bbox 802 2147 919 2190; x_wconf 81' lang='lat' dir='ltr'>esset3</span> <span class='ocrx_word' id='word_1_304' title='bbox 949 2155 993 2182; x_wconf 87' lang='lat' dir='ltr'>ac</span> <span class='ocrx_word' id='word_1_305' title='bbox 1011 2144 1169 2182; x_wconf 85' lang='lat' dir='ltr'>fortasse</span> <span class='ocrx_word' id='word_1_306' title='bbox 1191 2143 1304 2182; x_wconf 88' lang='lat' dir='ltr'>etiam</span> <span class='ocrx_word' id='word_1_307' title='bbox 1324 2143 1469 2194; x_wconf 89' lang='lat' dir='ltr'>reliqui,</span> <span class='ocrx_word' id='word_1_308' title='bbox 1499 2146 1631 2196; x_wconf 86' lang='lat' dir='ltr'>utpote</span> 
     </span>
     <span class='ocr_line' id='line_1_35' title="bbox 155 2199 1629 2251; baseline 0 -12"><span class='ocrx_word' id='word_1_309' title='bbox 155 2200 308 2250; x_wconf 86' lang='lat' dir='ltr'>genuini</span> <span class='ocrx_word' id='word_1_310' title='bbox 339 2203 378 2239; x_wconf 88' lang='lat' dir='ltr'>et</span> <span class='ocrx_word' id='word_1_311' title='bbox 405 2212 473 2238; x_wconf 85' lang='lat' dir='ltr'>suo</span> <span class='ocrx_word' id='word_1_312' title='bbox 500 2199 580 2238; x_wconf 91' lang='lat' dir='ltr'>loco</span> <span class='ocrx_word' id='word_1_313' title='bbox 606 2200 684 2238; x_wconf 89' lang='lat' dir='ltr'>nati</span> <span class='ocrx_word' id='word_1_314' title='bbox 712 2200 970 2251; x_wconf 85' lang='lat' dir='ltr'>imperatores,</span> <span class='ocrx_word' id='word_1_315' title='bbox 1018 2199 1099 2239; x_wconf 92' lang='lat' dir='ltr'>loco</span> <span class='ocrx_word' id='word_1_316' title='bbox 1122 2213 1168 2239; x_wconf 89' lang='lat' dir='ltr'>eo</span> <span class='ocrx_word' id='word_1_317' title='bbox 1194 2201 1399 2251; x_wconf 86' lang='lat' dir='ltr'>puerperiis</span> <span class='ocrx_word' id='word_1_318' title='bbox 1428 2201 1629 2239; x_wconf 74' lang='lat' dir='ltr'>destinato.</span> 
     </span>
     <span class='ocr_line' id='line_1_36' title="bbox 155 2255 1631 2309; baseline 0.002 -14"><span class='ocrx_word' id='word_1_319' title='bbox 155 2261 286 2296; x_wconf 87' lang='lat' dir='ltr'>noster</span> <span class='ocrx_word' id='word_1_320' title='bbox 303 2255 442 2296; x_wconf 85' lang='lat' dir='ltr'>Leonis</span> <span class='ocrx_word' id='word_1_321' title='bbox 459 2257 493 2295; x_wconf 89' lang='lat' dir='ltr'><strong>F</strong></span> <span class='ocrx_word' id='word_1_322' title='bbox 513 2258 623 2296; x_wconf 83' lang='lat' dir='ltr'>etiam</span> <span class='ocrx_word' id='word_1_323' title='bbox 642 2257 737 2295; x_wconf 78' lang='lat' dir='ltr'>infra</span> <span class='ocrx_word' id='word_1_324' title='bbox 754 2258 807 2294; x_wconf 88' lang='lat' dir='ltr'>sic</span> <span class='ocrx_word' id='word_1_325' title='bbox 825 2258 1008 2308; x_wconf 87' lang='lat' dir='ltr'>exprimit,</span> <span class='ocrx_word' id='word_1_326' title='bbox 1042 2258 1079 2295; x_wconf 91' lang='lat' dir='ltr'>in</span> <span class='ocrx_word' id='word_1_327' title='bbox 1107 2257 1225 2308; x_wconf 89' lang='lat' dir='ltr'>primo</span> <span class='ocrx_word' id='word_1_328' title='bbox 1254 2256 1455 2309; x_wconf 90' lang='lat' dir='ltr'>Nicephori</span> <span class='ocrx_word' id='word_1_329' title='bbox 1482 2257 1631 2298; x_wconf 80' lang='lat' dir='ltr'>Phocae</span> 
     </span>
     <span class='ocr_line' id='line_1_37' title="bbox 154 2313 1631 2366; baseline 0.001 -14"><span class='ocrx_word' id='word_1_330' title='bbox 154 2326 268 2354; x_wconf 83' lang='lat' dir='ltr'>anno.</span> <span class='ocrx_word' id='word_1_331' title='bbox 324 2313 534 2353; x_wconf 88' lang='lat' dir='ltr'>Romanum</span> <span class='ocrx_word' id='word_1_332' title='bbox 553 2314 786 2352; x_wconf 84' lang='lat' dir='ltr'>Constantini</span> <span class='ocrx_word' id='word_1_333' title='bbox 807 2313 839 2351; x_wconf 87' lang='lat' dir='ltr'>F</span> <span class='ocrx_word' id='word_1_334' title='bbox 865 2314 1001 2353; x_wconf 85' lang='lat' dir='ltr'>Leonis</span> <span class='ocrx_word' id='word_1_335' title='bbox 1022 2313 1062 2353; x_wconf 93' lang='lat' dir='ltr'>N</span> <span class='ocrx_word' id='word_1_336' title='bbox 1086 2314 1295 2354; x_wconf 83' lang='lat' dir='ltr'>Romanum</span> <span class='ocrx_word' id='word_1_337' title='bbox 1322 2314 1471 2352; x_wconf 90' lang='lat' dir='ltr'>tertium</span> <span class='ocrx_word' id='word_1_338' title='bbox 1491 2316 1631 2366; x_wconf 88' lang='lat' dir='ltr'>optime</span> 
     </span>
     <span class='ocr_line' id='line_1_38' title="bbox 156 2369 1628 2419; baseline 0.001 -10"><span class='ocrx_word' id='word_1_339' title='bbox 156 2371 279 2419; x_wconf 83' lang='lat' dir='ltr'>(lices,</span> <span class='ocrx_word' id='word_1_340' title='bbox 308 2383 357 2409; x_wconf 89' lang='lat' dir='ltr'>ne</span> <span class='ocrx_word' id='word_1_341' title='bbox 376 2385 456 2410; x_wconf 90' lang='lat' dir='ltr'>cum</span> <span class='ocrx_word' id='word_1_342' title='bbox 476 2371 593 2410; x_wconf 88' lang='lat' dir='ltr'>altero</span> <span class='ocrx_word' id='word_1_343' title='bbox 612 2371 783 2410; x_wconf 88' lang='lat' dir='ltr'>Romano</span> <span class='ocrx_word' id='word_1_344' title='bbox 804 2372 1069 2416; x_wconf 88' lang='lat' dir='ltr'>confundatur,</span> <span class='ocrx_word' id='word_1_345' title='bbox 1112 2372 1271 2410; x_wconf 88' lang='lat' dir='ltr'>Romani</span> <span class='ocrx_word' id='word_1_346' title='bbox 1293 2369 1332 2410; x_wconf 93' lang='lat' dir='ltr'>N</span> <span class='ocrx_word' id='word_1_347' title='bbox 1351 2371 1556 2410; x_wconf 88' lang='lat' dir='ltr'>Christiferi</span> <span class='ocrx_word' id='word_1_348' title='bbox 1581 2373 1628 2410; x_wconf 89' lang='lat' dir='ltr'>F.</span> 
     </span>
     <span class='ocr_line' id='line_1_39' title="bbox 154 2427 1631 2481; baseline 0.001 -15"><span class='ocrx_word' id='word_1_349' title='bbox 154 2440 292 2466; x_wconf 85' lang='lat' dir='ltr'>nomen</span> <span class='ocrx_word' id='word_1_350' title='bbox 310 2427 423 2481; x_wconf 24' lang='lat' dir='ltr'>&#39;filiae</span> <span class='ocrx_word' id='word_1_351' title='bbox 448 2428 619 2479; x_wconf 89' lang='lat' dir='ltr'>Hugonis</span> <span class='ocrx_word' id='word_1_352' title='bbox 653 2429 810 2467; x_wconf 87' lang='lat' dir='ltr'>traditur</span> <span class='ocrx_word' id='word_1_353' title='bbox 839 2428 977 2467; x_wconf 88' lang='lat' dir='ltr'>Bertha</span> <span class='ocrx_word' id='word_1_354' title='bbox 999 2428 1181 2471; x_wconf 81' lang='lat' dir='ltr'>Eudoxia.</span> <span class='ocrx_word' id='word_1_355' title='bbox 1219 2429 1313 2468; x_wconf 69' lang='lat' dir='ltr'>Xn.</span> <span class='ocrx_word' id='word_1_356' title='bbox 1384 2441 1493 2478; x_wconf 91' lang='lat' dir='ltr'>quem</span> <span class='ocrx_word' id='word_1_357' title='bbox 1519 2429 1631 2481; x_wconf 83' lang='grc' dir='ltr'><strong><em>περί-</em></strong></span> 
     </span>
     <span class='ocr_line' id='line_1_40' title="bbox 153 2485 1629 2538; baseline 0 -14"><span class='ocrx_word' id='word_1_358' title='bbox 153 2485 329 2538; x_wconf 79' lang='grc' dir='ltr'><strong><em>βλεπτον</em></strong></span> <span class='ocrx_word' id='word_1_359' title='bbox 362 2486 527 2524; x_wconf 87' lang='lat' dir='ltr'>nominat</span> <span class='ocrx_word' id='word_1_360' title='bbox 554 2485 819 2525; x_wconf 89' lang='lat' dir='ltr'>Constantinus</span> <span class='ocrx_word' id='word_1_361' title='bbox 849 2486 897 2523; x_wconf 86' lang='lat' dir='ltr'>de</span> <span class='ocrx_word' id='word_1_362' title='bbox 922 2485 1031 2523; x_wconf 85' lang='lat' dir='ltr'>Adm.</span> <span class='ocrx_word' id='word_1_363' title='bbox 1053 2486 1145 2536; x_wconf 87' lang='lat' dir='ltr'>lmp.</span> <span class='ocrx_word' id='word_1_364' title='bbox 1164 2499 1194 2524; x_wconf 90' lang='lat' dir='ltr'>c.</span> <span class='ocrx_word' id='word_1_365' title='bbox 1211 2488 1292 2534; x_wconf 81' lang='lat'>26,</span> <span class='ocrx_word' id='word_1_366' title='bbox 1328 2490 1471 2537; x_wconf 87' lang='lat' dir='ltr'>patrem</span> <span class='ocrx_word' id='word_1_367' title='bbox 1497 2486 1629 2525; x_wconf 85' lang='lat' dir='ltr'>habuit</span> 
     </span>
     <span class='ocr_line' id='line_1_41' title="bbox 154 2541 1624 2591; baseline 0.001 -11"><span class='ocrx_word' id='word_1_368' title='bbox 154 2541 419 2591; x_wconf 82' lang='lat' dir='ltr'>Adelbertum,</span> <span class='ocrx_word' id='word_1_369' title='bbox 454 2547 606 2581; x_wconf 86' lang='lat' dir='ltr'>matrem</span> <span class='ocrx_word' id='word_1_370' title='bbox 627 2543 796 2590; x_wconf 88' lang='lat' dir='ltr'>Bertam,</span> <span class='ocrx_word' id='word_1_371' title='bbox 839 2555 946 2580; x_wconf 89' lang='lat' dir='ltr'>avum</span> <span class='ocrx_word' id='word_1_372' title='bbox 972 2542 1188 2581; x_wconf 80' lang='lat' dir='ltr'>Lotharium</span> <span class='ocrx_word' id='word_1_373' title='bbox 1206 2542 1387 2581; x_wconf 87' lang='lat' dir='ltr'>Ludovici</span> <span class='ocrx_word' id='word_1_374' title='bbox 1411 2542 1467 2580; x_wconf 89' lang='lat' dir='ltr'>Pii</span> <span class='ocrx_word' id='word_1_375' title='bbox 1499 2543 1624 2583; x_wconf 84' lang='lat' dir='ltr'>filium.</span> 
     </span>
     <span class='ocr_line' id='line_1_42' title="bbox 155 2598 1624 2650; baseline 0.001 -13"><span class='ocrx_word' id='word_1_376' title='bbox 155 2611 314 2649; x_wconf 81' lang='lat' dir='ltr'>magnae</span> <span class='ocrx_word' id='word_1_377' title='bbox 331 2598 510 2639; x_wconf 77' lang='lat' dir='ltr'>Franciae</span> <span class='ocrx_word' id='word_1_378' title='bbox 524 2613 610 2650; x_wconf 88' lang='lat' dir='ltr'>rex,</span> <span class='ocrx_word' id='word_1_379' title='bbox 641 2605 684 2638; x_wconf 91' lang='lat' dir='ltr'>ut</span> <span class='ocrx_word' id='word_1_380' title='bbox 702 2599 822 2638; x_wconf 88' lang='lat' dir='ltr'>verbis</span> <span class='ocrx_word' id='word_1_381' title='bbox 845 2599 1079 2638; x_wconf 87' lang='lat' dir='ltr'>Constantini</span> <span class='ocrx_word' id='word_1_382' title='bbox 1102 2604 1203 2647; x_wconf 86' lang='lat' dir='ltr'>utar,</span> <span class='ocrx_word' id='word_1_383' title='bbox 1233 2611 1413 2650; x_wconf 87' lang='lat' dir='ltr'>nusquam</span> <span class='ocrx_word' id='word_1_384' title='bbox 1438 2599 1532 2648; x_wconf 83' lang='lat' dir='ltr'>fuit,</span> <span class='ocrx_word' id='word_1_385' title='bbox 1558 2601 1624 2638; x_wconf 85' lang='lat' dir='ltr'>sed</span> 
     </span>
     <span class='ocr_line' id='line_1_43' title="bbox 156 2656 1625 2708; baseline 0.001 -14"><span class='ocrx_word' id='word_1_386' title='bbox 156 2669 280 2695; x_wconf 91' lang='lat' dir='ltr'>comes</span> <span class='ocrx_word' id='word_1_387' title='bbox 310 2657 516 2708; x_wconf 83' lang='lat' dir='ltr'>provinciae</span> <span class='ocrx_word' id='word_1_388' title='bbox 541 2658 618 2697; x_wconf 87' lang='lat' dir='ltr'>sive</span> <span class='ocrx_word' id='word_1_389' title='bbox 642 2656 878 2695; x_wconf 85' lang='lat' dir='ltr'>Arelatensis.</span> <span class='ocrx_word' id='word_1_390' title='bbox 937 2657 984 2695; x_wconf 90' lang='lat' dir='ltr'>ab</span> <span class='ocrx_word' id='word_1_391' title='bbox 1010 2656 1110 2694; x_wconf 89' lang='lat' dir='ltr'>ltalis</span> <span class='ocrx_word' id='word_1_392' title='bbox 1140 2661 1307 2705; x_wconf 82' lang='lat' dir='ltr'>vocatus,</span> <span class='ocrx_word' id='word_1_393' title='bbox 1345 2657 1462 2695; x_wconf 88' lang='lat' dir='ltr'>eiecto</span> <span class='ocrx_word' id='word_1_394' title='bbox 1479 2657 1625 2695; x_wconf 89' lang='lat' dir='ltr'>Rodul-</span> 
     </span>
     <span class='ocr_line' id='line_1_44' title="bbox 154 2712 1624 2767; baseline 0.001 -17"><span class='ocrx_word' id='word_1_395' title='bbox 154 2712 254 2765; x_wconf 88' lang='lat' dir='ltr'>pho,</span> <span class='ocrx_word' id='word_1_396' title='bbox 296 2713 424 2752; x_wconf 76' lang='lat' dir='ltr'>ltaliae</span> <span class='ocrx_word' id='word_1_397' title='bbox 440 2726 595 2764; x_wconf 83' lang='lat' dir='ltr'>regnum</span> <span class='ocrx_word' id='word_1_398' title='bbox 613 2715 789 2761; x_wconf 82' lang='lat' dir='ltr'>obtinuit3</span> <span class='ocrx_word' id='word_1_399' title='bbox 834 2714 934 2754; x_wconf 88' lang='lat' dir='ltr'>unde</span> <span class='ocrx_word' id='word_1_400' title='bbox 955 2713 1034 2766; x_wconf 67' lang='grc' dir='ltr'>ῤ’ῆξ</span> <span class='ocrx_word' id='word_1_401' title='bbox 1056 2713 1258 2767; x_wconf 81' lang='grc' dir='ltr'><em>Φραγγίας</em></span> <span class='ocrx_word' id='word_1_402' title='bbox 1277 2727 1299 2751; x_wconf 83' lang='lat' dir='ltr'>a</span> <span class='ocrx_word' id='word_1_403' title='bbox 1321 2713 1472 2752; x_wconf 84' lang='lat' dir='ltr'>Graecis</span> <span class='ocrx_word' id='word_1_404' title='bbox 1495 2714 1624 2765; x_wconf 86' lang='lat' dir='ltr'>appel-</span> 
     </span>
     <span class='ocr_line' id='line_1_45' title="bbox 154 2769 1620 2822; baseline 0.001 -15"><span class='ocrx_word' id='word_1_405' title='bbox 154 2769 222 2808; x_wconf 89' lang='lat' dir='ltr'>lari</span> <span class='ocrx_word' id='word_1_406' title='bbox 240 2771 386 2809; x_wconf 80' lang='lat' dir='ltr'>meruit.</span> <span class='ocrx_word' id='word_1_407' title='bbox 441 2771 550 2810; x_wconf 86' lang='lat' dir='ltr'>filiam</span> <span class='ocrx_word' id='word_1_408' title='bbox 568 2773 716 2810; x_wconf 86' lang='lat' dir='ltr'>Bertam</span> <span class='ocrx_word' id='word_1_409' title='bbox 733 2784 777 2810; x_wconf 86' lang='lat' dir='ltr'>ex</span> <span class='ocrx_word' id='word_1_410' title='bbox 795 2771 997 2810; x_wconf 87' lang='lat' dir='ltr'>concubina</span> <span class='ocrx_word' id='word_1_411' title='bbox 1014 2772 1192 2822; x_wconf 78' lang='lat' dir='ltr'>genitam,</span> <span class='ocrx_word' id='word_1_412' title='bbox 1216 2772 1412 2821; x_wconf 87' lang='lat' dir='ltr'>Sigesredo</span> <span class='ocrx_word' id='word_1_413' title='bbox 1429 2770 1620 2809; x_wconf 86' lang='lat' dir='ltr'>Parmensi</span> 
     </span>
     <span class='ocr_line' id='line_1_46' title="bbox 155 2826 1620 2882; baseline 0 -16"><span class='ocrx_word' id='word_1_414' title='bbox 155 2827 331 2882; x_wconf 84' lang='lat' dir='ltr'>episcopo</span> <span class='ocrx_word' id='word_1_415' title='bbox 345 2840 504 2880; x_wconf 85' lang='lat' dir='ltr'>sponsae</span> <span class='ocrx_word' id='word_1_416' title='bbox 523 2830 638 2879; x_wconf 87' lang='lat' dir='ltr'>duce,</span> <span class='ocrx_word' id='word_1_417' title='bbox 666 2829 892 2880; x_wconf 83' lang='lat' dir='ltr'>iungendam</span> <span class='ocrx_word' id='word_1_418' title='bbox 911 2828 1083 2868; x_wconf 84' lang='lat' dir='ltr'>Romano</span> <span class='ocrx_word' id='word_1_419' title='bbox 1101 2829 1336 2869; x_wconf 89' lang='lat' dir='ltr'>Constantini</span> <span class='ocrx_word' id='word_1_420' title='bbox 1358 2826 1620 2881; x_wconf 85' lang='lat' dir='ltr'>Porphyroge-</span> 
     </span>
    </p>
   </div>
  </div>
 </body>
</html>
