<?xml version="1.0" encoding="UTF-8"?>
<!DOCTYPE html PUBLIC "-//W3C//DTD XHTML 1.0 Transitional//EN"
    "http://www.w3.org/TR/xhtml1/DTD/xhtml1-transitional.dtd">
<html xmlns="http://www.w3.org/1999/xhtml" xml:lang="en" lang="en">
 <head>
  <title>
</title>
<meta http-equiv="Content-Type" content="text/html;charset=utf-8" />
  <meta name='ocr-system' content='tesseract 3.04.00' />
  <meta name='ocr-capabilities' content='ocr_page ocr_carea ocr_par ocr_line ocrx_word'/>
</head>
<body>
  <div class='ocr_page' id='page_1' title='image "./corpusscriptorum14niebuoft_0282.png"; bbox 0 0 1890 3236; ppageno 0'>
   <div class='ocr_carea' id='block_1_1' title="bbox 325 175 1303 224">
    <p class='ocr_par' dir='ltr' id='par_1_1' title="bbox 325 175 1303 224">
     <span class='ocr_line' id='line_1_1' title="bbox 325 175 1303 224; baseline -0.005 0"><span class='ocrx_word' id='word_1_1' title='bbox 325 176 423 224; x_wconf 80' lang='lat'><strong><em>272</em></strong></span> <span class='ocrx_word' id='word_1_2' title='bbox 793 175 1028 220; x_wconf 85' lang='lat' dir='ltr'><strong>GEORGII</strong></span> <span class='ocrx_word' id='word_1_3' title='bbox 1062 175 1303 220; x_wconf 88' lang='lat' dir='ltr'><strong>GEDRENI</strong></span> 
     </span>
    </p>
   </div>
   <div class='ocr_carea' id='block_1_2' title="bbox 176 284 1825 1918">
    <p class='ocr_par' dir='ltr' id='par_1_2' title="bbox 176 284 1825 1918">
     <span class='ocr_line' id='line_1_2' title="bbox 322 284 1770 350; baseline 0.001 -16"><span class='ocrx_word' id='word_1_4' title='bbox 322 295 381 349; x_wconf 75' lang='grc' dir='ltr'><strong><em>τῷ·</em></strong></span> <span class='ocrx_word' id='word_1_5' title='bbox 409 287 637 346; x_wconf 80' lang='grc' dir='ltr'><strong><em>μιτατωρίῳ</em></strong></span> <span class='ocrx_word' id='word_1_6' title='bbox 667 284 852 345; x_wconf 69' lang='grc' dir='ltr'><strong><em>ἴρριψαν.</em></strong></span> <span class='ocrx_word' id='word_1_7' title='bbox 919 292 993 330; x_wconf 79' lang='grc' dir='ltr'><strong><em>τοῦ</em></strong></span> <span class='ocrx_word' id='word_1_8' title='bbox 1019 287 1065 331; x_wconf 76' lang='grc' dir='ltr'><strong><em>δὲ</em></strong></span> <span class='ocrx_word' id='word_1_9' title='bbox 1090 288 1290 343; x_wconf 79' lang='grc' dir='ltr'><strong><em>βασιλέως</em></strong></span> <span class='ocrx_word' id='word_1_10' title='bbox 1313 289 1514 345; x_wconf 75' lang='grc' dir='ltr'><strong><em>δημοσίαν.</em></strong></span> <span class='ocrx_word' id='word_1_11' title='bbox 1528 286 1709 350; x_wconf 59' lang='grc' dir='ltr'><strong><em>πρόοδον</em></strong></span> <span class='ocrx_word' id='word_1_12' title='bbox 1726 292 1770 336; x_wconf 72' lang='grc' dir='ltr'><strong><em>ἔκ</em></strong></span> 
     </span>
     <span class='ocr_line' id='line_1_3' title="bbox 321 356 1770 417; baseline 0.003 -17"><span class='ocrx_word' id='word_1_13' title='bbox 321 363 372 415; x_wconf 82' lang='grc' dir='ltr'><strong><em>τῇ</em></strong></span> <span class='ocrx_word' id='word_1_14' title='bbox 390 357 542 413; x_wconf 84' lang='grc' dir='ltr'><strong><em>μεγάλῃ</em></strong></span> <span class='ocrx_word' id='word_1_15' title='bbox 562 357 750 414; x_wconf 65' lang='grc' dir='ltr'><strong><em>ἐκκλησίᾳ</em></strong></span> <span class='ocrx_word' id='word_1_16' title='bbox 767 356 1052 410; x_wconf 74' lang='grc' dir='ltr'><strong><em>ποιησαμένου,</em></strong></span> <span class='ocrx_word' id='word_1_17' title='bbox 1086 357 1162 399; x_wconf 81' lang='grc' dir='ltr'><strong><em>κάν</em></strong></span> <span class='ocrx_word' id='word_1_18' title='bbox 1179 361 1237 414; x_wconf 81' lang='grc' dir='ltr'><strong><em>τῷ</em></strong></span> <span class='ocrx_word' id='word_1_19' title='bbox 1257 360 1488 417; x_wconf 82' lang='grc' dir='ltr'><strong><em>μιτατωρίῳ</em></strong></span> <span class='ocrx_word' id='word_1_20' title='bbox 1507 359 1770 412; x_wconf 67' lang='grc' dir='ltr'><strong><em>εἰσελθόντος,</em></strong></span> 
     </span>
     <span class='ocr_line' id='line_1_4' title="bbox 321 419 1770 487; baseline 0.003 -19"><span class='ocrx_word' id='word_1_21' title='bbox 321 428 388 468; x_wconf 85' lang='grc' dir='ltr'><strong><em>καὶ</em></strong></span> <span class='ocrx_word' id='word_1_22' title='bbox 407 427 447 468; x_wconf 78' lang='grc' dir='ltr'><strong><em>ἒν</em></strong></span> <span class='ocrx_word' id='word_1_23' title='bbox 465 419 498 482; x_wconf 75' lang='grc' dir='ltr'><em>ᾧ</em></span> <span class='ocrx_word' id='word_1_24' title='bbox 514 423 654 479; x_wconf 66' lang='grc' dir='ltr'><strong><em>ηὔχετο</em></strong></span> <span class='ocrx_word' id='word_1_25' title='bbox 675 422 785 482; x_wconf 82' lang='grc' dir='ltr'><strong><em>τόπῳ</em></strong></span> <span class='ocrx_word' id='word_1_26' title='bbox 806 428 924 466; x_wconf 81' lang='grc' dir='ltr'><strong><em>τοῦτο</em></strong></span> <span class='ocrx_word' id='word_1_27' title='bbox 947 425 1181 482; x_wconf 68' lang='grc' dir='ltr'><strong><em>ἐρριμμένον</em></strong></span> <span class='ocrx_word' id='word_1_28' title='bbox 1200 424 1380 478; x_wconf 88' lang='grc' dir='ltr'><strong><em>ἰδόντος,</em></strong></span> <span class='ocrx_word' id='word_1_29' title='bbox 1416 425 1770 487; x_wconf 47' lang='grc' dir='ltr'><strong><em>εἰληφότοςςεῇκᾳὶ</em></strong></span> 
     </span>
     <span class='ocr_line' id='line_1_5' title="bbox 318 491 1770 552; baseline 0.002 -17"><span class='ocrx_word' id='word_1_30' title='bbox 318 492 580 548; x_wconf 74' lang='grc' dir='ltr'><strong><em>ἀναγνόντος,</em></strong></span> <span class='ocrx_word' id='word_1_31' title='bbox 607 491 734 546; x_wconf 83' lang='grc' dir='ltr'><strong><em>πολλὴ</em></strong></span> <span class='ocrx_word' id='word_1_32' title='bbox 765 493 953 547; x_wconf 76' lang='grc' dir='ltr'><strong><em>κατέσχεν</em></strong></span> <span class='ocrx_word' id='word_1_33' title='bbox 984 494 1132 550; x_wconf 80' lang='grc' dir='ltr'><strong><em>ἀπορία</em></strong></span> <span class='ocrx_word' id='word_1_34' title='bbox 1161 493 1256 544; x_wconf 77' lang='grc' dir='ltr'><strong><em>τοὺς</em></strong></span> <span class='ocrx_word' id='word_1_35' title='bbox 1287 493 1595 552; x_wconf 82' lang='grc' dir='ltr'><strong><em>συμπαρόντας,</em></strong></span> <span class='ocrx_word' id='word_1_36' title='bbox 1627 493 1770 546; x_wconf 55' lang='grc' dir='ltr'><strong><em>ἀφεδ-</em></strong></span> 
     </span>
     <span class='ocr_line' id='line_1_6' title="bbox 317 559 1803 619; baseline 0.003 -17"><span class='ocrx_word' id='word_1_37' title='bbox 317 563 452 613; x_wconf 86' lang='grc' dir='ltr'><strong><em>ζοντος</em></strong></span> <span class='ocrx_word' id='word_1_38' title='bbox 476 559 645 603; x_wconf 72' lang='grc' dir='ltr'><strong><em>ἑκάστου</em></strong></span> <span class='ocrx_word' id='word_1_39' title='bbox 667 562 733 602; x_wconf 84' lang='grc' dir='ltr'><strong><em>καὶ</em></strong></span> <span class='ocrx_word' id='word_1_40' title='bbox 754 560 990 616; x_wconf 79' lang='grc' dir='ltr'><strong><em>ἀγνοοῦντος</em></strong></span> <span class='ocrx_word' id='word_1_41' title='bbox 1013 562 1082 604; x_wconf 87' lang='grc' dir='ltr'><strong><em>τὸν</em></strong></span> <span class='ocrx_word' id='word_1_42' title='bbox 1103 562 1294 619; x_wconf 82' lang='grc' dir='ltr'><strong><em>ῥίψαντα.</em></strong></span> <span class='ocrx_word' id='word_1_43' title='bbox 1359 563 1524 619; x_wconf 78' lang='grc' dir='ltr'><strong><em>κατέσχε</em></strong></span> <span class='ocrx_word' id='word_1_44' title='bbox 1546 563 1681 609; x_wconf 70' lang='grc' dir='ltr'><strong><em>δὲκαὶ</em></strong></span> <span class='ocrx_word' id='word_1_45' title='bbox 1695 563 1803 618; x_wconf 60' lang='grc' dir='ltr'><strong><em>τρνὸ</em></strong></span> 
     </span>
     <span class='ocr_line' id='line_1_7' title="bbox 315 623 1790 689; baseline 0.003 -18"><span class='ocrx_word' id='word_1_46' title='bbox 315 630 487 684; x_wconf 76' lang='grc' dir='ltr'><strong><em>βασιλέα</em></strong></span> <span class='ocrx_word' id='word_1_47' title='bbox 522 629 682 682; x_wconf 81' lang='grc' dir='ltr'><strong><em>ἀθυμία</em></strong></span> <span class='ocrx_word' id='word_1_48' title='bbox 714 627 863 684; x_wconf 88' lang='grc' dir='ltr'><strong><em>πολλή,</em></strong></span> <span class='ocrx_word' id='word_1_49' title='bbox 898 631 965 672; x_wconf 86' lang='grc' dir='ltr'><strong><em>καὶ</em></strong></span> <span class='ocrx_word' id='word_1_50' title='bbox 993 629 1062 672; x_wconf 86' lang='grc' dir='ltr'><strong><em>τὸν</em></strong></span> <span class='ocrx_word' id='word_1_51' title='bbox 1088 629 1331 686; x_wconf 81' lang='grc' dir='ltr'><strong><em>πεποιηκότα</em></strong></span> <span class='ocrx_word' id='word_1_52' title='bbox 1360 629 1498 686; x_wconf 75' lang='grc' dir='ltr'><strong><em>ἐζήτει.</em></strong></span> <span class='ocrx_word' id='word_1_53' title='bbox 1563 623 1790 689; x_wconf 59' lang='grc' dir='ltr'><strong><em>γέγονεδὲ,</em></strong></span> 
     </span>
     <span class='ocr_line' id='line_1_8' title="bbox 317 696 1770 756; baseline 0.002 -16"><span class='ocrx_word' id='word_1_54' title='bbox 317 698 421 740; x_wconf 78' lang='grc' dir='ltr'><strong><em>κατὰ</em></strong></span> <span class='ocrx_word' id='word_1_55' title='bbox 442 697 511 740; x_wconf 83' lang='grc' dir='ltr'><strong><em>τὸν</em></strong></span> <span class='ocrx_word' id='word_1_56' title='bbox 533 697 653 740; x_wconf 82' lang='grc' dir='ltr'><strong><em>αὐτὸν</em></strong></span> <span class='ocrx_word' id='word_1_57' title='bbox 669 696 821 754; x_wconf 88' lang='grc' dir='ltr'><strong><em>χρόνον</em></strong></span> <span class='ocrx_word' id='word_1_58' title='bbox 853 700 919 740; x_wconf 85' lang='grc' dir='ltr'><strong><em>καὶ</em></strong></span> <span class='ocrx_word' id='word_1_59' title='bbox 949 698 1125 753; x_wconf 69' lang='grc' dir='ltr'><strong><em>ἔκλειψις</em></strong></span> <span class='ocrx_word' id='word_1_60' title='bbox 1158 697 1326 755; x_wconf 79' lang='grc' dir='ltr'><strong><em>σελήνης</em></strong></span> <span class='ocrx_word' id='word_1_61' title='bbox 1355 700 1520 756; x_wconf 83' lang='grc' dir='ltr'><strong><em>μεγίστη</em></strong></span> <span class='ocrx_word' id='word_1_62' title='bbox 1530 718 1557 752; x_wconf 70' lang='grc'><strong><em>,’</em></strong></span> <span class='ocrx_word' id='word_1_63' title='bbox 1575 699 1633 743; x_wconf 71' lang='grc' dir='ltr'><strong><em>δι’</em></strong></span> <span class='ocrx_word' id='word_1_64' title='bbox 1665 698 1770 756; x_wconf 59' lang='grc' dir='ltr'><strong><em>ἣνεὸ</em></strong></span> 
     </span>
     <span class='ocr_line' id='line_1_9' title="bbox 315 765 1770 822; baseline 0.003 -14"><span class='ocrx_word' id='word_1_65' title='bbox 315 767 507 820; x_wconf 84' lang='grc' dir='ltr'><strong><em>βασιλεὺς</em></strong></span> <span class='ocrx_word' id='word_1_66' title='bbox 529 766 598 808; x_wconf 81' lang='grc' dir='ltr'><strong><em>τὸν</em></strong></span> <span class='ocrx_word' id='word_1_67' title='bbox 619 767 914 822; x_wconf 85' lang='grc' dir='ltr'><strong><em>μητροπολίτην</em></strong></span> <span class='ocrx_word' id='word_1_68' title='bbox 938 765 1133 809; x_wconf 83' lang='grc' dir='ltr'><strong><em>Συνάδων</em></strong></span> <span class='ocrx_word' id='word_1_69' title='bbox 1157 767 1447 822; x_wconf 78' lang='grc' dir='ltr'><strong><em>μετεκαλέσατο</em></strong></span> <span class='ocrx_word' id='word_1_70' title='bbox 1466 769 1770 821; x_wconf 72' lang='grc' dir='ltr'><strong><em>Πανταλέοντα,</em></strong></span> 
     </span>
     <span class='ocr_line' id='line_1_10' title="bbox 176 835 1770 893; baseline 0.003 -15"><span class='ocrx_word' id='word_1_71' title='bbox 176 843 207 878; x_wconf 88' lang='grc' dir='ltr'>Ρ</span> <span class='ocrx_word' id='word_1_72' title='bbox 228 844 296 880; x_wconf 83' lang='grc'><strong><em>606</em></strong></span> <span class='ocrx_word' id='word_1_73' title='bbox 319 839 390 888; x_wconf 79' lang='grc' dir='ltr'><strong><em>τῆς</em></strong></span> <span class='ocrx_word' id='word_1_74' title='bbox 419 835 713 891; x_wconf 80' lang='grc' dir='ltr'><strong><em>ἂστρονομικῆς</em></strong></span> <span class='ocrx_word' id='word_1_75' title='bbox 740 837 921 886; x_wconf 75' lang='grc' dir='ltr'><strong><em>παιδείας</em></strong></span> <span class='ocrx_word' id='word_1_76' title='bbox 950 837 991 878; x_wconf 72' lang='grc' dir='ltr'><strong><em>ἐν</em></strong></span> <span class='ocrx_word' id='word_1_77' title='bbox 1018 835 1160 890; x_wconf 78' lang='grc' dir='ltr'><strong><em>μνήσει</em></strong></span> <span class='ocrx_word' id='word_1_78' title='bbox 1180 835 1452 892; x_wconf 78' lang='grc' dir='ltr'><strong><em>τυγχάνοντα,</em></strong></span> <span class='ocrx_word' id='word_1_79' title='bbox 1484 836 1531 880; x_wconf 76' lang='grc' dir='ltr'><strong><em>τὸ</em></strong></span> <span class='ocrx_word' id='word_1_80' title='bbox 1553 841 1626 893; x_wconf 76' lang='grc' dir='ltr'><strong><em>τῆς</em></strong></span> <span class='ocrx_word' id='word_1_81' title='bbox 1646 838 1770 882; x_wconf 57' lang='lat' dir='ltr'><strong><em>&amp;hl-,-</em></strong></span> 
     </span>
     <span class='ocr_line' id='line_1_11' title="bbox 317 902 1825 964; baseline 0.001 -18"><span class='ocrx_word' id='word_1_82' title='bbox 317 915 431 959; x_wconf 88' lang='grc' dir='ltr'><strong><em>ψεως</em></strong></span> <span class='ocrx_word' id='word_1_83' title='bbox 447 903 696 956; x_wconf 79' lang='grc' dir='ltr'><strong><em>ἀποτέλεσμα</em></strong></span> <span class='ocrx_word' id='word_1_84' title='bbox 716 907 866 957; x_wconf 80' lang='grc' dir='ltr'><strong><em>μαθεῖν</em></strong></span> <span class='ocrx_word' id='word_1_85' title='bbox 885 902 1158 961; x_wconf 79' lang='grc' dir='ltr'><strong><em>ὀριγνώμενος.</em></strong></span> <span class='ocrx_word' id='word_1_86' title='bbox 1228 904 1273 948; x_wconf 78' lang='grc' dir='ltr'><strong><em>ὃν</em></strong></span> <span class='ocrx_word' id='word_1_87' title='bbox 1292 903 1564 962; x_wconf 75' lang='grc' dir='ltr'><strong><em>εἰσερχόμενον</em></strong></span> <span class='ocrx_word' id='word_1_88' title='bbox 1583 905 1684 964; x_wconf 79' lang='grc' dir='ltr'><strong><em>πρὸς</em></strong></span> <span class='ocrx_word' id='word_1_89' title='bbox 1701 905 1770 950; x_wconf 84' lang='grc' dir='ltr'><strong><em>τὸν</em></strong></span> <span class='ocrx_word' id='word_1_90' title='bbox 1781 912 1825 947; x_wconf 83' lang='grc'><strong><em>10</em></strong></span> 
     </span>
     <span class='ocr_line' id='line_1_12' title="bbox 319 970 1769 1031; baseline 0.002 -17"><span class='ocrx_word' id='word_1_91' title='bbox 319 972 490 1028; x_wconf 81' lang='grc' dir='ltr'><strong><em>βασιλέα</em></strong></span> <span class='ocrx_word' id='word_1_92' title='bbox 511 970 531 1013; x_wconf 85' lang='grc' dir='ltr'><strong>ὅ</strong></span> <span class='ocrx_word' id='word_1_93' title='bbox 554 974 755 1026; x_wconf 82' lang='grc' dir='ltr'><strong><em>Σαμωνᾶς</em></strong></span> <span class='ocrx_word' id='word_1_94' title='bbox 773 973 856 1031; x_wconf 70' lang='grc' dir='ltr'><strong><em>ἰδία</em></strong></span> <span class='ocrx_word' id='word_1_95' title='bbox 873 974 1123 1028; x_wconf 76' lang='grc' dir='ltr'><strong><em>παραλαβὼν</em></strong></span> <span class='ocrx_word' id='word_1_96' title='bbox 1140 971 1346 1030; x_wconf 78' lang='grc' dir='ltr'><strong><em>ἠρώτησεν</em></strong></span> <span class='ocrx_word' id='word_1_97' title='bbox 1362 977 1417 1024; x_wconf 84' lang='grc' dir='ltr'><strong><em>εἰς</em></strong></span> <span class='ocrx_word' id='word_1_98' title='bbox 1437 976 1528 1016; x_wconf 86' lang='grc' dir='ltr'><strong><em>τίνα</em></strong></span> <span class='ocrx_word' id='word_1_99' title='bbox 1543 973 1617 1028; x_wconf 82' lang='grc' dir='ltr'><strong><em>τὴν</em></strong></span> <span class='ocrx_word' id='word_1_100' title='bbox 1634 972 1769 1025; x_wconf 70' lang='lat' dir='ltr'><strong>mim-</strong></span> 
     </span>
     <span class='ocr_line' id='line_1_13' title="bbox 319 1038 1768 1098; baseline 0.002 -15"><span class='ocrx_word' id='word_1_101' title='bbox 319 1058 385 1084; x_wconf 88' lang='grc' dir='ltr'><strong><em>σιν</em></strong></span> <span class='ocrx_word' id='word_1_102' title='bbox 415 1040 580 1083; x_wconf 66' lang='grc' dir='ltr'><strong><em>ἔσεσθαι</em></strong></span> <span class='ocrx_word' id='word_1_103' title='bbox 590 1072 604 1092; x_wconf 90' lang='grc'><strong><em>,</em></strong></span> <span class='ocrx_word' id='word_1_104' title='bbox 639 1041 705 1082; x_wconf 83' lang='grc' dir='ltr'><strong><em>καὶ</em></strong></span> <span class='ocrx_word' id='word_1_105' title='bbox 733 1038 847 1083; x_wconf 84' lang='grc' dir='ltr'><strong><em>τόνδε</em></strong></span> <span class='ocrx_word' id='word_1_106' title='bbox 879 1039 1003 1098; x_wconf 80' lang='grc' dir='ltr'><strong><em>φάναι</em></strong></span> <span class='ocrx_word' id='word_1_107' title='bbox 1031 1040 1092 1083; x_wconf 83' lang='grc' dir='ltr'><strong><em>ὅτι</em></strong></span> <span class='ocrx_word' id='word_1_108' title='bbox 1115 1044 1170 1092; x_wconf 86' lang='grc' dir='ltr'><strong><em>εἰς</em></strong></span> <span class='ocrx_word' id='word_1_109' title='bbox 1190 1042 1256 1084; x_wconf 89' lang='grc' dir='ltr'><strong><em>σέ·</em></strong></span> <span class='ocrx_word' id='word_1_110' title='bbox 1290 1042 1363 1097; x_wconf 85' lang='grc' dir='ltr'><strong><em>τὴν</em></strong></span> <span class='ocrx_word' id='word_1_111' title='bbox 1383 1040 1431 1098; x_wconf 87' lang='grc' dir='ltr'><strong><em>ιγ’</em></strong></span> <span class='ocrx_word' id='word_1_112' title='bbox 1454 1043 1499 1086; x_wconf 78' lang='grc' dir='ltr'><strong><em>δὲ</em></strong></span> <span class='ocrx_word' id='word_1_113' title='bbox 1517 1046 1590 1086; x_wconf 79' lang='grc' dir='ltr'><strong><em>τοῦ</em></strong></span> <span class='ocrx_word' id='word_1_114' title='bbox 1603 1042 1768 1098; x_wconf 71' lang='grc' dir='ltr'><strong><em>Ἰουνίου</em></strong></span> 
     </span>
     <span class='ocr_line' id='line_1_14' title="bbox 319 1106 1769 1168; baseline 0.003 -18"><span class='ocrx_word' id='word_1_115' title='bbox 319 1107 572 1165; x_wconf 84' lang='grc' dir='ltr'><strong><em>διερχόμενος</em></strong></span> <span class='ocrx_word' id='word_1_116' title='bbox 611 1106 765 1165; x_wconf 74' lang='grc' dir='ltr'><strong><em>ἡμέραν</em></strong></span> <span class='ocrx_word' id='word_1_117' title='bbox 811 1109 926 1151; x_wconf 75' lang='grc' dir='ltr'><strong><em>οὐδὲν</em></strong></span> <span class='ocrx_word' id='word_1_118' title='bbox 968 1108 1098 1152; x_wconf 68' lang='grc' dir='ltr'><strong><em>ἔκτοτε</em></strong></span> <span class='ocrx_word' id='word_1_119' title='bbox 1130 1111 1244 1166; x_wconf 87' lang='grc' dir='ltr'><strong><em>πείσῃ</em></strong></span> <span class='ocrx_word' id='word_1_120' title='bbox 1273 1108 1409 1153; x_wconf 84' lang='grc' dir='ltr'><strong><em>κακόν.</em></strong></span> <span class='ocrx_word' id='word_1_121' title='bbox 1474 1111 1694 1168; x_wconf 73' lang='grc' dir='ltr'><strong><em>ἐρωτηθεὶς</em></strong></span> <span class='ocrx_word' id='word_1_122' title='bbox 1724 1111 1769 1154; x_wconf 76' lang='grc' dir='ltr'><strong><em>δὲ</em></strong></span> 
     </span>
     <span class='ocr_line' id='line_1_15' title="bbox 319 1176 1769 1236; baseline 0.001 -16"><span class='ocrx_word' id='word_1_123' title='bbox 319 1179 386 1220; x_wconf 84' lang='grc' dir='ltr'><strong><em>καὶ</em></strong></span> <span class='ocrx_word' id='word_1_124' title='bbox 413 1178 525 1233; x_wconf 82' lang='grc' dir='ltr'><strong><em>παρὰ</em></strong></span> <span class='ocrx_word' id='word_1_125' title='bbox 552 1181 622 1220; x_wconf 80' lang='grc' dir='ltr'><strong><em>τοῦ</em></strong></span> <span class='ocrx_word' id='word_1_126' title='bbox 650 1178 848 1231; x_wconf 83' lang='grc' dir='ltr'><strong><em>βασιλέως</em></strong></span> <span class='ocrx_word' id='word_1_127' title='bbox 877 1179 967 1234; x_wconf 84' lang='grc' dir='ltr'><strong><em>περὶ</em></strong></span> <span class='ocrx_word' id='word_1_128' title='bbox 994 1176 1137 1221; x_wconf 79' lang='grc' dir='ltr'><strong><em>τούτου</em></strong></span> <span class='ocrx_word' id='word_1_129' title='bbox 1176 1177 1278 1222; x_wconf 79' lang='grc' dir='ltr'><strong><em>εἶπεν</em></strong></span> <span class='ocrx_word' id='word_1_130' title='bbox 1312 1177 1373 1222; x_wconf 83' lang='grc' dir='ltr'><strong><em>ὅτι</em></strong></span> <span class='ocrx_word' id='word_1_131' title='bbox 1411 1181 1468 1229; x_wconf 84' lang='grc' dir='ltr'><strong><em>εἰς</em></strong></span> <span class='ocrx_word' id='word_1_132' title='bbox 1499 1179 1546 1222; x_wconf 82' lang='grc' dir='ltr'><strong><em>τὸ</em></strong></span> <span class='ocrx_word' id='word_1_133' title='bbox 1583 1177 1769 1236; x_wconf 70' lang='grc' dir='ltr'><strong><em>δεύτερον</em></strong></span> 
     </span>
     <span class='ocr_line' id='line_1_16' title="bbox 316 1242 1821 1302; baseline 0.002 -15"><span class='ocrx_word' id='word_1_134' title='bbox 316 1244 532 1302; x_wconf 83' lang='grc' dir='ltr'><strong><em>πρόσωπον</em></strong></span> <span class='ocrx_word' id='word_1_135' title='bbox 552 1244 577 1301; x_wconf 78' lang='grc' dir='ltr'>ἡ</span> <span class='ocrx_word' id='word_1_136' title='bbox 598 1243 771 1296; x_wconf 82' lang='grc' dir='ltr'><strong><em>κάκωσις</em></strong></span> <span class='ocrx_word' id='word_1_137' title='bbox 791 1244 1016 1301; x_wconf 76' lang='grc' dir='ltr'><strong><em>ἐπισκήψει.</em></strong></span> <span class='ocrx_word' id='word_1_138' title='bbox 1081 1244 1310 1290; x_wconf 72' lang='grc' dir='ltr'><strong><em>’ὑπώπτευεν</em></strong></span> <span class='ocrx_word' id='word_1_139' title='bbox 1332 1242 1402 1290; x_wconf 71' lang='grc' dir='ltr'><strong><em>οὖν</em></strong></span> <span class='ocrx_word' id='word_1_140' title='bbox 1423 1245 1444 1289; x_wconf 83' lang='grc' dir='ltr'><strong>ὅ</strong></span> <span class='ocrx_word' id='word_1_141' title='bbox 1464 1247 1656 1302; x_wconf 81' lang='grc' dir='ltr'><strong><em>βασιλεὺς</em></strong></span> <span class='ocrx_word' id='word_1_142' title='bbox 1674 1245 1768 1294; x_wconf 57' lang='grc' dir='ltr'><strong><em>δεύ-</em></strong></span> <span class='ocrx_word' id='word_1_143' title='bbox 1780 1254 1821 1290; x_wconf 85' lang='grc'><strong><em>15</em></strong></span> 
     </span>
     <span class='ocr_line' id='line_1_17' title="bbox 316 1312 1768 1373; baseline 0.001 -16"><span class='ocrx_word' id='word_1_144' title='bbox 316 1332 433 1371; x_wconf 83' lang='grc' dir='ltr'><strong><em>τερον</em></strong></span> <span class='ocrx_word' id='word_1_145' title='bbox 457 1313 671 1372; x_wconf 86' lang='grc' dir='ltr'><strong><em>πρόσωπον</em></strong></span> <span class='ocrx_word' id='word_1_146' title='bbox 695 1312 793 1356; x_wconf 78' lang='grc' dir='ltr'><strong><em>εἶναι</em></strong></span> <span class='ocrx_word' id='word_1_147' title='bbox 817 1314 887 1357; x_wconf 83' lang='grc' dir='ltr'><strong><em>τὸν</em></strong></span> <span class='ocrx_word' id='word_1_148' title='bbox 908 1313 1054 1358; x_wconf 73' lang='grc' dir='ltr'><strong><em>ἑαυτοῦ</em></strong></span> <span class='ocrx_word' id='word_1_149' title='bbox 1086 1315 1261 1373; x_wconf 81' lang='grc' dir='ltr'><strong><em>ἀδελφὸν</em></strong></span> <span class='ocrx_word' id='word_1_150' title='bbox 1279 1315 1553 1372; x_wconf 79' lang='grc' dir='ltr'><strong><em>Ἀλέξανδρον.</em></strong></span> <span class='ocrx_word' id='word_1_151' title='bbox 1619 1317 1688 1359; x_wconf 80' lang='grc' dir='ltr'><strong><em>καὶ</em></strong></span> <span class='ocrx_word' id='word_1_152' title='bbox 1715 1315 1768 1359; x_wconf 74' lang='grc' dir='ltr'><strong><em>τὰ</em></strong></span> 
     </span>
     <span class='ocr_line' id='line_1_18' title="bbox 316 1381 1767 1441; baseline 0.001 -16"><span class='ocrx_word' id='word_1_153' title='bbox 316 1384 390 1437; x_wconf 76' lang='grc' dir='ltr'><strong><em>μὲν</em></strong></span> <span class='ocrx_word' id='word_1_154' title='bbox 410 1388 481 1437; x_wconf 81' lang='grc' dir='ltr'><strong><em>τῆς</em></strong></span> <span class='ocrx_word' id='word_1_155' title='bbox 497 1381 755 1439; x_wconf 83' lang='grc' dir='ltr'><strong><em>προρρήσεως</em></strong></span> <span class='ocrx_word' id='word_1_156' title='bbox 772 1383 822 1438; x_wconf 73' lang='grc' dir='ltr'><strong><em>ἣν</em></strong></span> <span class='ocrx_word' id='word_1_157' title='bbox 843 1383 954 1438; x_wconf 71' lang='grc' dir='ltr'><strong><em>ἴσχεν</em></strong></span> <span class='ocrx_word' id='word_1_158' title='bbox 970 1382 1194 1438; x_wconf 79' lang='grc' dir='ltr'><strong><em>ἀπόβασιν,</em></strong></span> <span class='ocrx_word' id='word_1_159' title='bbox 1223 1383 1372 1441; x_wconf 77' lang='grc' dir='ltr'><strong><em>προϊών</em></strong></span> <span class='ocrx_word' id='word_1_160' title='bbox 1395 1382 1416 1426; x_wconf 79' lang='grc' dir='ltr'><strong>ὃ</strong></span> <span class='ocrx_word' id='word_1_161' title='bbox 1438 1382 1556 1440; x_wconf 86' lang='grc' dir='ltr'><strong><em>λόγος</em></strong></span> <span class='ocrx_word' id='word_1_162' title='bbox 1574 1381 1767 1439; x_wconf 78' lang='grc' dir='ltr'><strong><em>δηλώσει·</em></strong></span> 
     </span>
     <span class='ocr_line' id='line_1_19' title="bbox 316 1450 1769 1510; baseline 0.001 -16"><span class='ocrx_word' id='word_1_163' title='bbox 316 1451 491 1506; x_wconf 84' lang='grc' dir='ltr'><strong><em>Μιχαὴλ</em></strong></span> <span class='ocrx_word' id='word_1_164' title='bbox 523 1452 566 1493; x_wconf 80' lang='grc' dir='ltr'><strong><em>δὲ</em></strong></span> <span class='ocrx_word' id='word_1_165' title='bbox 596 1454 669 1493; x_wconf 84' lang='grc' dir='ltr'><strong><em>τοῦ</em></strong></span> <span class='ocrx_word' id='word_1_166' title='bbox 699 1452 951 1508; x_wconf 83' lang='grc' dir='ltr'><strong><em>Τζιρίθωνος</em></strong></span> <span class='ocrx_word' id='word_1_167' title='bbox 977 1453 1067 1494; x_wconf 74' lang='grc' dir='ltr'><strong><em>κατ’</em></strong></span> <span class='ocrx_word' id='word_1_168' title='bbox 1097 1454 1201 1494; x_wconf 87' lang='grc' dir='ltr'><strong><em>ἰδίαν</em></strong></span> <span class='ocrx_word' id='word_1_169' title='bbox 1220 1457 1278 1510; x_wconf 76' lang='grc' dir='ltr'><strong><em>τῷ</em></strong></span> <span class='ocrx_word' id='word_1_170' title='bbox 1297 1456 1461 1506; x_wconf 80' lang='grc' dir='ltr'><strong><em>βασιλεῖ</em></strong></span> <span class='ocrx_word' id='word_1_171' title='bbox 1474 1450 1769 1510; x_wconf 74' lang='grc' dir='ltr'><strong><em>προσελθόντος</em></strong></span> 
     </span>
     <span class='ocr_line' id='line_1_20' title="bbox 316 1517 1767 1576; baseline 0.001 -14"><span class='ocrx_word' id='word_1_172' title='bbox 316 1521 383 1562; x_wconf 82' lang='grc' dir='ltr'><strong><em>καὶ</em></strong></span> <span class='ocrx_word' id='word_1_173' title='bbox 412 1518 766 1574; x_wconf 77' lang='grc' dir='ltr'><strong><em>καταμηνῦσαντος</em></strong></span> <span class='ocrx_word' id='word_1_174' title='bbox 793 1518 848 1570; x_wconf 80' lang='grc' dir='ltr'><strong><em>ὡς</em></strong></span> <span class='ocrx_word' id='word_1_175' title='bbox 871 1518 892 1562; x_wconf 81' lang='grc' dir='ltr'><em>ὃ</em></span> <span class='ocrx_word' id='word_1_176' title='bbox 916 1523 1118 1574; x_wconf 78' lang='grc' dir='ltr'><strong><em>Σαμωνᾶς</em></strong></span> <span class='ocrx_word' id='word_1_177' title='bbox 1142 1520 1200 1575; x_wconf 76' lang='grc' dir='ltr'><strong><em>εἴη</em></strong></span> <span class='ocrx_word' id='word_1_178' title='bbox 1228 1521 1274 1563; x_wconf 86' lang='grc' dir='ltr'><strong><em>τὸ</em></strong></span> <span class='ocrx_word' id='word_1_179' title='bbox 1301 1519 1507 1564; x_wconf 83' lang='grc' dir='ltr'><strong><em>πιττάκιον</em></strong></span> <span class='ocrx_word' id='word_1_180' title='bbox 1531 1517 1767 1576; x_wconf 79' lang='grc' dir='ltr'><strong><em>πεποιηκώς,</em></strong></span> 
     </span>
     <span class='ocr_line' id='line_1_21' title="bbox 262 1587 1822 1645; baseline 0.001 -15"><span class='ocrx_word' id='word_1_181' title='bbox 262 1596 292 1631; x_wconf 92' lang='grc' dir='ltr'>Β</span> <span class='ocrx_word' id='word_1_182' title='bbox 317 1588 502 1644; x_wconf 78' lang='grc' dir='ltr'><strong><em>παρευθύ</em></strong></span> <span class='ocrx_word' id='word_1_183' title='bbox 521 1587 830 1642; x_wconf 80' lang='grc' dir='ltr'><strong><em>καταβιβάζεται</em></strong></span> <span class='ocrx_word' id='word_1_184' title='bbox 850 1590 906 1639; x_wconf 85' lang='grc' dir='ltr'><strong><em>εἰς</em></strong></span> <span class='ocrx_word' id='word_1_185' title='bbox 921 1588 991 1631; x_wconf 85' lang='grc' dir='ltr'><strong><em>τὸν</em></strong></span> <span class='ocrx_word' id='word_1_186' title='bbox 1012 1587 1118 1631; x_wconf 78' lang='grc' dir='ltr'><strong><em>οἰκον</em></strong></span> <span class='ocrx_word' id='word_1_187' title='bbox 1138 1589 1262 1631; x_wconf 81' lang='grc' dir='ltr'><strong><em>αὐτοῦ</em></strong></span> <span class='ocrx_word' id='word_1_188' title='bbox 1281 1590 1350 1631; x_wconf 85' lang='grc' dir='ltr'><strong><em>καὶ</em></strong></span> <span class='ocrx_word' id='word_1_189' title='bbox 1370 1589 1619 1645; x_wconf 81' lang='grc' dir='ltr'><strong><em>ἀποκείρεται</em></strong></span> <span class='ocrx_word' id='word_1_190' title='bbox 1636 1598 1822 1644; x_wconf 62' lang='grc' dir='ltr'><strong><em>μονα-20</em></strong></span> 
     </span>
     <span class='ocr_line' id='line_1_22' title="bbox 311 1654 1768 1713; baseline 0.001 -15"><span class='ocrx_word' id='word_1_191' title='bbox 311 1655 388 1712; x_wconf 89' lang='grc' dir='ltr'><strong><em>χός</em></strong></span> <span class='ocrx_word' id='word_1_192' title='bbox 397 1689 410 1708; x_wconf 84' lang='grc'><strong><em>,</em></strong></span> <span class='ocrx_word' id='word_1_193' title='bbox 437 1654 521 1698; x_wconf 77' lang='grc' dir='ltr'><strong><em>εἶτα</em></strong></span> <span class='ocrx_word' id='word_1_194' title='bbox 537 1658 578 1698; x_wconf 76' lang='grc' dir='ltr'><strong><em>ἓν</em></strong></span> <span class='ocrx_word' id='word_1_195' title='bbox 598 1661 648 1712; x_wconf 85' lang='grc' dir='ltr'><strong><em>τῇ</em></strong></span> <span class='ocrx_word' id='word_1_196' title='bbox 667 1661 770 1713; x_wconf 81' lang='grc' dir='ltr'><strong><em>μονῇ</em></strong></span> <span class='ocrx_word' id='word_1_197' title='bbox 792 1661 863 1699; x_wconf 84' lang='grc' dir='ltr'><strong><em>τοῦ</em></strong></span> <span class='ocrx_word' id='word_1_198' title='bbox 883 1655 1133 1713; x_wconf 81' lang='grc' dir='ltr'><strong><em>πατριάρχου</em></strong></span> <span class='ocrx_word' id='word_1_199' title='bbox 1152 1658 1365 1711; x_wconf 80' lang='grc' dir='ltr'><strong><em>Εὐθυμιόυ</em></strong></span> <span class='ocrx_word' id='word_1_200' title='bbox 1387 1655 1605 1712; x_wconf 78' lang='grc' dir='ltr'><strong><em>ἀπάγεται,</em></strong></span> <span class='ocrx_word' id='word_1_201' title='bbox 1633 1656 1768 1699; x_wconf 76' lang='grc' dir='ltr'><strong><em>κάκεῖ-</em></strong></span> 
     </span>
     <span class='ocr_line' id='line_1_23' title="bbox 314 1725 1767 1782; baseline 0.001 -15"><span class='ocrx_word' id='word_1_202' title='bbox 314 1729 392 1767; x_wconf 81' lang='grc' dir='ltr'><strong><em>θεν</em></strong></span> <span class='ocrx_word' id='word_1_203' title='bbox 410 1726 732 1780; x_wconf 70' lang='grc' dir='ltr'><strong><em>διαλοιδορηθεὶς</em></strong></span> <span class='ocrx_word' id='word_1_204' title='bbox 750 1728 805 1775; x_wconf 87' lang='grc' dir='ltr'><strong><em>εἰς</em></strong></span> <span class='ocrx_word' id='word_1_205' title='bbox 820 1725 893 1779; x_wconf 83' lang='grc' dir='ltr'><strong><em>τὴν</em></strong></span> <span class='ocrx_word' id='word_1_206' title='bbox 910 1729 982 1768; x_wconf 80' lang='grc' dir='ltr'><strong><em>τοῦ</em></strong></span> <span class='ocrx_word' id='word_1_207' title='bbox 996 1726 1280 1782; x_wconf 89' lang='grc' dir='ltr'><strong><em>Μαρτινακιόυ</em></strong></span> <span class='ocrx_word' id='word_1_208' title='bbox 1298 1726 1571 1780; x_wconf 85' lang='grc' dir='ltr'><strong><em>μετατίθεται.</em></strong></span> <span class='ocrx_word' id='word_1_209' title='bbox 1637 1728 1767 1768; x_wconf 78' lang='grc' dir='ltr'><strong><em>ταῦτα</em></strong></span> 
     </span>
     <span class='ocr_line' id='line_1_24' title="bbox 315 1787 1798 1851; baseline 0.001 -16"><span class='ocrx_word' id='word_1_210' title='bbox 315 1794 360 1835; x_wconf 76' lang='grc' dir='ltr'><strong><em>δὲ</em></strong></span> <span class='ocrx_word' id='word_1_211' title='bbox 381 1791 567 1851; x_wconf 77' lang='grc' dir='ltr'><strong><em>ἐπράχθη</em></strong></span> <span class='ocrx_word' id='word_1_212' title='bbox 588 1791 709 1847; x_wconf 88' lang='grc' dir='ltr'><strong><em>μήπω</em></strong></span> <span class='ocrx_word' id='word_1_213' title='bbox 731 1797 802 1849; x_wconf 80' lang='grc' dir='ltr'><strong><em>τῆς</em></strong></span> <span class='ocrx_word' id='word_1_214' title='bbox 821 1792 1042 1850; x_wconf 80' lang='grc' dir='ltr'><strong><em>ὡρισμένης</em></strong></span> <span class='ocrx_word' id='word_1_215' title='bbox 1063 1795 1316 1851; x_wconf 86' lang='grc' dir='ltr'><strong><em>προθεσμίας</em></strong></span> <span class='ocrx_word' id='word_1_216' title='bbox 1336 1793 1448 1850; x_wconf 79' lang='grc' dir='ltr'><strong><em>παρὰ</em></strong></span> <span class='ocrx_word' id='word_1_217' title='bbox 1471 1797 1542 1836; x_wconf 82' lang='grc' dir='ltr'><strong><em>τοῦ</em></strong></span> <span class='ocrx_word' id='word_1_218' title='bbox 1560 1809 1768 1849; x_wconf 85' lang='grc' dir='ltr'><strong><em>μητροπο-</em></strong></span> <span class='ocrx_word' id='word_1_219' title='bbox 1791 1787 1798 1837; x_wconf 30' lang='lat'><strong><em>¹.</em></strong></span> 
     </span>
     <span class='ocr_line' id='line_1_25' title="bbox 315 1860 1766 1918; baseline 0.002 -15"><span class='ocrx_word' id='word_1_220' title='bbox 315 1863 426 1904; x_wconf 88' lang='grc' dir='ltr'><strong><em>λίτου</em></strong></span> <span class='ocrx_word' id='word_1_221' title='bbox 458 1860 773 1918; x_wconf 82' lang='grc' dir='ltr'><strong><em>διαδραμούσης.</em></strong></span> <span class='ocrx_word' id='word_1_222' title='bbox 841 1863 999 1918; x_wconf 78' lang='grc' dir='ltr'><strong><em>ἐποίησε</em></strong></span> <span class='ocrx_word' id='word_1_223' title='bbox 1025 1863 1071 1905; x_wconf 80' lang='grc' dir='ltr'><strong><em>δὲ</em></strong></span> <span class='ocrx_word' id='word_1_224' title='bbox 1096 1863 1190 1906; x_wconf 72' lang='grc' dir='ltr'><strong><em>ἀντ’</em></strong></span> <span class='ocrx_word' id='word_1_225' title='bbox 1222 1862 1347 1906; x_wconf 79' lang='grc' dir='ltr'><strong><em>αὐτοῦ</em></strong></span> <span class='ocrx_word' id='word_1_226' title='bbox 1370 1861 1441 1906; x_wconf 84' lang='grc' dir='ltr'><strong><em>τὸν</em></strong></span> <span class='ocrx_word' id='word_1_227' title='bbox 1462 1863 1766 1910; x_wconf 85' lang='grc' dir='ltr'><strong><em>Κωνσταντΐνον</em></strong></span> 
     </span>
    </p>
   </div>
   <div class='ocr_carea' id='block_1_3' title="bbox 408 1966 1071 2011">
    <p class='ocr_par' dir='ltr' id='par_1_3' title="bbox 408 1966 1071 2011">
     <span class='ocr_line' id='line_1_26' title="bbox 408 1966 1071 2011; baseline 0.002 -7"><span class='ocrx_word' id='word_1_228' title='bbox 408 1969 431 2004; x_wconf 90' lang='grc'><strong>8</strong></span> <span class='ocrx_word' id='word_1_229' title='bbox 454 1966 706 2004; x_wconf 83' lang='grc' dir='ltr'><strong><em>παντολέοντα</em></strong></span> <span class='ocrx_word' id='word_1_230' title='bbox 728 1969 759 2005; x_wconf 83' lang='lat' dir='ltr'>C</span> <span class='ocrx_word' id='word_1_231' title='bbox 897 1971 941 2006; x_wconf 88' lang='grc'><strong><em>10</em></strong></span> <span class='ocrx_word' id='word_1_232' title='bbox 963 1968 1015 2011; x_wconf 79' lang='grc' dir='ltr'><strong><em>εἰς</em></strong></span> <span class='ocrx_word' id='word_1_233' title='bbox 1040 1969 1071 2005; x_wconf 88' lang='lat' dir='ltr'>C</span> 
     </span>
    </p>
   </div>
   <div class='ocr_carea' id='block_1_4' title="bbox 310 2057 1767 2884">
    <p class='ocr_par' dir='ltr' id='par_1_4' title="bbox 316 2057 1764 2108">
     <span class='ocr_line' id='line_1_27' title="bbox 316 2057 1764 2108; baseline 0 -13"><span class='ocrx_word' id='word_1_234' title='bbox 316 2059 554 2106; x_wconf 82' lang='lat' dir='ltr'><strong>consignatum</strong></span> <span class='ocrx_word' id='word_1_235' title='bbox 587 2059 625 2094; x_wconf 88' lang='lat' dir='ltr'><strong><em>in</em></strong></span> <span class='ocrx_word' id='word_1_236' title='bbox 655 2059 836 2095; x_wconf 86' lang='lat' dir='ltr'><strong>Mitatorio</strong></span> <span class='ocrx_word' id='word_1_237' title='bbox 869 2060 1002 2096; x_wconf 88' lang='lat' dir='ltr'><strong>abiicit.</strong></span> <span class='ocrx_word' id='word_1_238' title='bbox 1047 2062 1235 2108; x_wconf 86' lang='lat' dir='ltr'><strong>imperator</strong></span> <span class='ocrx_word' id='word_1_239' title='bbox 1265 2059 1402 2107; x_wconf 87' lang='lat' dir='ltr'><strong>publice</strong></span> <span class='ocrx_word' id='word_1_240' title='bbox 1433 2057 1471 2095; x_wconf 85' lang='lat' dir='ltr'><strong><em>in</em></strong></span> <span class='ocrx_word' id='word_1_241' title='bbox 1496 2070 1654 2106; x_wconf 84' lang='lat' dir='ltr'><strong>magnum</strong></span> <span class='ocrx_word' id='word_1_242' title='bbox 1675 2062 1764 2095; x_wconf 90' lang='lat' dir='ltr'><strong>tem-</strong></span> 
     </span>
    </p>

    <p class='ocr_par' dir='ltr' id='par_1_5' title="bbox 310 2106 1767 2884">
     <span class='ocr_line' id='line_1_28' title="bbox 343 2106 1766 2152; baseline 0 -12"><span class='ocrx_word' id='word_1_243' title='bbox 343 2107 410 2141; x_wconf 92' lang='lat' dir='ltr'><strong>lum</strong></span> <span class='ocrx_word' id='word_1_244' title='bbox 442 2117 666 2152; x_wconf 83' lang='lat' dir='ltr'><strong>progressus,</strong></span> <span class='ocrx_word' id='word_1_245' title='bbox 701 2118 776 2141; x_wconf 91' lang='lat' dir='ltr'><strong><em>cum</em></strong></span> <span class='ocrx_word' id='word_1_246' title='bbox 809 2107 846 2141; x_wconf 88' lang='lat' dir='ltr'><strong><em>in</em></strong></span> <span class='ocrx_word' id='word_1_247' title='bbox 878 2107 1094 2142; x_wconf 86' lang='lat' dir='ltr'><strong>Mitatorium</strong></span> <span class='ocrx_word' id='word_1_248' title='bbox 1125 2108 1298 2151; x_wconf 81' lang='lat' dir='ltr'><strong>venisset,</strong></span> <span class='ocrx_word' id='word_1_249' title='bbox 1334 2118 1403 2152; x_wconf 87' lang='lat' dir='ltr'><strong><em>quo</em></strong></span> <span class='ocrx_word' id='word_1_250' title='bbox 1434 2106 1511 2140; x_wconf 89' lang='lat' dir='ltr'><strong>loco</strong></span> <span class='ocrx_word' id='word_1_251' title='bbox 1545 2107 1766 2152; x_wconf 81' lang='lat' dir='ltr'><strong>precabatur,</strong></span> 
     </span>
     <span class='ocr_line' id='line_1_29' title="bbox 315 2120 1766 2198; baseline -0.001 -10"><span class='ocrx_word' id='word_1_252' title='bbox 315 2120 465 2188; x_wconf 67' lang='lat' dir='ltr'><strong>libellum</strong></span> <span class='ocrx_word' id='word_1_253' title='bbox 497 2152 632 2186; x_wconf 90' lang='lat' dir='ltr'><strong>invenit</strong></span> <span class='ocrx_word' id='word_1_254' title='bbox 661 2164 702 2187; x_wconf 86' lang='lat' dir='ltr'><strong><em>ac</em></strong></span> <span class='ocrx_word' id='word_1_255' title='bbox 731 2152 829 2197; x_wconf 85' lang='lat' dir='ltr'><strong>legit.</strong></span> <span class='ocrx_word' id='word_1_256' title='bbox 877 2166 920 2188; x_wconf 86' lang='lat' dir='ltr'><strong><em>ea</em></strong></span> <span class='ocrx_word' id='word_1_257' title='bbox 951 2165 1009 2188; x_wconf 81' lang='lat' dir='ltr'><strong><em>res</em></strong></span> <span class='ocrx_word' id='word_1_258' title='bbox 1038 2165 1098 2188; x_wconf 85' lang='lat' dir='ltr'><strong><em>eos</em></strong></span> <span class='ocrx_word' id='word_1_259' title='bbox 1125 2154 1184 2198; x_wconf 90' lang='lat' dir='ltr'><strong><em>qui</em></strong></span> <span class='ocrx_word' id='word_1_260' title='bbox 1207 2153 1354 2187; x_wconf 77' lang='lat' dir='ltr'><strong>aderant</strong></span> <span class='ocrx_word' id='word_1_261' title='bbox 1374 2153 1412 2186; x_wconf 92' lang='lat' dir='ltr'><strong><em>in</em></strong></span> <span class='ocrx_word' id='word_1_262' title='bbox 1435 2163 1589 2196; x_wconf 78' lang='lat' dir='ltr'><strong>magnam</strong></span> <span class='ocrx_word' id='word_1_263' title='bbox 1615 2152 1766 2186; x_wconf 78' lang='lat' dir='ltr'><strong>coniecit</strong></span> 
     </span>
     <span class='ocr_line' id='line_1_30' title="bbox 314 2197 1764 2244; baseline -0.001 -11"><span class='ocrx_word' id='word_1_264' title='bbox 314 2198 585 2242; x_wconf 76' lang='lat' dir='ltr'><strong>solicitudinem,</strong></span> <span class='ocrx_word' id='word_1_265' title='bbox 609 2202 713 2244; x_wconf 85' lang='lat' dir='ltr'><strong>atque</strong></span> <span class='ocrx_word' id='word_1_266' title='bbox 735 2198 805 2244; x_wconf 84' lang='lat' dir='ltr'><strong>ipsi</strong></span> <span class='ocrx_word' id='word_1_267' title='bbox 827 2198 928 2234; x_wconf 82' lang='lat' dir='ltr'><strong>etiam</strong></span> <span class='ocrx_word' id='word_1_268' title='bbox 951 2200 1062 2234; x_wconf 83' lang='lat' dir='ltr'>Leoni</span> <span class='ocrx_word' id='word_1_269' title='bbox 1086 2211 1200 2234; x_wconf 90' lang='lat' dir='ltr'><strong>curam</strong></span> <span class='ocrx_word' id='word_1_270' title='bbox 1223 2198 1339 2233; x_wconf 85' lang='lat' dir='ltr'><strong>attulit</strong></span> <span class='ocrx_word' id='word_1_271' title='bbox 1364 2203 1541 2233; x_wconf 78' lang='lat' dir='ltr'><strong>auctorem</strong></span> <span class='ocrx_word' id='word_1_272' title='bbox 1561 2197 1764 2242; x_wconf 84' lang='lat' dir='ltr'><strong>quaerendi.</strong></span> 
     </span>
     <span class='ocr_line' id='line_1_31' title="bbox 316 2243 1765 2289; baseline -0.001 -10"><span class='ocrx_word' id='word_1_273' title='bbox 316 2246 380 2280; x_wconf 88' lang='lat' dir='ltr'><strong><em>sub</em></strong></span> <span class='ocrx_word' id='word_1_274' title='bbox 412 2244 503 2278; x_wconf 88' lang='lat' dir='ltr'><strong>idem</strong></span> <span class='ocrx_word' id='word_1_275' title='bbox 529 2250 664 2289; x_wconf 87' lang='lat' dir='ltr'><strong>tempus</strong></span> <span class='ocrx_word' id='word_1_276' title='bbox 697 2244 798 2279; x_wconf 87' lang='lat' dir='ltr'><strong>lunae</strong></span> <span class='ocrx_word' id='word_1_277' title='bbox 829 2246 985 2280; x_wconf 83' lang='lat' dir='ltr'><strong>desectus</strong></span> <span class='ocrx_word' id='word_1_278' title='bbox 1015 2245 1181 2280; x_wconf 80' lang='lat' dir='ltr'><strong>maximus</strong></span> <span class='ocrx_word' id='word_1_279' title='bbox 1211 2244 1290 2278; x_wconf 84' lang='lat' dir='ltr'><strong>fuit.</strong></span> <span class='ocrx_word' id='word_1_280' title='bbox 1350 2250 1387 2278; x_wconf 87' lang='lat' dir='ltr'><strong><em>et</em></strong></span> <span class='ocrx_word' id='word_1_281' title='bbox 1407 2243 1481 2278; x_wconf 87' lang='lat' dir='ltr'><strong><em>Leo</em></strong></span> <span class='ocrx_word' id='word_1_282' title='bbox 1505 2243 1765 2287; x_wconf 72' lang='lat' dir='ltr'><strong>synnadensem</strong></span> 
     </span>
     <span class='ocr_line' id='line_1_32' title="bbox 313 2288 1767 2335; baseline -0.001 -11"><span class='ocrx_word' id='word_1_283' title='bbox 313 2291 583 2335; x_wconf 78' lang='lat' dir='ltr'><strong>metropolitam,</strong></span> <span class='ocrx_word' id='word_1_284' title='bbox 611 2289 856 2326; x_wconf 81' lang='lat' dir='ltr'><strong>Pantaleonem</strong></span> <span class='ocrx_word' id='word_1_285' title='bbox 879 2292 1037 2335; x_wconf 88' lang='lat' dir='ltr'><strong>nomine,</strong></span> <span class='ocrx_word' id='word_1_286' title='bbox 1062 2290 1293 2326; x_wconf 82' lang='lat' dir='ltr'><strong>astronomica</strong></span> <span class='ocrx_word' id='word_1_287' title='bbox 1315 2290 1479 2324; x_wconf 86' lang='lat' dir='ltr'><strong>imbutum</strong></span> <span class='ocrx_word' id='word_1_288' title='bbox 1501 2289 1650 2325; x_wconf 72' lang='lat' dir='ltr'><strong>scientia</strong></span> <span class='ocrx_word' id='word_1_289' title='bbox 1671 2288 1767 2324; x_wconf 73' lang='lat' dir='ltr'><strong>ucci-</strong></span> 
     </span>
     <span class='ocr_line' id='line_1_33' title="bbox 310 2336 1765 2382; baseline 0 -12"><span class='ocrx_word' id='word_1_290' title='bbox 310 2336 385 2380; x_wconf 86' lang='lat' dir='ltr'><strong>vit,</strong></span> <span class='ocrx_word' id='word_1_291' title='bbox 409 2342 448 2370; x_wconf 90' lang='lat' dir='ltr'><strong>ut</strong></span> <span class='ocrx_word' id='word_1_292' title='bbox 474 2348 517 2370; x_wconf 83' lang='lat' dir='ltr'><strong><em>ex</em></strong></span> <span class='ocrx_word' id='word_1_293' title='bbox 541 2348 582 2370; x_wconf 92' lang='lat' dir='ltr'><strong><em>eo</em></strong></span> <span class='ocrx_word' id='word_1_294' title='bbox 607 2336 751 2381; x_wconf 79' lang='lat' dir='ltr'><strong>deliquii</strong></span> <span class='ocrx_word' id='word_1_295' title='bbox 775 2336 849 2371; x_wconf 88' lang='lat' dir='ltr'><strong>eius</strong></span> <span class='ocrx_word' id='word_1_296' title='bbox 873 2337 950 2382; x_wconf 89' lang='lat' dir='ltr'><strong>quis</strong></span> <span class='ocrx_word' id='word_1_297' title='bbox 973 2338 1109 2372; x_wconf 78' lang='lat' dir='ltr'><strong>futurus</strong></span> <span class='ocrx_word' id='word_1_298' title='bbox 1129 2342 1224 2371; x_wconf 86' lang='lat' dir='ltr'><strong>esset</strong></span> <span class='ocrx_word' id='word_1_299' title='bbox 1242 2336 1388 2371; x_wconf 84' lang='lat' dir='ltr'><strong>effectus</strong></span> <span class='ocrx_word' id='word_1_300' title='bbox 1405 2340 1643 2379; x_wconf 79' lang='lat' dir='ltr'><strong>cognosceret.</strong></span> <span class='ocrx_word' id='word_1_301' title='bbox 1688 2345 1765 2370; x_wconf 83' lang='lat' dir='ltr'><strong><em>eum</em></strong></span> 
     </span>
     <span class='ocr_line' id='line_1_34' title="bbox 311 2379 1767 2429; baseline -0.002 -12"><span class='ocrx_word' id='word_1_302' title='bbox 311 2383 356 2417; x_wconf 87' lang='lat' dir='ltr'><strong>ad</strong></span> <span class='ocrx_word' id='word_1_303' title='bbox 379 2393 494 2426; x_wconf 86' lang='lat' dir='ltr'><strong>regem</strong></span> <span class='ocrx_word' id='word_1_304' title='bbox 516 2382 701 2416; x_wconf 83' lang='lat' dir='ltr'><strong>intrantem</strong></span> <span class='ocrx_word' id='word_1_305' title='bbox 725 2383 892 2417; x_wconf 86' lang='lat' dir='ltr'><strong>Samonas</strong></span> <span class='ocrx_word' id='word_1_306' title='bbox 916 2388 1138 2429; x_wconf 86' lang='lat' dir='ltr'><strong>percontatus</strong></span> <span class='ocrx_word' id='word_1_307' title='bbox 1168 2386 1222 2417; x_wconf 81' lang='lat' dir='ltr'><strong><em>est</em></strong></span> <span class='ocrx_word' id='word_1_308' title='bbox 1249 2383 1382 2417; x_wconf 81' lang='lat' dir='ltr'><strong>cuinam</strong></span> <span class='ocrx_word' id='word_1_309' title='bbox 1406 2382 1555 2416; x_wconf 82' lang='lat' dir='ltr'><strong>adversa</strong></span> <span class='ocrx_word' id='word_1_310' title='bbox 1575 2379 1767 2426; x_wconf 79' lang='lat' dir='ltr'><strong>portende-</strong></span> 
     </span>
     <span class='ocr_line' id='line_1_35' title="bbox 311 2424 1765 2480; baseline -0.002 -18"><span class='ocrx_word' id='word_1_311' title='bbox 311 2433 445 2462; x_wconf 86' lang='lat' dir='ltr'><strong>rentur.</strong></span> <span class='ocrx_word' id='word_1_312' title='bbox 491 2428 740 2473; x_wconf 85' lang='lat' dir='ltr'><strong>responditque</strong></span> <span class='ocrx_word' id='word_1_313' title='bbox 773 2425 874 2463; x_wconf 73' lang='lat' dir='ltr'><strong>“tibi.</strong></span> <span class='ocrx_word' id='word_1_314' title='bbox 922 2429 984 2465; x_wconf 86' lang='lat' dir='ltr'><strong><em>sed</em></strong></span> <span class='ocrx_word' id='word_1_315' title='bbox 1016 2434 1131 2463; x_wconf 86' lang='lat' dir='ltr'><strong>tamen</strong></span> <span class='ocrx_word' id='word_1_316' title='bbox 1159 2427 1191 2462; x_wconf 85' lang='lat' dir='ltr'><strong><em>si</em></strong></span> <span class='ocrx_word' id='word_1_317' title='bbox 1223 2428 1266 2463; x_wconf 85' lang='lat'><strong><em>13</em></strong></span> <span class='ocrx_word' id='word_1_318' title='bbox 1296 2427 1388 2462; x_wconf 88' lang='lat' dir='ltr'><strong>Iunii</strong></span> <span class='ocrx_word' id='word_1_319' title='bbox 1417 2426 1507 2461; x_wconf 87' lang='lat' dir='ltr'><strong>diem</strong></span> <span class='ocrx_word' id='word_1_320' title='bbox 1531 2424 1765 2480; x_wconf 75' lang='lat' dir='ltr'><strong>superaveris,</strong></span> 
     </span>
     <span class='ocr_line' id='line_1_36' title="bbox 311 2471 1765 2520; baseline -0.001 -13"><span class='ocrx_word' id='word_1_321' title='bbox 311 2473 397 2507; x_wconf 85' lang='lat' dir='ltr'><strong>nihil</strong></span> <span class='ocrx_word' id='word_1_322' title='bbox 420 2473 545 2507; x_wconf 87' lang='lat' dir='ltr'><strong>deinde</strong></span> <span class='ocrx_word' id='word_1_323' title='bbox 568 2473 648 2507; x_wconf 84' lang='lat' dir='ltr'><strong>mali</strong></span> <span class='ocrx_word' id='word_1_324' title='bbox 671 2473 737 2508; x_wconf 89' lang='lat' dir='ltr'><strong>tibi</strong></span> <span class='ocrx_word' id='word_1_325' title='bbox 760 2471 933 2511; x_wconf 87' lang='lat' dir='ltr'><strong>eveniet.”</strong></span> <span class='ocrx_word' id='word_1_326' title='bbox 979 2476 1022 2509; x_wconf 88' lang='lat' dir='ltr'><strong>ab</strong></span> <span class='ocrx_word' id='word_1_327' title='bbox 1057 2474 1266 2520; x_wconf 80' lang='lat' dir='ltr'><strong>imperatore</strong></span> <span class='ocrx_word' id='word_1_328' title='bbox 1295 2473 1339 2507; x_wconf 85' lang='lat' dir='ltr'><strong><em>de</em></strong></span> <span class='ocrx_word' id='word_1_329' title='bbox 1366 2473 1486 2508; x_wconf 84' lang='lat' dir='ltr'><strong>eadem</strong></span> <span class='ocrx_word' id='word_1_330' title='bbox 1507 2483 1548 2506; x_wconf 78' lang='lat' dir='ltr'><strong><em>re</em></strong></span> <span class='ocrx_word' id='word_1_331' title='bbox 1568 2477 1765 2515; x_wconf 75' lang='lat' dir='ltr'><strong>interroga-</strong></span> 
     </span>
     <span class='ocr_line' id='line_1_37' title="bbox 312 2516 1765 2565; baseline -0.001 -14"><span class='ocrx_word' id='word_1_332' title='bbox 312 2523 388 2562; x_wconf 85' lang='lat' dir='ltr'><strong>tus,</strong></span> <span class='ocrx_word' id='word_1_333' title='bbox 420 2519 597 2563; x_wconf 85' lang='lat' dir='ltr'><strong>proximae</strong></span> <span class='ocrx_word' id='word_1_334' title='bbox 632 2521 675 2554; x_wconf 83' lang='lat' dir='ltr'><strong>ab</strong></span> <span class='ocrx_word' id='word_1_335' title='bbox 706 2520 917 2565; x_wconf 88' lang='lat' dir='ltr'><strong>imperatore</strong></span> <span class='ocrx_word' id='word_1_336' title='bbox 945 2531 1116 2565; x_wconf 85' lang='lat' dir='ltr'><strong>personae</strong></span> <span class='ocrx_word' id='word_1_337' title='bbox 1147 2519 1343 2554; x_wconf 84' lang='lat' dir='ltr'><strong>denuntiari</strong></span> <span class='ocrx_word' id='word_1_338' title='bbox 1366 2518 1489 2554; x_wconf 86' lang='lat' dir='ltr'><strong>malum</strong></span> <span class='ocrx_word' id='word_1_339' title='bbox 1510 2516 1613 2557; x_wconf 78' lang='lat' dir='ltr'><strong>dixit.</strong></span> <span class='ocrx_word' id='word_1_340' title='bbox 1658 2516 1765 2562; x_wconf 87' lang='lat' dir='ltr'><strong>idque</strong></span> 
     </span>
     <span class='ocr_line' id='line_1_38' title="bbox 313 2561 1764 2611; baseline -0.002 -13"><span class='ocrx_word' id='word_1_341' title='bbox 313 2564 357 2599; x_wconf 88' lang='lat' dir='ltr'><strong><em>de</em></strong></span> <span class='ocrx_word' id='word_1_342' title='bbox 380 2565 490 2598; x_wconf 86' lang='lat' dir='ltr'><strong>fratre</strong></span> <span class='ocrx_word' id='word_1_343' title='bbox 512 2576 573 2598; x_wconf 80' lang='lat' dir='ltr'><strong><em>suo</em></strong></span> <span class='ocrx_word' id='word_1_344' title='bbox 597 2564 792 2600; x_wconf 86' lang='lat' dir='ltr'><strong>Alexandro</strong></span> <span class='ocrx_word' id='word_1_345' title='bbox 818 2565 956 2611; x_wconf 85' lang='lat' dir='ltr'><strong>accepit</strong></span> <span class='ocrx_word' id='word_1_346' title='bbox 977 2566 1072 2599; x_wconf 86' lang='lat' dir='ltr'><strong>Leo:</strong></span> <span class='ocrx_word' id='word_1_347' title='bbox 1103 2565 1165 2600; x_wconf 86' lang='lat' dir='ltr'><strong><em>sed</em></strong></span> <span class='ocrx_word' id='word_1_348' title='bbox 1189 2565 1266 2610; x_wconf 89' lang='lat' dir='ltr'><strong>quis</strong></span> <span class='ocrx_word' id='word_1_349' title='bbox 1290 2565 1396 2599; x_wconf 84' lang='lat' dir='ltr'><strong>fuerit</strong></span> <span class='ocrx_word' id='word_1_350' title='bbox 1417 2561 1664 2609; x_wconf 81' lang='lat' dir='ltr'><strong>praedictionis</strong></span> <span class='ocrx_word' id='word_1_351' title='bbox 1687 2562 1764 2596; x_wconf 84' lang='lat' dir='ltr'><strong>exi-</strong></span> 
     </span>
     <span class='ocr_line' id='line_1_39' title="bbox 312 2607 1765 2656; baseline -0.001 -12"><span class='ocrx_word' id='word_1_352' title='bbox 312 2615 388 2653; x_wconf 89' lang='lat' dir='ltr'><strong>tus,</strong></span> <span class='ocrx_word' id='word_1_353' title='bbox 420 2621 500 2643; x_wconf 89' lang='lat' dir='ltr'><strong>mox</strong></span> <span class='ocrx_word' id='word_1_354' title='bbox 527 2610 691 2645; x_wconf 82' lang='lat' dir='ltr'><strong>dicemus.</strong></span> <span class='ocrx_word' id='word_1_355' title='bbox 740 2612 865 2646; x_wconf 84' lang='lat' dir='ltr'><strong>etenim</strong></span> <span class='ocrx_word' id='word_1_356' title='bbox 888 2612 982 2656; x_wconf 84' lang='lat' dir='ltr'><strong>Leo,</strong></span> <span class='ocrx_word' id='word_1_357' title='bbox 1020 2623 1094 2646; x_wconf 92' lang='lat' dir='ltr'><strong><em>cum</em></strong></span> <span class='ocrx_word' id='word_1_358' title='bbox 1119 2623 1195 2646; x_wconf 87' lang='lat' dir='ltr'><strong><em>eum</em></strong></span> <span class='ocrx_word' id='word_1_359' title='bbox 1220 2609 1410 2645; x_wconf 69' lang='lat' dir='ltr'><strong>Michaelus</strong></span> <span class='ocrx_word' id='word_1_360' title='bbox 1434 2607 1595 2643; x_wconf 80' lang='lat' dir='ltr'><strong>Tziritho</strong></span> <span class='ocrx_word' id='word_1_361' title='bbox 1618 2607 1765 2642; x_wconf 74' lang='lat' dir='ltr'><strong>seorsim</strong></span> 
     </span>
     <span class='ocr_line' id='line_1_40' title="bbox 312 2653 1766 2699; baseline -0.002 -9"><span class='ocrx_word' id='word_1_362' title='bbox 312 2665 519 2699; x_wconf 82' lang='lat' dir='ltr'><strong>congressus</strong></span> <span class='ocrx_word' id='word_1_363' title='bbox 543 2656 730 2691; x_wconf 89' lang='lat' dir='ltr'><strong>monuisset</strong></span> <span class='ocrx_word' id='word_1_364' title='bbox 753 2657 859 2692; x_wconf 82' lang='lat' dir='ltr'><strong>libelli</strong></span> <span class='ocrx_word' id='word_1_365' title='bbox 881 2658 1021 2692; x_wconf 84' lang='lat' dir='ltr'><strong>infamis</strong></span> <span class='ocrx_word' id='word_1_366' title='bbox 1041 2664 1215 2692; x_wconf 86' lang='lat' dir='ltr'><strong>auctorem</strong></span> <span class='ocrx_word' id='word_1_367' title='bbox 1242 2667 1319 2690; x_wconf 81' lang='lat' dir='ltr'><strong>esse</strong></span> <span class='ocrx_word' id='word_1_368' title='bbox 1339 2655 1540 2698; x_wconf 87' lang='lat' dir='ltr'><strong>Samonam,</strong></span> <span class='ocrx_word' id='word_1_369' title='bbox 1566 2653 1682 2688; x_wconf 77' lang='lat' dir='ltr'><strong>statim</strong></span> <span class='ocrx_word' id='word_1_370' title='bbox 1700 2654 1766 2688; x_wconf 89' lang='lat' dir='ltr'><strong><em>do—</em></strong></span> 
     </span>
     <span class='ocr_line' id='line_1_41' title="bbox 315 2699 1765 2746; baseline -0.002 -11"><span class='ocrx_word' id='word_1_371' title='bbox 315 2713 404 2735; x_wconf 91' lang='lat' dir='ltr'><strong><em>mum</em></strong></span> <span class='ocrx_word' id='word_1_372' title='bbox 427 2711 521 2734; x_wconf 89' lang='lat' dir='ltr'><strong>suam</strong></span> <span class='ocrx_word' id='word_1_373' title='bbox 544 2703 721 2746; x_wconf 86' lang='lat' dir='ltr'><strong>deportari</strong></span> <span class='ocrx_word' id='word_1_374' title='bbox 744 2703 926 2738; x_wconf 80' lang='lat' dir='ltr'><strong>Samonam</strong></span> <span class='ocrx_word' id='word_1_375' title='bbox 949 2709 986 2738; x_wconf 77' lang='lat' dir='ltr'><strong><em>et</em></strong></span> <span class='ocrx_word' id='word_1_376' title='bbox 1006 2703 1163 2737; x_wconf 87' lang='lat' dir='ltr'><strong>monachi</strong></span> <span class='ocrx_word' id='word_1_377' title='bbox 1185 2702 1222 2736; x_wconf 84' lang='lat' dir='ltr'><strong><em>in</em></strong></span> <span class='ocrx_word' id='word_1_378' title='bbox 1245 2712 1370 2735; x_wconf 86' lang='lat' dir='ltr'><strong>morem</strong></span> <span class='ocrx_word' id='word_1_379' title='bbox 1392 2699 1470 2743; x_wconf 74' lang='lat' dir='ltr'><strong>radi</strong></span> <span class='ocrx_word' id='word_1_380' title='bbox 1491 2699 1613 2744; x_wconf 84' lang='lat' dir='ltr'><strong>iussit,</strong></span> <span class='ocrx_word' id='word_1_381' title='bbox 1639 2699 1765 2734; x_wconf 85' lang='lat' dir='ltr'><strong>deinde</strong></span> 
     </span>
     <span class='ocr_line' id='line_1_42' title="bbox 313 2744 1764 2791; baseline -0.001 -11"><span class='ocrx_word' id='word_1_382' title='bbox 313 2746 352 2780; x_wconf 85' lang='lat' dir='ltr'><strong><em>in</em></strong></span> <span class='ocrx_word' id='word_1_383' title='bbox 372 2746 553 2790; x_wconf 86' lang='lat' dir='ltr'><strong>Euthymii</strong></span> <span class='ocrx_word' id='word_1_384' title='bbox 575 2748 791 2791; x_wconf 87' lang='lat' dir='ltr'><strong>patriarchae</strong></span> <span class='ocrx_word' id='word_1_385' title='bbox 814 2748 1058 2784; x_wconf 86' lang='lat' dir='ltr'><strong>monasterium</strong></span> <span class='ocrx_word' id='word_1_386' title='bbox 1079 2748 1218 2791; x_wconf 87' lang='lat' dir='ltr'><strong>deduci,</strong></span> <span class='ocrx_word' id='word_1_387' title='bbox 1243 2747 1393 2790; x_wconf 90' lang='lat' dir='ltr'><strong>indeque</strong></span> <span class='ocrx_word' id='word_1_388' title='bbox 1417 2744 1584 2779; x_wconf 83' lang='lat' dir='ltr'><strong>conviciis</strong></span> <span class='ocrx_word' id='word_1_389' title='bbox 1610 2744 1764 2791; x_wconf 75' lang='lat' dir='ltr'><strong>proscis-</strong></span> 
     </span>
     <span class='ocr_line' id='line_1_43' title="bbox 314 2789 1764 2831; baseline -0.002 -4"><span class='ocrx_word' id='word_1_390' title='bbox 314 2802 387 2827; x_wconf 79' lang='lat' dir='ltr'><strong>sum</strong></span> <span class='ocrx_word' id='word_1_391' title='bbox 409 2792 445 2825; x_wconf 91' lang='lat' dir='ltr'><strong><em>in</em></strong></span> <span class='ocrx_word' id='word_1_392' title='bbox 468 2793 747 2828; x_wconf 83' lang='lat' dir='ltr'><strong>Martinaciorum</strong></span> <span class='ocrx_word' id='word_1_393' title='bbox 769 2795 964 2831; x_wconf 86' lang='lat' dir='ltr'><strong>transferri.</strong></span> <span class='ocrx_word' id='word_1_394' title='bbox 1012 2806 1052 2828; x_wconf 88' lang='lat' dir='ltr'><strong><em>ea</em></strong></span> <span class='ocrx_word' id='word_1_395' title='bbox 1071 2793 1185 2828; x_wconf 89' lang='lat' dir='ltr'><strong>omnia</strong></span> <span class='ocrx_word' id='word_1_396' title='bbox 1207 2797 1287 2826; x_wconf 87' lang='lat' dir='ltr'><strong>acta</strong></span> <span class='ocrx_word' id='word_1_397' title='bbox 1308 2796 1389 2826; x_wconf 88' lang='lat' dir='ltr'><strong>ante</strong></span> <span class='ocrx_word' id='word_1_398' title='bbox 1407 2791 1497 2825; x_wconf 88' lang='lat' dir='ltr'><strong>diem</strong></span> <span class='ocrx_word' id='word_1_399' title='bbox 1515 2802 1536 2825; x_wconf 88' lang='lat' dir='ltr'><strong>a</strong></span> <span class='ocrx_word' id='word_1_400' title='bbox 1553 2789 1764 2825; x_wconf 83' lang='lat' dir='ltr'><strong>Pantaleone</strong></span> 
     </span>
     <span class='ocr_line' id='line_1_44' title="bbox 313 2835 1764 2884; baseline -0.001 -12"><span class='ocrx_word' id='word_1_401' title='bbox 313 2837 541 2884; x_wconf 77' lang='lat' dir='ltr'><strong>designatum.</strong></span> <span class='ocrx_word' id='word_1_402' title='bbox 586 2838 851 2876; x_wconf 77' lang='lat' dir='ltr'><strong>Constantinum</strong></span> <span class='ocrx_word' id='word_1_403' title='bbox 874 2841 951 2876; x_wconf 91' lang='lat' dir='ltr'><strong>loco</strong></span> <span class='ocrx_word' id='word_1_404' title='bbox 974 2840 1146 2876; x_wconf 85' lang='lat' dir='ltr'><strong>Samonae</strong></span> <span class='ocrx_word' id='word_1_405' title='bbox 1166 2838 1322 2875; x_wconf 78' lang='lat' dir='ltr'><strong>intimum</strong></span> <span class='ocrx_word' id='word_1_406' title='bbox 1344 2836 1590 2873; x_wconf 79' lang='lat' dir='ltr'><strong>cubicularium</strong></span> <span class='ocrx_word' id='word_1_407' title='bbox 1611 2835 1687 2872; x_wconf 86' lang='lat' dir='ltr'><strong><em>Leo</em></strong></span> <span class='ocrx_word' id='word_1_408' title='bbox 1707 2835 1764 2873; x_wconf 75' lang='lat' dir='ltr'><strong><em>fe-</em></strong></span> 
     </span>
    </p>
   </div>
  </div>
 </body>
</html>
