1890 3236
285 223 348 272 38
755 221 992 268 GEORGu
1025 222 1244 267 GEDREN
1247 223 1267 267 1

283 341 458 392 ἑξοικεῖν.
540 336 633 392 ἕκτη
663 336 849 393 τυραννὶς
876 339 1118 379 σκοπεῖσθαι
1150 334 1264 393 παρὰ
1291 340 1371 379 τῶν
1402 332 1731 394 στρατηγιώντων

283 409 377 459 τοὺς
404 404 569 463 ἀθρόως
596 405 640 447 ἐκ
663 408 736 458 τῆς
763 405 960 458 πτωχείας
991 404 1330 456 ἄνακτισθίντας,
1376 407 1443 447 καὶ
1469 405 1731 450 ἀπαιτεῖσθαι

279 475 470 534 χρήματα
490 471 544 524 ὥς
565 471 726 530 εὓρετὰς
745 476 982 530 θησαυρῶν.
1049 470 1204 527 ἑβδόμη
1233 470 1427 525 κάκωσις,
1470 473 1566 524 τοὺς
1588 474 1674 531 πρὸ
1690 472 1728 518 κ’

277 544 434 600 χρόνων
454 539 669 598 εὖρηκότας
695 542 762 583 καὶ
786 542 904 596 μέχρι
926 545 999 595 τῆς
1020 542 1138 597 δεῦρο
1162 541 1287 583 πίθον
1306 539 1334 595 ἢ
1351 544 1491 592 σκεῦος
1507 539 1642 586 ὁτιοῦν
1660 544 1729 585 καὶ

279 610 427 661 αὐτοὺς
447 611 792 668 ἔξαργυρίζεσθαι.
859 608 982 665 ὀγδόη
1007 608 1167 661 ἀδικία,
1201 608 1296 659 τοὺς
1317 610 1362 651 ἐκ
1385 607 1559 653 πάππων
1578 609 1607 666 ἢ
1623 622 1762 668 προ-5

278 678 453 722 πάππων
480 676 857 735 κληρονομήσαντας
882 678 1160 734 διαιρεθέντας
1182 677 1226 720 ἐκ
1250 681 1331 720 τῶν
1362 677 1496 721 αὐτῶν
1515 675 1554 722 κ’»
1570 677 1730 737 χρόνων
1768 716 1771 719 ,

279 744 556 799 ἓξαναδιδόναι
577 751 635 804 τῷ
657 747 857 804 δημοσίῳ,
901 747 971 788 καὶ
992 745 1087 796 τοὺς
1105 745 1385 801 ὠνησαμένους
1409 744 1488 797 ἔξω
1511 750 1584 802 τῆς
1605 746 1730 802 aad·

281 818 355 859 ὁου
379 814 549 870 σώματα
566 814 740 858 οἰκετικὰ
762 814 840 856 ἀνὰ
862 811 936 856 δύο
957 815 1187 868 νομίσματα
1203 814 1360 857 τελέσαι
1375 813 1614 871 προσέταξε,
1646 815 1731 870 μά-

226 891 258 927 D
282 888 399 927 λιστα
419 883 513 934 τοὺς
535 883 639 926 κατὰ
665 883 737 938 τὴν
765 880 1055 937 δωδεκάνησον.
1121 880 1262 938 ἒννάτη
1284 880 1508 939 παράνοια,
1541 882 1639 934 τοὺς
1655 883 1731 934 τὰς

278 953 641 1010 παραθαλασσίους
658 953 884 1001 οἰκοῦντας,
924 949 1101 1004 μάλιστα
1117 955 1190 1007 τῆς
1205 954 1354 1008 μικρᾶς
1365 952 1520 1004 Ἀσίας,
1554 950 1730 1005 ναυκλῆ-
1740 963 1785 1000 10

277 1037 395 1078 ρους,
438 1021 637 1075 μηδέποτε
665 1020 888 1075 γηπονικῶς
918 1017 1135 1074 ζήσαντας,
1180 1018 1354 1069 ἄκοντας
1375 1019 1567 1062 ὠνεῖσθαι
1586 1020 1630 1062 ἔκ
1649 1025 1732 1064 τῶν

279 1089 622 1146 καθαρπαγέντιον
647 1086 748 1144 παρ’
784 1086 910 1129 αὐτοῦ
936 1084 1164 1142 κτημάτων,
1199 1085 1256 1138 ὥς
1278 1086 1329 1130 ἂν
1349 1087 1598 1142 ἔκτιμηθῶσι
1623 1087 1727 1146 παρ’

279 1157 426 1200 αὐτῶν.
493 1154 637 1210 δεκάτη
669 1155 817 1206 efflatu,
861 1154 956 1206 τούς
986 1156 1029 1197 ἐν
1060 1155 1481 1199 Κωνσταντινουπόλει
1511 1154 1731 1212 ἐπισήμους

278 1222 526 1281 ναυκλήρους
541 1222 773 1279 συναγαγών
791 1222 962 1266 δέδωκεν
978 1224 1040 1266 ἐπὶ
1059 1222 1164 1282 τόκῳ
1179 1223 1469 1281 τετρακεράτου
1486 1223 1532 1267 τὸ
1550 1222 1731 1280 νόμισμα

276 1293 355 1335 ἀνὰ
370 1293 540 1350 χρυσίου
560 1292 698 1348 λίτρας
716 1289 893 1343 δώδεκα,
928 1295 1140 1342 τελοῦντας
1156 1293 1225 1334 καὶ
1243 1293 1295 1335 τὰ
1313 1290 1472 1348 συνήθη
1491 1293 1728 1352 κομμέρκια.
1742 1302 1785 1336 15

276 1365 405 1404 ταῦτα
426 1361 470 1403 ἐκ
488 1364 568 1403 τῶν
585 1363 743 1401 πολλῶν
765 1357 821 1410 ὥς
841 1359 882 1401 ἓν
903 1361 1109 1418 κεφαλαίῳ
1128 1358 1255 1417 μικρά
1275 1378 1345 1415 μοι
1366 1361 1729 1420 ἐστηλογράφηται,

278 1430 480 1483 δηλοῦντα
502 1428 547 1471 τὸ
569 1428 671 1485 πρὸς
687 1432 768 1470 πᾶν
792 1426 896 1477 εἶδος
922 1429 1148 1479 πλεονεξίας
1171 1428 1297 1471 αὐτοῦ
1313 1427 1611 1484 πολυμήχανον.
1677 1431 1728 1473 τὰ

134 1504 164 1540 P
189 1504 257 1542 480
278 1497 356 1554 γὰρ
386 1497 490 1539 κατὰ
517 1496 589 1551 τὴν
604 1497 797 1549 βασιλίδα
816 1502 900 1546 τοῖς
919 1496 962 1538 ἐν
981 1496 1082 1539 τέλει
1108 1497 1175 1538 καὶ
1202 1496 1342 1551 μέσοις
1364 1499 1431 1539 καὶ
1453 1497 1647 1541 εὐτελέσιν
1665 1498 1729 1541 ἓν·

279 1564 490 1619 δειχθέντα
520 1563 628 1607 δεινὰ
659 1565 760 1620 παρ’
787 1563 912 1606 αὐτοῦ
931 1564 1033 1621 πέρα
1052 1569 1297 1622 συγγραφῶν
1321 1563 1418 1607 ὄντα
1446 1566 1728 1622 παρελίπομεν,

275 1631 384 1684 ὅπως
411 1632 506 1683 τοὺς
534 1632 733 1688 πονηροὺς
762 1637 842 1675 τῶν
873 1634 1034 1675 οἰκετῶν
1065 1633 1325 1686 καθυπέβαλε
1348 1640 1612 1691 συκοφαντῶν
1634 1635 1785 1686 vods-20

279 1699 432 1744 ἑαυτῶν
453 1699 670 1753 δεσπότας,
718 1699 805 1743 ὅσοι
825 1700 981 1755 δηλαδὴ
1002 1701 1044 1742 ἐν
1061 1700 1227 1759 εὐπορίᾳ
1246 1700 1398 1755 ἔτυχον,
1432 1701 1527 1752 τοὺς
1543 1703 1618 1757 μὲν
1637 1705 1729 1746 δια-

277 1767 504 1824 βάλλοντας
533 1773 652 1824 τιμῆς
682 1768 826 1821 ἀξιῶν,
879 1768 975 1819 τοὺς
1009 1769 1053 1811 δὲ
1082 1770 1423 1824 διαβαλλομένους
1451 1770 1729 1830 ἕξαργυρίζων.

278 1925 499 1967 cogerentur.
544 1925 678 1957 sextum
710 1921 925 1966 tyrannicum
953 1920 1166 1966 institutum,
1201 1923 1294 1968 quod
1317 1933 1339 1958 a
1362 1923 1581 1968 praetoribus
1601 1924 1728 1980 inspici

277 1979 336 2002 res
360 1979 477 2003 eorum
498 1966 601 2002 iussit
623 1967 683 2012 qui
709 1980 752 2002 ex
779 1967 945 2013 pauperie
975 1967 1090 2002 subito
1121 1969 1166 2002 ad
1190 1980 1274 2014 opes
1298 1969 1562 2014 pervenissent,
1595 1972 1640 2005 ab
1663 1972 1727 2006 lis-

277 2025 368 2059 que,
400 2013 510 2048 veluti
535 2014 594 2059 qui
617 2015 798 2048 thesauros
821 2013 1058 2057 invenissent,
1091 2014 1273 2058 pecuniam
1303 2014 1484 2060 postulari.
1532 2016 1728 2061 septimum,

276 2059 370 2104 quod
394 2059 548 2094 emunxit
572 2059 677 2094 etiam
699 2059 763 2093 hos
785 2058 934 2105 pecunia
965 2058 1026 2104 qui
1055 2068 1077 2093 a
1108 2059 1235 2104 viginti
1257 2065 1351 2094 retro
1372 2060 1471 2094 annis
1495 2062 1540 2096 ud
1562 2072 1729 2106 praesens

276 2116 387 2149 usque
410 2110 544 2150 tempus
569 2104 696 2140 dolium
717 2110 781 2139 aut
809 2117 871 2139 vas
899 2104 1037 2150 aliquod
1067 2104 1251 2150 aliquando
1279 2106 1508 2151 reperissent.
1554 2112 1727 2151 octavum,

275 2149 336 2195 qui
357 2151 400 2186 ab
424 2151 500 2186 avis
522 2150 579 2185 vel
601 2151 743 2198 proavis
762 2150 989 2185 hereditatem
1006 2151 1257 2196 percepissent,
1283 2151 1350 2185 etsi
1370 2162 1412 2185 ea
1428 2151 1543 2187 divisa
1559 2151 1626 2187 iam
1645 2152 1728 2188 inde

275 2206 297 2230 a
320 2198 366 2231 20
388 2196 488 2231 annis
510 2201 622 2240 esset,
647 2207 708 2231 eos
730 2197 929 2242 pensionem
952 2196 989 2229 in
1010 2196 1184 2241 publicum
1206 2198 1367 2231 conferre
1389 2197 1519 2242 coegit.
1565 2202 1675 2245 utque
1700 2198 1728 2232 ii

275 2240 336 2286 qui
360 2247 461 2276 extra
483 2242 642 2287 Abydum
665 2241 836 2288 mancipia
855 2243 1026 2284 emebant,
1053 2243 1098 2276 de
1121 2241 1266 2288 singulis
1290 2243 1358 2277 duo
1381 2243 1586 2278 nomismata
1608 2244 1726 2279 solve-

275 2291 365 2331 rent,
389 2287 534 2322 maxime
555 2287 814 2323 Dodecanesum
839 2287 907 2331 (ita
929 2287 1110 2322 duodecim
1128 2287 1315 2322 insularum
1337 2288 1463 2323 civitas
1485 2291 1648 2334 vocatur)
1670 2289 1727 2324 in-

276 2332 442 2367 colentes.
490 2345 627 2378 nonum,
651 2333 830 2368 naucleros
853 2333 1034 2377 maritima,
1060 2334 1265 2379 praesertim
1288 2334 1431 2368 minoris
1447 2334 1566 2380 Asiae,
1588 2335 1728 2370 inhabi-

276 2382 390 2412 tantes
414 2383 450 2412 et
472 2390 643 2424 nunquam
666 2379 910 2424 agriculturam
941 2385 1104 2425 expertos
1133 2379 1265 2414 invitos
1292 2380 1409 2424 coegit
1439 2391 1553 2415 emere
1627 2381 1728 2416 aedia

277 2434 367 2467 quae
390 2424 469 2457 aliis
490 2424 566 2469 ipse
589 2425 776 2470 eripuerat,
802 2424 952 2470 indeque
972 2425 1139 2460 tributum
1162 2425 1313 2460 solvere.
1361 2425 1541 2469 decimum,
1573 2426 1727 2461 ilustres

278 2468 382 2513 Cpoli
403 2469 580 2504 naucleros
602 2471 639 2505 in
662 2482 764 2505 unum
788 2470 974 2515 conduxit,
1004 2470 1120 2516 iisque
1144 2471 1324 2506 duodecim
1356 2471 1482 2517 cuique
1512 2471 1620 2507 libras
1650 2472 1727 2506 auri

276 2514 423 2548 tradidit
445 2526 487 2548 ea
507 2515 604 2560 lege,
636 2522 675 2551 ut
694 2517 731 2550 in
754 2516 890 2561 singula
911 2515 1112 2552 nomismata
1133 2527 1260 2552 usurae
1282 2517 1418 2552 nomine
1441 2522 1604 2562 quattuor
1626 2529 1727 2552 cera-

277 2559 329 2593 tia
351 2559 546 2604 solverent,
580 2573 656 2596 cum
684 2562 903 2596 nihilominus
935 2562 1071 2607 reliqua
1103 2562 1208 2597 etiam
1231 2562 1418 2608 vectigalia
1441 2562 1656 2607 navigiorum
1681 2564 1726 2597 ab

275 2604 320 2638 iis
344 2605 591 2650 penderentur.
638 2607 723 2641 haec
746 2620 788 2641 ex
812 2608 926 2642 multis
950 2619 1061 2654 pauca
1083 2608 1286 2653 compendio
1310 2608 1492 2652 annotavi,
1525 2619 1569 2642 ex
1601 2609 1726 2652 quibus

275 2650 352 2685 cius
375 2650 419 2685 ad
442 2662 541 2685 omne
563 2651 651 2687 lucri
674 2664 783 2697 genus
805 2659 1071 2688 commentorum
1091 2653 1269 2699 multiplex
1286 2654 1439 2689 varietas
1457 2654 1620 2708 cognosci
1641 2665 1726 2699 pos-

280 2695 340 2730 sit.
373 2695 547 2731 omisimus
569 2698 658 2732 enim
681 2710 767 2744 quas
790 2698 826 2732 in
848 2699 947 2743 regia
968 2701 1055 2734 urbe
1076 2699 1197 2734 summi
1217 2698 1321 2733 medii
1344 2704 1381 2733 et
1401 2698 1510 2732 infimi
1531 2699 1599 2733 loci
1622 2705 1728 2744 atque

279 2742 495 2777 condicionis
514 2743 708 2778 hominibus
729 2743 846 2777 intulit
867 2744 1032 2789 iniurias,
1066 2745 1181 2791 plures
1201 2755 1303 2789 quam
1323 2748 1363 2779 ut
1384 2743 1554 2790 perscribi
1577 2745 1727 2791 possint.

279 2788 377 2822 cuius
401 2788 539 2833 generis
559 2795 661 2834 sunt,
694 2789 785 2835 quod
805 2789 950 2824 divitum
974 2801 1096 2825 servos
1118 2790 1341 2834 subornavit,
1364 2789 1425 2835 qui
1445 2790 1536 2825 falso
1558 2800 1640 2824 suos
1663 2791 1726 2825 do-

279 2834 389 2868 minos
412 2833 556 2868 crimine
577 2839 792 2879 accusarent,
814 2835 1095 2881 delatoribusque
1114 2835 1277 2870 honorem
1299 2834 1443 2880 habuit,
1465 2836 1632 2871 calumnia
1656 2836 1726 2870 cir-

279 2883 478 2916 cumventos
496 2885 642 2926 argento
666 2880 824 2917 multans.
872 2880 956 2927 quin
988 2886 1026 2918 et
1052 2893 1095 2918 eo
1127 2881 1324 2929 rapinarum
1353 2882 1527 2929 processit
1554 2887 1594 2917 ut
1615 2893 1725 2928 quen—
