1916 3210
350 194 447 239 820
763 193 1061 237 XYLANDRI
1093 195 1169 237 ET
1203 195 1379 239 GOARI

346 303 370 343 l.
390 303 441 344 13
459 303 601 346 vocata,
630 299 687 338 cui
710 300 919 350 praefectus
940 298 1199 355 δρουγγᾶριος
1220 303 1338 342 dictus
1357 305 1574 357 imperabat.
1603 303 1797 363 δροῦγγος

347 364 468 397 autem
499 357 608 394 totius
637 354 760 393 classis
782 359 861 394 erat
881 370 968 408 pars
993 359 1103 396 tertia
1129 358 1186 397 vel
1207 364 1358 409 quarta,
1389 358 1649 416 δρουγγᾶριος
1672 365 1798 404 huius-

347 415 446 453 modi
467 412 640 450 militum
666 410 782 462 globi
809 412 954 453 ductor.
1011 413 1096 452 hinc
1116 415 1208 453 sicut
1230 415 1424 469 δροῦγγος
1447 419 1573 456 scribit
1595 419 1793 460 Mauricius

344 470 369 509 l.
401 472 420 509 1
457 468 742 516 Strategicorum
763 465 894 520 ,μέρος
927 466 1030 518 ἐστί,
1070 465 1116 510 τὸ
1145 469 1190 510 ἐκ
1216 473 1496 525 τριῶνμερῶν
1529 474 1794 528 συγκειμένων

345 522 569 577 ἄθροισμα,
609 523 823 572 dmngarios
843 524 995 562 totidem
1013 525 1125 564 fuisse
1148 527 1321 576 sequitur.
1376 528 1456 568 Leo
1481 530 1519 568 in
1542 530 1793 572 Nau-:adficis

346 579 389 621 οἱ
404 581 485 619 τῶν
504 576 635 618 ἄλλων
659 574 847 629 θεμάτων
871 576 1042 631 wirnitum
1067 581 1275 636 στρατηγοὶ
1300 581 1556 638 δρουγγᾶριοι
1579 584 1793 630 ἐκαλοῦντο

345 633 440 676 ποτὲ
463 638 547 682 τοῖς
578 632 663 674 ἅνω
690 629 864 686 χρόνοις.
921 635 1166 688 Theophanes
1200 634 1344 679 στόλον
1371 644 1452 681 τῶν
1478 642 1807 696 Κιβυρραιωτῶν.

342 695 520 731 memorat
535 691 572 728 iu
591 690 838 741 Coptonym0.
894 691 1033 732 GOAR.

453 761 492 798 p.
518 748 601 788 777
630 758 667 785 v·
696 747 739 785 2.
793 745 837 787 ἐν
862 746 1036 798 Συκαῖς]
1079 747 1119 785 in
1148 747 1230 787 loco
1266 745 1418 787 Galata
1454 763 1550 790 nunc
1577 752 1698 801 dicto,
1739 753 1793 793 de

341 816 416 853 quo
433 802 657 854 Stephanus.
704 802 847 852 Sycae,
871 803 1001 855 inquit,
1029 810 1086 840 est
1101 804 1241 842 civitas
1261 818 1280 842 e
1297 807 1454 857 regione
1474 819 1600 845 novae
1620 809 1786 847 Romae.

340 861 439 898 idem
463 859 576 898 habet
595 858 767 897 Socrates
790 860 818 899 2
845 858 913 900 30.
971 860 1111 900 GoAn.
1759 877 1762 879 ·

451 913 507 951 ib.
540 927 575 953 v.
606 916 644 955 6.
702 910 1042 970 μονοστρᾶτηγον]
1072 915 1130 954 hic
1145 916 1347 968 drungario
1369 919 1576 971 opponitur,
1605 921 1668 972 qui
1689 921 1790 960 solus

339 970 430 1010 aciei
445 971 613 1021 imperat.
671 970 810 1009 GoAn.

448 1026 546 1063 ibid.
598 1024 849 1076 pedestribus
866 1025 1193 1079 equestribusque]
1215 1031 1295 1069 τῶν
1311 1028 1699 1083 ἐξωκαβαλλαρικῶν.
1742 1045 1790 1071 ex

339 1083 488 1122 Zonara
504 1083 647 1122 videtur
662 1082 871 1134 legendum,
897 1083 999 1134 quod
1018 1089 1160 1123 secutus
1178 1097 1272 1135 sum,
1300 1088 1382 1126 ταῖν
1398 1088 1525 1135 πεζῶν
1540 1086 1609 1128 καὶ
1627 1088 1788 1140 καβαλὶ.

336 1138 441 1177 Xn.

449 1193 504 1230 ib.
536 1206 572 1233 v.
601 1195 671 1234 22.
726 1191 930 1245 Αόᾱεῖαε]
961 1193 1094 1245 legitur
1111 1199 1150 1234 et
1169 1191 1368 1248 Ἀβδερᾶς.
1425 1199 1490 1236 scd
1512 1197 1602 1237 illud
1617 1199 1784 1250 praetuli,

336 1263 418 1290 cum
438 1250 623 1288 Diaconus
640 1250 736 1288 hunc
754 1254 861 1289 vocet
878 1250 1098 1289 Habdallam
1121 1252 1381 1291 Saracenorum
1399 1253 1549 1302 ducem,
1576 1254 1602 1294 l.
1623 1257 1690 1296 20.
1719 1256 1789 1294 sed

337 1306 440 1356 quod
461 1306 512 1344 ibi
536 1305 668 1355 legitur
692 1306 895 1345 Tarentum
919 1307 1128 1356 obsedisse,
1168 1309 1359 1360 perspicue
1386 1313 1443 1347 est
1471 1311 1703 1359 mendosum,
1733 1310 1787 1350 le-

337 1362 591 1412 gendumque,
621 1365 663 1399 ut
683 1366 810 1400 noster
829 1365 930 1401 recte
948 1363 1069 1410 habet,
1098 1368 1136 1402 et
1153 1365 1252 1414 apud
1271 1365 1366 1403 hunc
1383 1369 1422 1404 et
1439 1367 1540 1417 apud
1558 1367 1650 1404 alios
1669 1365 1786 1405 Anta-

334 1419 478 1466 radum,
506 1430 602 1468 quae
621 1418 740 1456 insula
761 1422 818 1456 est
835 1418 931 1463 inter
953 1418 1115 1470 Cyprum
1135 1421 1206 1458 sita
1225 1424 1262 1459 et
1277 1421 1434 1471 Syriam.
1491 1423 1560 1462 sed
1583 1426 1622 1462 et
1643 1421 1785 1473 reliqua

334 1478 458 1513 noster
477 1474 616 1525 plenius
628 1501 641 1522 ,
669 1474 804 1512 utiliter
820 1487 900 1512 cum
917 1473 994 1512 aliis
1013 1477 1293 1526 comparandus.
1350 1477 1455 1517 Χῖ».

445 1543 482 1580 p.
510 1532 593 1571 778
621 1542 657 1568 v,
685 1529 752 1570 23.
809 1529 965 1568 Chazari
989 1531 1113 1581 populi
1146 1535 1231 1569 sunt
1262 1533 1363 1570 iuxta
1379 1533 1583 1572 Danubium
1606 1536 1643 1572 et
1658 1532 1783 1573 Patzi-

333 1597 464 1630 nacas,
493 1598 646 1635 quorum
668 1586 835 1636 princeps
856 1585 1063 1636 chaganus
1080 1591 1119 1624 et
1133 1587 1238 1636 pecli
1258 1588 1473 1638 appellatur.
1521 1590 1783 1628 Constantinus

332 1640 380 1678 de
406 1641 541 1681 admin.
570 1642 662 1692 Imp.
691 1654 724 1679 c.
743 1641 819 1683 42:
857 1639 882 1682 ὁ
908 1638 984 1695 γάρ
1007 1638 1177 1695 χαγάνος
1198 1641 1349 1691 ἐκεῖνος
1372 1642 1440 1684 καὶ
1469 1643 1541 1696 πὲχ
1560 1645 1780 1699 ,Χαζαρίας.

333 1696 473 1734 Gom.

444 1765 482 1803 p,
508 1751 592 1790 779
621 1763 654 1790 v.
683 1753 721 1791 2.
780 1751 1138 1804 Phanagoraeam]
1178 1754 1403 1808 φαγουρίαν
1433 1754 1528 1794 male
1555 1757 1711 1806 legitur,
1735 1760 1782 1796 ‚et

332 1807 458 1845 melior
483 1806 589 1846 lectio
619 1819 729 1858 supra
759 1808 895 1859 scripta
923 1813 994 1848 est.
1049 1811 1136 1848 urbs
1156 1817 1211 1849 est
1236 1812 1284 1849 ad
1302 1811 1508 1863 Bosporum
1532 1812 1780 1855 Cimmerium.

331 1864 435 1904 er..

442 1931 484 1970 p.
511 1918 594 1959 780
622 1929 659 1956 v,
690 1917 753 1958 11.
808 1912 1131 1972 Ἀπολλωνιοῖδα]
1161 1921 1286 1960 urbem
1305 1922 1341 1960 in
1360 1921 1540 1962 Parnasso
1563 1924 1664 1963 iuxta
1685 1923 1777 1964 Del-

331 1974 435 2025 phos.
493 1974 714 2024 Stephanus.
770 1976 907 2013 GoAn.

442 2029 497 2066 ib.
530 2042 565 2066 v.
596 2031 662 2069 20.
719 2028 762 2070 ἐν
778 2032 833 2084 τῷ
851 2030 968 2081 τείχει
990 2027 1240 2083 ἔφούλκισεν]
1263 2034 1362 2084 apud
1381 2030 1564 2075 Zona‘ram
1583 2033 1627 2075 ἐν
1644 2031 1778 2084 ξύλοις

329 2082 438 2137 παροῖ
455 2087 530 2125 τοῦ
551 2085 715 2136 τείχεσιν
734 2081 961 2139 οἷπῃώρησε.
1019 2101 1091 2138 quo
1118 2101 1162 2127 ex
1180 2089 1260 2127 loco
1286 2090 1463 2130 coniicere
1482 2091 1612 2140 datur,
1649 2094 1776 2142 φουλ-

329 2141 450 2188 κίζειν
478 2154 560 2180 esse
588 2142 626 2178 iu
654 2154 795 2180 crucem
822 2155 934 2192 agere
959 2148 1022 2182 aut
1048 2144 1086 2182 in
1111 2145 1266 2184 furcam:
1307 2145 1346 2184 id
1368 2150 1446 2195 est,
1481 2147 1581 2198 quod
1600 2148 1648 2187 de
1674 2146 1775 2199 ligno

329 2198 571 2249 suspendere,
599 2196 786 2235 hencken.
845 2199 950 2238 XYL.

439 2267 478 2304 p.
507 2255 584 2294 781
617 2266 651 2294 v,
681 2254 717 2293 1.
774 2249 878 2305 βάϊοί
896 2268 975 2293 esse
994 2267 1138 2303 ramos,
1174 2255 1234 2294 vel
1253 2269 1297 2296 ex
1315 2256 1365 2296 D.
1389 2257 1492 2296 Ioau.
1517 2270 1645 2309 evang.
1667 2272 1698 2298 c.
1721 2259 1774 2299 12

327 2312 453 2346 notum
476 2312 545 2346 est.
600 2312 688 2360 puto
716 2310 907 2359 significari
934 2311 1086 2361 primam
1108 2315 1249 2362 partem
1269 2312 1458 2364 ludorum,
1493 2317 1531 2352 et
1547 2315 1597 2357 ad
1613 2315 1773 2365 singulas

328 2364 557 2402 decursiones
589 2367 802 2403 certantium
837 2367 979 2415 signum
1010 2379 1111 2405 ramo
1144 2368 1268 2406 datum
1298 2369 1423 2408 fuisse.
1460 2369 1565 2411 Xn..
1628 2371 1711 2409 finis
1736 2377 1774 2410 et

329 2419 487 2457 dimissio
511 2421 751 2470 cuiuscunque
780 2423 920 2473 operis,
969 2427 1007 2460 et
1036 2423 1190 2463 maxime
1223 2423 1440 2463 celebritatis
1472 2420 1660 2473 ἀπόλυσις
1691 2429 1772 2465 est:

329 2475 445 2525 βαΐον
465 2480 584 2514 autem
607 2476 664 2514 hic
686 2477 825 2515 laurea
846 2484 915 2523 est,
942 2480 1067 2517 victori
1088 2481 1290 2518 certaminis
1310 2482 1408 2521 data.
1465 2481 1523 2518 ad
1537 2481 1770 2531 completum

327 2530 440 2579 igitur
462 2532 642 2581 primum
668 2547 790 2584 usque
821 2541 1016 2572 certamen
1045 2533 1192 2573 Leontii
1219 2541 1258 2574 et
1287 2536 1463 2587 Apsimari
1493 2537 1586 2575 eolla
1616 2538 1770 2590 pedibus

329 2585 490 2624 calcabat
510 2588 740 2628 lastinianus,
797 2591 988 2639 indignum
1006 2602 1137 2642 porro,
1175 2593 1238 2641 qui
1254 2605 1449 2643 purpuram
1468 2593 1646 2642 tulerant,
1674 2593 1770 2632 tule-

328 2645 415 2679 runt
443 2643 575 2681 deinde
600 2644 814 2695 supplicium
840 2647 878 2685 in
898 2646 1024 2694 Circo,
1063 2646 1100 2684 in
1122 2659 1196 2697 quo
1216 2660 1290 2685 non
1310 2649 1405 2686 adeo
1427 2648 1541 2686 dilata
1559 2650 1768 2698 ignominia,

327 2697 482 2736 necdum
509 2699 616 2737 editis
649 2701 883 2751 spectaculis,
923 2703 1093 2742 multatos
1125 2704 1309 2752 quondam
1336 2715 1459 2741 servos
1489 2704 1641 2754 legimus
1671 2704 1769 2755 apud

327 2751 467 2790 Livium
494 2754 519 2798 l.
550 2756 597 2795 2:
638 2769 795 2794 servum
820 2757 984 2808 quidam
1008 2758 1321 2809 patetsamilc‘as,
1362 2759 1537 2797 nondum
1567 2762 1767 2797 commisso

325 2809 563 2856 spectaculo,
602 2811 674 2849 sab
691 2812 821 2863 furca
841 2827 999 2852 caesum
1018 2815 1143 2852 medio
1162 2822 1294 2865 egerat
1318 2815 1445 2853 Circo.
1502 2817 1601 2868 apud
1620 2817 1768 2855 Cicero,-
