1890 3236
285 162 386 222 '462
759 163 996 213 GEORGII
1026 164 1268 210 emmim

289 283 451 344 ἐλήφθη
473 282 545 338 μὲν
570 276 641 325 οὖν
660 278 912 337 Δομετιανὸς
931 278 953 322 ὅ
981 277 1193 331 Καυκάνος
1204 311 1217 333 ,
1252 278 1577 338 ἀνὴρ-δυνάστης,
1592 283 1664 326 καὶ1
1678 284 1738 339 τῷ

293 353 472 409 Γαβριὴλ
491 348 793 406 συμπάρεδρος,
822 350 889 392 καὶ
906 348 1094 404 Ἠλίτζης
1110 346 1132 391 ὅ
1152 347 1287 407 ἅρχων
1304 348 1542 406 Μογλένων,
1569 352 1636 394 καὶ
1651 350 1738 394 ἕτεὲ

238 437 270 471 1)
294 439 356 478 ροι
378 417 568 462 δυνάσται
591 419 754 470 πολλοί,
788 419 855 462 καὶ
874 416 971 468 λαὸς
989 417 1230 472 πολεμιστὴς
1245 417 1318 460 οὒκ
1340 417 1485 474 ὀλίγος.
1549 417 1647 470 τοὺς
1663 419 1738 473 μὲν

290 485 360 531 οὖν
387 486 491 529 ὅπλα
520 486 762 540 δυναμένους
792 491 909 528 κινεῖν
945 487 1000 536 εἲς
1029 485 1324 543 Ἀσπρακανίαν
1351 486 1539 540 ἐκπέμπει
1565 483 1588 528 ὅ
1614 489 1738 540 aaut·

290 554 401 606 λεύς,
446 554 515 596 τὸν
544 554 587 595 δὲ
614 553 752 596 λοιπὸν
785 552 1024 611 συρφετώδη
1056 549 1156 596 λαὸν
1187 555 1457 610 διαρπαγῆναι
1483 552 1770 609 προσέταξεν,5
1816 596 1819 599 ,

291 625 574 679 ἐμπρησθῆναι
598 621 642 663 δὲ
661 622 727 664 καὶ
742 621 787 665 τὸ
805 620 1011 679 φρούριον.
1045 620 1150 664 ἑάλω
1167 624 1237 664 καὶ
1256 622 1389 680 ἕτερον
1407 619 1604 680 φρούριον
1613 619 1740 666 Ἐνῶ-
1783 648 1786 652 ›

292 708 358 734 τια
377 689 625 743 κεκλημένον,
659 693 858 746 γειτονοῦν
877 695 961 740 τοῖς
979 690 1218 746 Μογλένοις.

421 756 582 817 εΗμέρα
604 758 648 800 δὲ
665 758 822 815 πέμπτῃ
843 752 936 813 ἧκεν
958 756 979 800 ὃ
997 758 1262 816 χειρότμητος
1283 755 1504 812 Ῥωμαῖος,
1548 754 1652 812 ἔχων
1671 757 1741 800 καὶ

294 824 547 883 θεράποντας
560 823 745 868 Ἰωάννου
765 830 838 869 τοῦ
856 828 922 868 καὶ
943 825 1264 880 Βλαδισθλάβου
1276 858 1289 878 ,
1323 826 1415 869 vio&
1436 823 1606 883 Ἀαρών,
1638 825 1741 868 ἐπα-

294 894 461 951 γόμενος
483 895 551 937 καὶ
575 893 795 951 γράμματα
823 895 1019 954 δηλοῦντα
1045 899 1293 952 φονευθῆναι
1320 892 1393 937 ὑπ’
1418 895 1545 938 αῧτοῦ
1563 893 1634 937 τὸν
1650 895 1694 936 Γ
1689 911 1738 936 α-
1751 898 1796 935 10

295 962 416 1020 βριὴλ
435 964 476 1005 ἐν
494 967 549 1020 τῷ
567 965 782 1021 Πετρισκῷ
806 964 875 1005 καὶ
902 963 975 1017 τὴν
996 967 1128 1007 πᾶσαν
1149 964 1331 1015 ἐξουσίαν
1351 965 1405 1014 εἷς
1428 961 1571 1006 ἑαυτὸν
1583 978 1742 1016 μετενε-

292 1035 468 1086 χθῆναι,
501 1029 795 1086 ὑπισχνούμενά
817 1048 860 1074 τε
882 1031 955 1086 τὴν
972 1031 1200 1089 πρέπουσαν
1221 1029 1426 1087 ὑποταγὴν
1449 1032 1517 1074 καὶ
1543 1028 1743 1075 δούλωσιν

296 1100 552 1148 ἐνδείξασθαι
579 1100 681 1156 πρὸς
707 1100 776 1142 τὸν
805 1099 987 1154 βασιλέα.
1055 1098 1151 1156 ὅπερ
1174 1099 1369 1155 ἀναγνοὺς
1388 1097 1408 1141 ὅ
1428 1097 1644 1154 βασιλεύς,’
1672 1099 1742 1141 καὶ

291 1165 607 1223 χρυσοβούλλοις
627 1165 860 1224 γράμμασιν
881 1167 933 1210 τὰ
956 1169 1154 1210 δοκοῦντα
1174 1165 1497 1221 πιστωσάμενος,
1537 1167 1741 1217 ἀπέστειλε

295 1235 397 1292 πρὸς
419 1235 487 1278 τὸν
517 1233 715 1291 Ἰωάννην.
783 1237 850 1278 καὶ
878 1236 969 1290 μετ’
1000 1235 1136 1292 ὀλίγας
1165 1234 1285 1278 πάλιν
1315 1233 1470 1292 ἡμέρας
1498 1235 1689 1290 ἐπανῆκεν
1715 1232 1796 1277 ὅῑό

295 1304 536 1358 τετμημένος
555 1304 628 1358 τὴν
642 1310 759 1360 χεῖρα
773 1303 992 1358 “Ρωμαῑός,
1035 1303 1198 1362 γραφὰς
1218 1305 1390 1359 κομίζων
1402 1301 1588 1346 Ἰωάννου
1608 1319 1652 1346 τε
1673 1303 1742 1346 καὶ

153 1381 183 1416 Ρ
205 1381 274 1417 710
295 1376 375 1414 τῶν
407 1370 610 1427 ἀρχόντων
638 1373 892 1430 Βουλγαρίας
921 1370 1121 1427 ὗπηκόους
1150 1370 1449 1428 ὁμολογούντων
1475 1373 1543 1414 καὶ
1574 1369 1744 1422 δούλους

295 1439 483 1496 γενέσθαι
506 1443 578 1482 τοῦ
595 1440 806 1494 βασιλέως.
873 1439 1101 1497 προσερρύη
1125 1441 1169 1483 δὲ
1182 1445 1240 1498 τῷ
1257 1444 1423 1494 βασιλεῖ’
1438 1442 1505 1482 καὶ
1526 1437 1744 1489 Καυκάνος

295 1506 318 1550 ὃ
336 1507 511 1564 ἀδελφὸς
532 1508 782 1562 Δομετιανοῦ
803 1512 875 1550 τοῦ
894 1510 934 1550 ἓν
951 1509 1178 1564 Μογλένοις
1199 1507 1385 1558 ἁλόντος·
1413 1507 1459 1550 ὃν
1474 1505 1744 1564 φιλοτιμησά-

297 1593 415 1630 μενος
436 1576 503 1617 διὰ
524 1580 640 1630 τιμῆς
656 1572 760 1631 ἦγεν.
828 1577 909 1617 ἐπεὶ
931 1577 974 1617 δὲ
993 1576 1092 1632 {¹va
1112 1577 1180 1619 τὸν
1203 1573 1390 1630 Ἰωάννην
1407 1575 1512 1634 δόλῳ
1538 1577 1606 1618 καὶ
1627 1592 1738 1632 περι·
1751 1580 1797 1615 20

298 1645 387 1703 νοιά
405 1642 620 1701 γράψαντα
637 1644 688 1686 τὰ
707 1644 911 1700 γραφέντα
932 1645 998 1686 καὶ
1021 1644 1210 1687 τάναντία
1229 1638 1285 1687 ὧν
1310 1642 1534 1698 ὑπισχνεῖτο
1556 1641 1743 1686 διανοού-

300 1729 431 1766 μενον,
462 1711 727 1768 ἕπανέστρεψε
754 1710 873 1754 πάλιν
895 1711 997 1767 πρὸς
1016 1713 1283 1769 Βουλγαρίαν,
1314 1714 1382 1754 καὶ
1402 1709 1649 1767 λεηλατήσας
1668 1711 1744 1767 τὴν

300 1781 519 1836 περίχωρον
536 1780 758 1836 Ὀστροβοῦ
774 1781 839 1821 καὶ
855 1784 929 1822 τοῦ
944 1783 1112 1823 Σωσκοῢ
1132 1782 1199 1823 καὶ
1216 1781 1289 1834 τὴν
1308 1778 1480 1822 πεδιάδα
1491 1780 1745 1835 Πελαγονίας

299 1848 394 1898 τοὺς
415 1846 696 1901 ἁλισκομένους
715 1846 868 1898 πάντας
897 1847 1127 1906 ἀπετῦφλου
1150 1847 1424 1905 Βουλγάρους.
1490 1846 1647 1891 ἄπεισιν
1671 1842 1743 1891 οὖν

303 1915 397 1974 ἄχρι
414 1920 486 1970 τῆς
499 1915 649 1966 πόλεως
664 1917 866 1974 Ἀχρίὸος,
895 1917 936 1959 ἐν
954 1911 982 1974 ᾗ
998 1917 1050 1959 τὰ
1066 1918 1252 1972 βασίλεια
1271 1921 1351 1960 τῶν
1366 1915 1563 1971 βασιλέων
1577 1917 1742 1974 ἵδρυντο
1751 1917 1798 1955 25

302 2044 520 2079 dediderunt.
567 2048 686 2092 captus
720 2048 775 2080 est
793 2045 843 2080 ibi
866 2045 1083 2081 Domitianus
1107 2046 1307 2090 (humanus,
1339 2045 1440 2082 homo
1461 2048 1586 2092 potens
1610 2028 1646 2080 et
1667 2046 1743 2081 Ga·-

301 2090 405 2125 brieli
436 2090 671 2135 consiliarius,
708 2097 744 2126 et
776 2091 1011 2136 Moglenorum
1042 2091 1203 2138 princeps
1234 2092 1370 2127 Elitzes
1403 2092 1532 2137 aliique
1559 2102 1744 2138 procerum

300 2136 398 2170 multi
427 2141 462 2170 et
496 2148 614 2171 manus
646 2138 735 2172 haud
763 2148 873 2182 parva
902 2137 1056 2172 militum.
1102 2138 1205 2173 armis
1230 2139 1383 2173 serendis
1403 2138 1548 2173 idoneos
1569 2137 1746 2183 Asprum-

300 2182 392 2216 niam
416 2182 575 2227 deportat
597 2183 803 2228 imperator:
837 2182 1017 2217 colluviem
1039 2183 1205 2228 reliquam
1227 2184 1334 2231 diripi
1354 2184 1473 2229 iubet,
1497 2178 1533 2218 et
1554 2182 1745 2228 castellnm,

299 2228 356 2262 cui
377 2228 486 2262 Notia
508 2240 641 2272 nomen,
665 2227 816 2272 incendi,
839 2229 1009 2272 Moglenis
1031 2229 1195 2264 vicinum.

393 2274 526 2314 Quinta
547 2274 605 2308 die
627 2274 882 2309 Cheirotmetus
904 2276 1079 2310 Romanus
1102 2275 1218 2320 venit,
1250 2275 1396 2310 famulos
1427 2285 1542 2309 secum
1569 2273 1744 2308 adducens

299 2318 441 2353 Ioannis
464 2318 710 2363 Bladisthlabi‚
734 2320 881 2360 Aaronis
904 2320 987 2365 filii,
1011 2326 1047 2355 et
1066 2321 1207 2363 literas,
1243 2322 1367 2366 quibus
1390 2320 1448 2354 hic
1466 2319 1686 2364 significabat
1704 2329 1746 2353 se

303 2365 467 2398 Gabrielo
489 2365 594 2399 vitam
618 2365 799 2411 eripuisse,
823 2376 980 2410 nuncque
1004 2367 1048 2400 ad
1069 2378 1107 2400 se
1131 2366 1279 2401 rediisse
1301 2366 1517 2411 Bulgaricum
1539 2365 1745 2411 imperium;

301 2410 592 2456 promittebatque
624 2423 663 2446 se
696 2423 832 2445 servum
862 2416 898 2446 et
928 2412 1100 2446 subditum
1129 2412 1330 2466 imperatori
1360 2413 1450 2446 fore.
1509 2411 1554 2445 iis
1577 2410 1746 2465 perlectis

302 2456 489 2501 imperator
513 2469 607 2491 suam
628 2457 832 2491 sententiam
857 2469 963 2492 aurea
985 2457 1075 2492 bulla
1097 2465 1331 2503 cons1gnatsm
1353 2457 1476 2492 Ioanni
1498 2457 1615 2492 mittit.
1654 2466 1745 2502 pau-

306 2500 426 2545 cisque
448 2507 527 2546 post
546 2502 668 2537 diebus
691 2504 864 2537 Romanus
889 2503 1000 2548 redit,
1032 2504 1150 2538 literas
1171 2505 1310 2538 loannis
1341 2510 1378 2538 et
1407 2502 1596 2548 principum
1614 2501 1745 2546 Bulga-

305 2546 381 2579 riae
403 2549 574 2591 afferens,
604 2548 729 2593 quibus
760 2548 787 2582 ii
810 2560 848 2583 se
868 2549 1024 2583 subditos
1047 2549 1248 2595 imperatori
1270 2550 1482 2584 fatebantur·
1526 2546 1683 2592 adiungit
1705 2557 1746 2581 se

307 2591 409 2626 etiarn
432 2594 630 2639 imperatori
653 2594 848 2638 caucanus,
871 2594 1058 2629 Domitiani
1078 2596 1168 2640 apud
1190 2595 1369 2640 Moglenos
1391 2593 1487 2648 capti
1506 2593 1637 2635 frater3
1671 2596 1745 2627 est-

307 2647 375 2680 que
407 2639 449 2671 ab
484 2651 525 2672 eo
556 2639 744 2674 honorifice
776 2640 926 2675 habitus.
974 2646 1123 2675 ceterum
1146 2641 1333 2687 imperator
1354 2645 1483 2674 cernor
1504 2640 1616 2673 factus
1638 2638 1745 2672 Ioan-

307 2693 384 2715 nem
406 2683 481 2717 dolo
503 2696 544 2718 ac
565 2684 735 2719 fallaciter
756 2686 824 2720 ista
845 2686 1027 2731 scripsisse
1051 2698 1093 2720 ac
1113 2688 1285 2721 contraria
1315 2686 1387 2720 suis
1420 2684 1598 2731 promissis
1619 2683 1743 2726 moliri,

307 2727 343 2760 in
375 2727 567 2772 Bulgariam
596 2731 806 2774 revertitur3
852 2737 888 2765 et
917 2731 1070 2766 Ostrobo
1099 2733 1277 2776 Soscoque
1315 2732 1495 2766 adiacente
1528 2729 1672 2773 regione
1702 2739 1744 2762 ac

308 2774 490 2817 campestri
512 2775 699 2819 Pelagonia
721 2777 957 2822 depopulatis,
981 2783 1150 2822 quotquot
1171 2777 1337 2822 Bulgaros
1358 2777 1527 2822 cepisset,
1553 2775 1605 2809 eis
1627 2772 1744 2809 oculos

309 2817 442 2853 effodit.
490 2824 526 2854 et
552 2830 661 2865 usque
681 2822 726 2856 ad
747 2823 866 2858 urbem
887 2822 1083 2868 Achridem‚
1107 2824 1236 2869 regiam
1258 2823 1462 2867 Bulgariae‚
1485 2820 1632 2856 accedit·
1676 2828 1743 2862 qua
