<?xml version="1.0" encoding="UTF-8"?>
<!DOCTYPE html PUBLIC "-//W3C//DTD XHTML 1.0 Transitional//EN"
    "http://www.w3.org/TR/xhtml1/DTD/xhtml1-transitional.dtd">
<html xmlns="http://www.w3.org/1999/xhtml" xml:lang="en" lang="en">
 <head>
  <title>
</title>
<meta http-equiv="Content-Type" content="text/html;charset=utf-8" />
  <meta name='ocr-system' content='tesseract 3.04.00' />
  <meta name='ocr-capabilities' content='ocr_page ocr_carea ocr_par ocr_line ocrx_word'/>
</head>
<body>
  <div class='ocr_page' id='page_1' title='image "./corpusscriptorum14niebuoft/corpusscriptorum14niebuoft_0434.png"; bbox 0 0 1890 3236; ppageno 0'>
   <div class='ocr_carea' id='block_1_1' title="bbox 278 170 1263 223">
    <p class='ocr_par' dir='ltr' id='par_1_1' title="bbox 278 170 1263 223">
     <span class='ocr_line' id='line_1_1' title="bbox 278 170 1263 223; baseline -0.006 0"><span class='ocrx_word' id='word_1_1' title='bbox 278 171 379 223; x_wconf 78' lang='lat'><strong>424</strong></span> <span class='ocrx_word' id='word_1_2' title='bbox 753 170 992 217; x_wconf 87' lang='lat' dir='ltr'>GEORGII</span> <span class='ocrx_word' id='word_1_3' title='bbox 1017 170 1263 218; x_wconf 79' lang='lat' dir='ltr'><strong>CEDRENI</strong></span> 
     </span>
    </p>
   </div>
   <div class='ocr_carea' id='block_1_2' title="bbox 140 280 1814 1850">
    <p class='ocr_par' dir='ltr' id='par_1_2' title="bbox 140 280 1814 1850">
     <span class='ocr_line' id='line_1_2' title="bbox 278 280 1741 345; baseline -0.001 -12"><span class='ocrx_word' id='word_1_4' title='bbox 278 292 400 345; x_wconf 85' lang='grc' dir='ltr'><strong><em>μολεΐ</em></strong></span> <span class='ocrx_word' id='word_1_5' title='bbox 420 289 479 345; x_wconf 74' lang='grc' dir='ltr'><strong>τῷ</strong></span> <span class='ocrx_word' id='word_1_6' title='bbox 506 286 679 343; x_wconf 78' lang='grc' dir='ltr'><strong><em>Σκληρῷ</em></strong></span> <span class='ocrx_word' id='word_1_7' title='bbox 700 283 768 326; x_wconf 76' lang='grc' dir='ltr'><strong><em>καὶ</em></strong></span> <span class='ocrx_word' id='word_1_8' title='bbox 789 280 812 327; x_wconf 82' lang='grc' dir='ltr'><em>ὃ</em></span> <span class='ocrx_word' id='word_1_9' title='bbox 833 283 1042 341; x_wconf 75' lang='grc' dir='ltr'><strong><em>πατρίκιος</em></strong></span> <span class='ocrx_word' id='word_1_10' title='bbox 1063 281 1316 342; x_wconf 76' lang='grc' dir='ltr'><strong><em>Ἀνδρόνικος</em></strong></span> <span class='ocrx_word' id='word_1_11' title='bbox 1338 285 1406 328; x_wconf 79' lang='grc' dir='ltr'><strong><em>καὶ</em></strong></span> <span class='ocrx_word' id='word_1_12' title='bbox 1428 285 1527 339; x_wconf 57' lang='lat' dir='ltr'><strong>aab}</strong></span> <span class='ocrx_word' id='word_1_13' title='bbox 1547 282 1571 330; x_wconf 80' lang='grc' dir='ltr'><strong>ὃ</strong></span> <span class='ocrx_word' id='word_1_14' title='bbox 1590 286 1741 340; x_wconf 79' lang='grc' dir='ltr'><strong><em>Λυδὸς</em></strong></span> 
     </span>
     <span class='ocr_line' id='line_1_3' title="bbox 279 351 1740 414; baseline -0.001 -13"><span class='ocrx_word' id='word_1_15' title='bbox 279 359 354 401; x_wconf 78' lang='grc' dir='ltr'><strong>σὺν</strong></span> <span class='ocrx_word' id='word_1_16' title='bbox 374 361 458 405; x_wconf 81' lang='grc' dir='ltr'><strong><em>τοῖς</em></strong></span> <span class='ocrx_word' id='word_1_17' title='bbox 476 352 592 396; x_wconf 75' lang='grc' dir='ltr'><strong><em>υἱέσι.</em></strong></span> <span class='ocrx_word' id='word_1_18' title='bbox 658 353 727 394; x_wconf 79' lang='grc' dir='ltr'><strong><em>καὶ</em></strong></span> <span class='ocrx_word' id='word_1_19' title='bbox 751 351 953 402; x_wconf 81' lang='grc' dir='ltr'><strong><em>,Ἀτταλεΐς</em></strong></span> <span class='ocrx_word' id='word_1_20' title='bbox 979 353 1110 408; x_wconf 77' lang='grc' dir='ltr'><strong><em>δεσμὰ</em></strong></span> <span class='ocrx_word' id='word_1_21' title='bbox 1130 353 1361 411; x_wconf 70' lang='grc' dir='ltr'><strong><em>περιθέντες</em></strong></span> <span class='ocrx_word' id='word_1_22' title='bbox 1379 358 1438 412; x_wconf 75' lang='grc' dir='ltr'><strong>τῷ</strong></span> <span class='ocrx_word' id='word_1_23' title='bbox 1456 352 1648 414; x_wconf 76' lang='grc' dir='ltr'><strong><em>ναυάρχῳ</em></strong></span> <span class='ocrx_word' id='word_1_24' title='bbox 1666 360 1740 400; x_wconf 78' lang='grc' dir='ltr'><strong>τοῦ</strong></span> 
     </span>
     <span class='ocr_line' id='line_1_4' title="bbox 277 420 1740 479; baseline -0.001 -11"><span class='ocrx_word' id='word_1_25' title='bbox 277 423 477 479; x_wconf 81' lang='grc' dir='ltr'><strong><em>βασιλέως</em></strong></span> <span class='ocrx_word' id='word_1_26' title='bbox 505 424 566 478; x_wconf 77' lang='grc' dir='ltr'><strong>τῷ</strong></span> <span class='ocrx_word' id='word_1_27' title='bbox 591 420 800 477; x_wconf 83' lang='grc' dir='ltr'><strong><em>Κουρτίκῃ</em></strong></span> <span class='ocrx_word' id='word_1_28' title='bbox 829 420 1006 476; x_wconf 84' lang='grc' dir='ltr'><strong><em>Μιχαὴλ</em></strong></span> <span class='ocrx_word' id='word_1_29' title='bbox 1040 426 1325 479; x_wconf 77' lang='grc' dir='ltr'><strong><em>προσχωροῦσι</em></strong></span> <span class='ocrx_word' id='word_1_30' title='bbox 1353 423 1456 476; x_wconf 82' lang='grc' dir='ltr'><strong><em>μετὰ</em></strong></span> <span class='ocrx_word' id='word_1_31' title='bbox 1487 423 1637 474; x_wconf 77' lang='grc' dir='ltr'><strong><em>παντὸς</em></strong></span> <span class='ocrx_word' id='word_1_32' title='bbox 1665 427 1740 469; x_wconf 69' lang='grc' dir='ltr'><strong><em>τοῦ</em></strong></span> 
     </span>
     <span class='ocr_line' id='line_1_5' title="bbox 277 487 1752 552; baseline 0 -16"><span class='ocrx_word' id='word_1_33' title='bbox 277 491 446 543; x_wconf 85' lang='grc' dir='ltr'><strong><em>στόλου,</em></strong></span> <span class='ocrx_word' id='word_1_34' title='bbox 483 493 719 546; x_wconf 79' lang='grc' dir='ltr'><strong><em>στρατηγεῖν</em></strong></span> <span class='ocrx_word' id='word_1_35' title='bbox 746 487 859 547; x_wconf 75' lang='grc' dir='ltr'><strong><em>παρὰ</em></strong></span> <span class='ocrx_word' id='word_1_36' title='bbox 887 493 961 532; x_wconf 78' lang='grc' dir='ltr'><strong>τοῦ</strong></span> <span class='ocrx_word' id='word_1_37' title='bbox 990 489 1181 548; x_wconf 79' lang='grc' dir='ltr'><strong><em>Σκληροῦ</em></strong></span> <span class='ocrx_word' id='word_1_38' title='bbox 1207 490 1438 549; x_wconf 76' lang='grc' dir='ltr'><strong><em>πεμφθέντι</em></strong></span> <span class='ocrx_word' id='word_1_39' title='bbox 1468 495 1551 534; x_wconf 82' lang='grc' dir='ltr'><strong>τῶν</strong></span> <span class='ocrx_word' id='word_1_40' title='bbox 1577 489 1752 552; x_wconf 68' lang='grc' dir='ltr'><strong><em>Κιβυρ-’</em></strong></span> 
     </span>
     <span class='ocr_line' id='line_1_6' title="bbox 278 562 1778 618; baseline -0.001 -15"><span class='ocrx_word' id='word_1_41' title='bbox 278 562 476 618; x_wconf 79' lang='grc' dir='ltr'><strong><em>ραιωτιῦν.</em></strong></span> <span class='ocrx_word' id='word_1_42' title='bbox 1749 564 1778 602; x_wconf 74' lang='lat'><strong>⁶·</strong></span> 
     </span>
     <span class='ocr_line' id='line_1_7' title="bbox 405 621 1814 686; baseline 0.002 -17"><span class='ocrx_word' id='word_1_43' title='bbox 405 621 482 670; x_wconf 84' lang='grc' dir='ltr'><strong><em>Ὧν</em></strong></span> <span class='ocrx_word' id='word_1_44' title='bbox 512 623 788 681; x_wconf 77' lang='grc' dir='ltr'><strong><em>ἆγγελθέντων</em></strong></span> <span class='ocrx_word' id='word_1_45' title='bbox 807 627 867 685; x_wconf 78' lang='grc' dir='ltr'><strong>τῷ</strong></span> <span class='ocrx_word' id='word_1_46' title='bbox 885 626 1051 680; x_wconf 80' lang='grc' dir='ltr'><strong><em>βασιλεῖ</em></strong></span> <span class='ocrx_word' id='word_1_47' title='bbox 1066 626 1134 669; x_wconf 81' lang='grc' dir='ltr'><strong><em>καὶ</em></strong></span> <span class='ocrx_word' id='word_1_48' title='bbox 1154 629 1211 685; x_wconf 79' lang='grc' dir='ltr'><strong>τῷ</strong></span> <span class='ocrx_word' id='word_1_49' title='bbox 1231 625 1581 686; x_wconf 77' lang='grc' dir='ltr'><strong><em>παρακοιμωμένῳ</em></strong></span> <span class='ocrx_word' id='word_1_50' title='bbox 1592 657 1607 680; x_wconf 89' lang='grc'><strong><em>,</em></strong></span> <span class='ocrx_word' id='word_1_51' title='bbox 1639 631 1746 683; x_wconf 72' lang='grc' dir='ltr'><strong>βου-</strong></span> <span class='ocrx_word' id='word_1_52' title='bbox 1811 677 1814 680; x_wconf 59' lang='grc'>,</span> 
     </span>
     <span class='ocr_line' id='line_1_8' title="bbox 228 692 1807 754; baseline 0.001 -15"><span class='ocrx_word' id='word_1_53' title='bbox 228 703 260 739; x_wconf 92' lang='lat' dir='ltr'>D</span> <span class='ocrx_word' id='word_1_54' title='bbox 281 700 354 752; x_wconf 78' lang='grc' dir='ltr'><strong><em>λῆς</em></strong></span> <span class='ocrx_word' id='word_1_55' title='bbox 373 694 639 751; x_wconf 76' lang='grc' dir='ltr'><strong><em>προτεθείσης</em></strong></span> <span class='ocrx_word' id='word_1_56' title='bbox 659 692 771 745; x_wconf 65' lang='grc' dir='ltr'><strong><em>ἔδοξε</em></strong></span> <span class='ocrx_word' id='word_1_57' title='bbox 791 697 872 737; x_wconf 80' lang='grc' dir='ltr'><strong>τῶν</strong></span> <span class='ocrx_word' id='word_1_58' title='bbox 889 698 950 752; x_wconf 77' lang='grc' dir='ltr'><strong>τῷ</strong></span> <span class='ocrx_word' id='word_1_59' title='bbox 966 698 1132 747; x_wconf 81' lang='grc' dir='ltr'><strong><em>βασιλεῖ’</em></strong></span> <span class='ocrx_word' id='word_1_60' title='bbox 1144 695 1401 754; x_wconf 76' lang='grc' dir='ltr'><strong><em>ᾠκειωμένων</em></strong></span> <span class='ocrx_word' id='word_1_61' title='bbox 1419 695 1510 739; x_wconf 76' lang='grc' dir='ltr'><strong><em>τινὰ</em></strong></span> <span class='ocrx_word' id='word_1_62' title='bbox 1527 693 1746 754; x_wconf 73' lang='grc' dir='ltr'><strong><em>ἱσοτῦραν-</em></strong></span> <span class='ocrx_word' id='word_1_63' title='bbox 1803 712 1807 715; x_wconf 92' lang='grc'><em>·</em></span> 
     </span>
     <span class='ocr_line' id='line_1_9' title="bbox 278 760 1744 820; baseline 0 -12"><span class='ocrx_word' id='word_1_64' title='bbox 278 782 348 808; x_wconf 93' lang='grc' dir='ltr'><strong>νον</strong></span> <span class='ocrx_word' id='word_1_65' title='bbox 369 760 565 820; x_wconf 75' lang='grc' dir='ltr'><strong><em>εἰληφότα</em></strong></span> <span class='ocrx_word' id='word_1_66' title='bbox 584 761 715 819; x_wconf 75' lang='grc' dir='ltr'><strong><em>ἀρχὴν</em></strong></span> <span class='ocrx_word' id='word_1_67' title='bbox 733 763 799 805; x_wconf 83' lang='grc' dir='ltr'><strong><em>καὶ</em></strong></span> <span class='ocrx_word' id='word_1_68' title='bbox 818 761 1066 815; x_wconf 79' lang='grc' dir='ltr'><strong><em>ἀνεύθυνον,</em></strong></span> <span class='ocrx_word' id='word_1_69' title='bbox 1100 766 1168 806; x_wconf 81' lang='grc' dir='ltr'><strong><em>καὶ</em></strong></span> <span class='ocrx_word' id='word_1_70' title='bbox 1186 764 1369 815; x_wconf 71' lang='grc' dir='ltr'><strong><em>ἐξουσίαν</em></strong></span> <span class='ocrx_word' id='word_1_71' title='bbox 1386 762 1528 819; x_wconf 61' lang='grc' dir='ltr'><strong><em>ἔχοντα</em></strong></span> <span class='ocrx_word' id='word_1_72' title='bbox 1546 770 1684 820; x_wconf 76' lang='grc' dir='ltr'><strong><em>τιμαῖς</em></strong></span> <span class='ocrx_word' id='word_1_73' title='bbox 1698 781 1744 809; x_wconf 83' lang='grc' dir='ltr'><strong>τε</strong></span> 
     </span>
     <span class='ocr_line' id='line_1_10' title="bbox 277 829 1746 890; baseline 0.001 -15"><span class='ocrx_word' id='word_1_74' title='bbox 277 829 538 889; x_wconf 80' lang='grc' dir='ltr'><strong><em>προβιβάζειν</em></strong></span> <span class='ocrx_word' id='word_1_75' title='bbox 559 832 625 873; x_wconf 80' lang='grc' dir='ltr'><strong><em>καὶ</em></strong></span> <span class='ocrx_word' id='word_1_76' title='bbox 647 829 795 888; x_wconf 78' lang='grc' dir='ltr'><strong><em>δώροις</em></strong></span> <span class='ocrx_word' id='word_1_77' title='bbox 814 833 1140 884; x_wconf 84' lang='grc' dir='ltr'><strong><em>καταπλουτίζειν</em></strong></span> <span class='ocrx_word' id='word_1_78' title='bbox 1157 831 1253 883; x_wconf 78' lang='grc' dir='ltr'><strong><em>τοὺς</em></strong></span> <span class='ocrx_word' id='word_1_79' title='bbox 1272 837 1632 890; x_wconf 75' lang='grc' dir='ltr'><strong><em>προσχωροῦντας,</em></strong></span> <span class='ocrx_word' id='word_1_80' title='bbox 1657 849 1746 888; x_wconf 84' lang='grc' dir='ltr'><strong><em>χω·-</em></strong></span> 
     </span>
     <span class='ocr_line' id='line_1_11' title="bbox 278 897 1802 957; baseline 0.001 -14"><span class='ocrx_word' id='word_1_81' title='bbox 278 906 399 957; x_wconf 81' lang='grc' dir='ltr'><strong><em>ρῆσαι</em></strong></span> <span class='ocrx_word' id='word_1_82' title='bbox 419 900 524 943; x_wconf 78' lang='grc' dir='ltr'><strong><em>κατὰ</em></strong></span> <span class='ocrx_word' id='word_1_83' title='bbox 543 902 617 942; x_wconf 74' lang='grc' dir='ltr'><strong>τοῦ</strong></span> <span class='ocrx_word' id='word_1_84' title='bbox 633 897 846 957; x_wconf 86' lang='grc' dir='ltr'><strong><em>τυράννου.</em></strong></span> <span class='ocrx_word' id='word_1_85' title='bbox 911 899 1056 957; x_wconf 70' lang='grc' dir='ltr'><strong><em>’ἤρεσεν</em></strong></span> <span class='ocrx_word' id='word_1_86' title='bbox 1073 897 1099 956; x_wconf 80' lang='grc' dir='ltr'><strong><em>ἦ</em></strong></span> <span class='ocrx_word' id='word_1_87' title='bbox 1122 899 1284 957; x_wconf 84' lang='grc' dir='ltr'><strong><em>γνώμη,</em></strong></span> <span class='ocrx_word' id='word_1_88' title='bbox 1313 903 1381 945; x_wconf 85' lang='grc' dir='ltr'><strong><em>καὶ</em></strong></span> <span class='ocrx_word' id='word_1_89' title='bbox 1400 901 1595 956; x_wconf 84' lang='grc' dir='ltr'><strong><em>πέμπεται</em></strong></span> <span class='ocrx_word' id='word_1_90' title='bbox 1614 902 1742 946; x_wconf 84' lang='grc' dir='ltr'><strong><em>Λέων</em></strong></span> <span class='ocrx_word' id='word_1_91' title='bbox 1754 906 1802 944; x_wconf 83' lang='grc'><strong>10</strong></span> 
     </span>
     <span class='ocr_line' id='line_1_12' title="bbox 278 966 1746 1027; baseline 0 -14"><span class='ocrx_word' id='word_1_92' title='bbox 278 969 300 1013; x_wconf 81' lang='grc' dir='ltr'>ὁ</span> <span class='ocrx_word' id='word_1_93' title='bbox 326 973 400 1013; x_wconf 80' lang='grc' dir='ltr'><strong>τοῦ</strong></span> <span class='ocrx_word' id='word_1_94' title='bbox 422 968 623 1024; x_wconf 79' lang='grc' dir='ltr'><strong><em>βασιλέως</em></strong></span> <span class='ocrx_word' id='word_1_95' title='bbox 644 967 1033 1025; x_wconf 81' lang='grc' dir='ltr'><strong><em>πρωτοβεστιάριος,</em></strong></span> <span class='ocrx_word' id='word_1_96' title='bbox 1062 966 1294 1023; x_wconf 80' lang='grc' dir='ltr'><strong><em>σύμβουλον</em></strong></span> <span class='ocrx_word' id='word_1_97' title='bbox 1318 969 1494 1027; x_wconf 80' lang='grc' dir='ltr'><strong><em>εἴληφώς</em></strong></span> <span class='ocrx_word' id='word_1_98' title='bbox 1516 972 1589 1013; x_wconf 79' lang='grc' dir='ltr'><strong><em>καῖ</em></strong></span> <span class='ocrx_word' id='word_1_99' title='bbox 1605 968 1746 1013; x_wconf 83' lang='grc' dir='ltr'><strong><em>Ἰωάν-</em></strong></span> 
     </span>
     <span class='ocr_line' id='line_1_13' title="bbox 278 1035 1746 1095; baseline 0.001 -14"><span class='ocrx_word' id='word_1_100' title='bbox 278 1056 351 1095; x_wconf 85' lang='grc' dir='ltr'><strong>νην</strong></span> <span class='ocrx_word' id='word_1_101' title='bbox 375 1038 466 1081; x_wconf 79' lang='grc' dir='ltr'><strong><em>τινὰ</em></strong></span> <span class='ocrx_word' id='word_1_102' title='bbox 492 1037 723 1094; x_wconf 82' lang='grc' dir='ltr'><strong><em>πατρίκιον,</em></strong></span> <span class='ocrx_word' id='word_1_103' title='bbox 757 1036 891 1094; x_wconf 73' lang='grc' dir='ltr'><strong><em>ἄνδρα</em></strong></span> <span class='ocrx_word' id='word_1_104' title='bbox 912 1038 1106 1092; x_wconf 74' lang='grc' dir='ltr'><strong><em>ἐπίσημον</em></strong></span> <span class='ocrx_word' id='word_1_105' title='bbox 1126 1039 1194 1080; x_wconf 82' lang='grc' dir='ltr'><strong><em>καὶ</em></strong></span> <span class='ocrx_word' id='word_1_106' title='bbox 1213 1038 1276 1080; x_wconf 74' lang='grc' dir='ltr'><strong><em>ἐπὶ</em></strong></span> <span class='ocrx_word' id='word_1_107' title='bbox 1298 1035 1426 1094; x_wconf 83' lang='grc' dir='ltr'><strong><em>λόγων</em></strong></span> <span class='ocrx_word' id='word_1_108' title='bbox 1448 1039 1523 1090; x_wconf 66' lang='grc' dir='ltr'><strong><em>ἕξει</em></strong></span> <span class='ocrx_word' id='word_1_109' title='bbox 1542 1039 1746 1094; x_wconf 81' lang='grc' dir='ltr'><strong><em>βεβοημέ-</em></strong></span> 
     </span>
     <span class='ocr_line' id='line_1_14' title="bbox 279 1096 1746 1160; baseline 0 -10"><span class='ocrx_word' id='word_1_110' title='bbox 279 1125 349 1150; x_wconf 88' lang='grc' dir='ltr'><strong>νον</strong></span> <span class='ocrx_word' id='word_1_111' title='bbox 359 1139 374 1160; x_wconf 84' lang='lat'><em>,</em></span> <span class='ocrx_word' id='word_1_112' title='bbox 409 1106 593 1156; x_wconf 72' lang='grc' dir='ltr'><strong><em>ἐξουσίαν</em></strong></span> <span class='ocrx_word' id='word_1_113' title='bbox 612 1096 668 1148; x_wconf 38' lang='grc' dir='ltr'><strong>’ἐκ</strong></span> <span class='ocrx_word' id='word_1_114' title='bbox 696 1106 899 1160; x_wconf 78' lang='grc' dir='ltr'><strong><em>βασιλέως</em></strong></span> <span class='ocrx_word' id='word_1_115' title='bbox 930 1104 1146 1160; x_wconf 79' lang='grc' dir='ltr'><strong><em>δεξάμενος</em></strong></span> <span class='ocrx_word' id='word_1_116' title='bbox 1175 1104 1307 1150; x_wconf 87' lang='grc' dir='ltr'><strong><em>πάντα</em></strong></span> <span class='ocrx_word' id='word_1_117' title='bbox 1337 1105 1589 1158; x_wconf 79' lang='grc' dir='ltr'><strong><em>ἀδιστάκτως</em></strong></span> <span class='ocrx_word' id='word_1_118' title='bbox 1618 1113 1746 1150; x_wconf 78' lang='grc' dir='ltr'><strong><em>ποιεῖν</em></strong></span> 
     </span>
     <span class='ocr_line' id='line_1_15' title="bbox 281 1168 1746 1233; baseline 0 -15"><span class='ocrx_word' id='word_1_119' title='bbox 281 1174 360 1218; x_wconf 79' lang='grc' dir='ltr'><strong>ὅσα</strong></span> <span class='ocrx_word' id='word_1_120' title='bbox 380 1174 509 1225; x_wconf 71' lang='grc' dir='ltr'><strong><em>ἔξεστι</em></strong></span> <span class='ocrx_word' id='word_1_121' title='bbox 527 1177 700 1227; x_wconf 79' lang='grc' dir='ltr'><strong><em>βασιλεῖ’.</em></strong></span> <span class='ocrx_word' id='word_1_122' title='bbox 769 1173 946 1225; x_wconf 74' lang='grc' dir='ltr'><strong><em>ἐξελθὼν</em></strong></span> <span class='ocrx_word' id='word_1_123' title='bbox 966 1168 1037 1216; x_wconf 71' lang='grc' dir='ltr'><strong><em>οὖν</em></strong></span> <span class='ocrx_word' id='word_1_124' title='bbox 1060 1175 1127 1216; x_wconf 82' lang='grc' dir='ltr'><strong><em>καὶ</em></strong></span> <span class='ocrx_word' id='word_1_125' title='bbox 1148 1174 1254 1217; x_wconf 80' lang='grc' dir='ltr'><strong><em>κατὰ</em></strong></span> <span class='ocrx_word' id='word_1_126' title='bbox 1271 1173 1317 1217; x_wconf 80' lang='grc' dir='ltr'><strong>τὸ</strong></span> <span class='ocrx_word' id='word_1_127' title='bbox 1340 1179 1412 1230; x_wconf 82' lang='grc' dir='ltr'><strong>τῆς</strong></span> <span class='ocrx_word' id='word_1_128' title='bbox 1435 1177 1617 1233; x_wconf 85' lang='grc' dir='ltr'><strong><em>Φρυγίας</em></strong></span> <span class='ocrx_word' id='word_1_129' title='bbox 1632 1174 1746 1232; x_wconf 82' lang='grc' dir='ltr'><strong><em>γἐνό-</em></strong></span> 
     </span>
     <span class='ocr_line' id='line_1_16' title="bbox 281 1239 1801 1302; baseline 0.001 -15"><span class='ocrx_word' id='word_1_130' title='bbox 281 1260 400 1301; x_wconf 82' lang='grc' dir='ltr'><strong><em>μενος</em></strong></span> <span class='ocrx_word' id='word_1_131' title='bbox 417 1239 641 1286; x_wconf 85' lang='grc' dir='ltr'><strong><em>Κοτυάειον</em></strong></span> <span class='ocrx_word' id='word_1_132' title='bbox 661 1243 728 1285; x_wconf 82' lang='grc' dir='ltr'><strong><em>καὶ</em></strong></span> <span class='ocrx_word' id='word_1_133' title='bbox 747 1247 806 1301; x_wconf 75' lang='grc' dir='ltr'><strong>τῷ</strong></span> <span class='ocrx_word' id='word_1_134' title='bbox 825 1241 1160 1300; x_wconf 75' lang='grc' dir='ltr'><strong><em>στρατοπεδάρχῃ</em></strong></span> <span class='ocrx_word' id='word_1_135' title='bbox 1180 1240 1344 1294; x_wconf 78' lang='grc' dir='ltr'><strong><em>ἕνωθεὶς</em></strong></span> <span class='ocrx_word' id='word_1_136' title='bbox 1361 1243 1509 1302; x_wconf 81' lang='grc' dir='ltr'><strong><em>Πέτρῳ</em></strong></span> <span class='ocrx_word' id='word_1_137' title='bbox 1529 1245 1651 1287; x_wconf 78' lang='grc' dir='ltr'><strong><em>ἓκεῖσε</em></strong></span> <span class='ocrx_word' id='word_1_138' title='bbox 1671 1242 1745 1300; x_wconf 81' lang='grc' dir='ltr'><strong>τὴν</strong></span> <span class='ocrx_word' id='word_1_139' title='bbox 1758 1251 1801 1288; x_wconf 84' lang='grc'><strong>15</strong></span> 
     </span>
     <span class='ocr_line' id='line_1_17' title="bbox 282 1308 1746 1369; baseline 0.001 -15"><span class='ocrx_word' id='word_1_140' title='bbox 282 1311 544 1369; x_wconf 81' lang='grc' dir='ltr'><strong><em>παρεμβολὴν</em></strong></span> <span class='ocrx_word' id='word_1_141' title='bbox 565 1309 738 1367; x_wconf 74' lang='grc' dir='ltr'><strong><em>ἐπήξατο</em></strong></span> <span class='ocrx_word' id='word_1_142' title='bbox 745 1343 760 1364; x_wconf 84' lang='lat'><em>,</em></span> <span class='ocrx_word' id='word_1_143' title='bbox 788 1311 1137 1366; x_wconf 76' lang='grc' dir='ltr'><strong><em>κατεσκηνωμένου</em></strong></span> <span class='ocrx_word' id='word_1_144' title='bbox 1160 1316 1234 1354; x_wconf 79' lang='grc' dir='ltr'><strong>τοῦ</strong></span> <span class='ocrx_word' id='word_1_145' title='bbox 1253 1308 1402 1369; x_wconf 87' lang='grc' dir='ltr'><strong><em>Βάρδα</em></strong></span> <span class='ocrx_word' id='word_1_146' title='bbox 1422 1310 1686 1368; x_wconf 81' lang='grc' dir='ltr'><strong><em>τυγχάνοντος</em></strong></span> <span class='ocrx_word' id='word_1_147' title='bbox 1703 1313 1746 1356; x_wconf 70' lang='grc' dir='ltr'><strong><em>ἓν</em></strong></span> 
     </span>
     <span class='ocr_line' id='line_1_18' title="bbox 281 1377 1747 1439; baseline 0 -15"><span class='ocrx_word' id='word_1_148' title='bbox 281 1385 340 1439; x_wconf 74' lang='grc' dir='ltr'><strong>τῷ</strong></span> <span class='ocrx_word' id='word_1_149' title='bbox 359 1377 610 1438; x_wconf 83' lang='grc' dir='ltr'><strong><em>Λιποτάμῳ·</em></strong></span> <span class='ocrx_word' id='word_1_150' title='bbox 635 1380 787 1436; x_wconf 83' lang='grc' dir='ltr'><strong><em>χωρίον</em></strong></span> <span class='ocrx_word' id='word_1_151' title='bbox 806 1380 851 1423; x_wconf 76' lang='grc' dir='ltr'><strong>δὲ</strong></span> <span class='ocrx_word' id='word_1_152' title='bbox 867 1379 1077 1434; x_wconf 80' lang='grc' dir='ltr'><strong><em>βασιλικὸν</em></strong></span> <span class='ocrx_word' id='word_1_153' title='bbox 1093 1380 1139 1422; x_wconf 86' lang='grc' dir='ltr'><strong>τὸ</strong></span> <span class='ocrx_word' id='word_1_154' title='bbox 1159 1379 1422 1435; x_wconf 85' lang='grc' dir='ltr'><strong><em>Διπόταμον,</em></strong></span> <span class='ocrx_word' id='word_1_155' title='bbox 1448 1379 1472 1423; x_wconf 80' lang='grc' dir='ltr'>ὃ</span> <span class='ocrx_word' id='word_1_156' title='bbox 1491 1379 1747 1424; x_wconf 87' lang='grc' dir='ltr'><strong><em>Μεσάνακτα</em></strong></span> 
     </span>
     <span class='ocr_line' id='line_1_19' title="bbox 140 1443 1748 1508; baseline 0.001 -18"><span class='ocrx_word' id='word_1_157' title='bbox 140 1457 168 1490; x_wconf 88' lang='lat' dir='ltr'>P</span> <span class='ocrx_word' id='word_1_158' title='bbox 194 1457 261 1493; x_wconf 88' lang='lat'><strong>689</strong></span> <span class='ocrx_word' id='word_1_159' title='bbox 282 1447 624 1503; x_wconf 79' lang='grc' dir='ltr'><strong><em>κατονομάζουσιν</em></strong></span> <span class='ocrx_word' id='word_1_160' title='bbox 652 1448 691 1490; x_wconf 78' lang='grc' dir='ltr'><strong>οἳ</strong></span> <span class='ocrx_word' id='word_1_161' title='bbox 715 1446 914 1505; x_wconf 72' lang='grc' dir='ltr'><strong><em>ἐγχώριοι.</em></strong></span> <span class='ocrx_word' id='word_1_162' title='bbox 981 1446 1123 1508; x_wconf 72' lang='grc' dir='ltr'><strong><em>λάθρᾳ</em></strong></span> <span class='ocrx_word' id='word_1_163' title='bbox 1149 1443 1220 1491; x_wconf 75' lang='grc' dir='ltr'><strong><em>οὖν</em></strong></span> <span class='ocrx_word' id='word_1_164' title='bbox 1243 1447 1480 1503; x_wconf 73' lang='grc' dir='ltr'><strong><em>ὑποσχέσεσι</em></strong></span> <span class='ocrx_word' id='word_1_165' title='bbox 1501 1451 1661 1506; x_wconf 82' lang='grc' dir='ltr'><strong><em>δωρεῶν</em></strong></span> <span class='ocrx_word' id='word_1_166' title='bbox 1678 1450 1748 1492; x_wconf 81' lang='grc' dir='ltr'><strong><em>καὶ</em></strong></span> 
     </span>
     <span class='ocr_line' id='line_1_20' title="bbox 283 1515 1749 1575; baseline 0 -15"><span class='ocrx_word' id='word_1_167' title='bbox 283 1521 411 1573; x_wconf 79' lang='grc' dir='ltr'><strong><em>τιμῶν</em></strong></span> <span class='ocrx_word' id='word_1_168' title='bbox 433 1520 732 1573; x_wconf 81' lang='grc' dir='ltr'><strong><em>προβιβασμοΐς</em></strong></span> <span class='ocrx_word' id='word_1_169' title='bbox 752 1518 939 1574; x_wconf 76' lang='grc' dir='ltr'><strong><em>ἐπειρᾶτο</em></strong></span> <span class='ocrx_word' id='word_1_170' title='bbox 961 1515 1166 1574; x_wconf 76' lang='grc' dir='ltr'><strong><em>διασύρειν</em></strong></span> <span class='ocrx_word' id='word_1_171' title='bbox 1188 1517 1282 1568; x_wconf 81' lang='grc' dir='ltr'><strong><em>τοὺς</em></strong></span> <span class='ocrx_word' id='word_1_172' title='bbox 1301 1516 1535 1568; x_wconf 79' lang='grc' dir='ltr'><strong><em>ἀποστάτας</em></strong></span> <span class='ocrx_word' id='word_1_173' title='bbox 1558 1519 1625 1560; x_wconf 82' lang='grc' dir='ltr'><strong><em>καὶ</em></strong></span> <span class='ocrx_word' id='word_1_174' title='bbox 1645 1518 1749 1575; x_wconf 83' lang='grc' dir='ltr'><strong><em>πρὸς</em></strong></span> 
     </span>
     <span class='ocr_line' id='line_1_21' title="bbox 283 1583 1804 1643; baseline 0.001 -15"><span class='ocrx_word' id='word_1_175' title='bbox 283 1584 428 1629; x_wconf 63' lang='grc' dir='ltr'><strong><em>ἑαυτὸν</em></strong></span> <span class='ocrx_word' id='word_1_176' title='bbox 460 1587 714 1628; x_wconf 71' lang='grc' dir='ltr'><strong><em>ἐπισπᾶσθαι</em></strong></span> <span class='ocrx_word' id='word_1_177' title='bbox 739 1587 807 1627; x_wconf 80' lang='grc' dir='ltr'><strong><em>καὶ</em></strong></span> <span class='ocrx_word' id='word_1_178' title='bbox 838 1584 976 1635; x_wconf 66' lang='grc' dir='ltr'><strong><em>εὔνους</em></strong></span> <span class='ocrx_word' id='word_1_179' title='bbox 1004 1585 1161 1628; x_wconf 75' lang='grc' dir='ltr'><strong><em>τιθέναι</em></strong></span> <span class='ocrx_word' id='word_1_180' title='bbox 1186 1589 1245 1643; x_wconf 75' lang='grc' dir='ltr'><strong>τῷ</strong></span> <span class='ocrx_word' id='word_1_181' title='bbox 1273 1589 1454 1639; x_wconf 79' lang='grc' dir='ltr'><strong><em>βασιλεῖ,</em></strong></span> <span class='ocrx_word' id='word_1_182' title='bbox 1483 1583 1682 1629; x_wconf 68' lang='grc' dir='ltr'><strong><em>ἐλάνθανε</em></strong></span> <span class='ocrx_word' id='word_1_183' title='bbox 1701 1587 1804 1629; x_wconf 73' lang='grc' dir='ltr'><strong>δὲΞθ</strong></span> 
     </span>
     <span class='ocr_line' id='line_1_22' title="bbox 282 1652 1747 1711; baseline 0 -14"><span class='ocrx_word' id='word_1_184' title='bbox 282 1658 439 1710; x_wconf 84' lang='grc' dir='ltr'><strong><em>μᾶλλον</em></strong></span> <span class='ocrx_word' id='word_1_185' title='bbox 461 1654 705 1711; x_wconf 77' lang='grc' dir='ltr'><strong><em>ἓπιρρωννὺς</em></strong></span> <span class='ocrx_word' id='word_1_186' title='bbox 724 1652 771 1697; x_wconf 82' lang='grc' dir='ltr'><strong>τὸ</strong></span> <span class='ocrx_word' id='word_1_187' title='bbox 796 1653 1033 1705; x_wconf 80' lang='grc' dir='ltr'><strong><em>ἀντίπαλον,</em></strong></span> <span class='ocrx_word' id='word_1_188' title='bbox 1064 1653 1278 1704; x_wconf 78' lang='grc' dir='ltr'><strong><em>ἀσθενείας</em></strong></span> <span class='ocrx_word' id='word_1_189' title='bbox 1304 1660 1468 1709; x_wconf 79' lang='grc' dir='ltr'><strong><em>σημεῖον</em></strong></span> <span class='ocrx_word' id='word_1_190' title='bbox 1494 1653 1747 1710; x_wconf 80' lang='grc' dir='ltr'><strong><em>λογιζόμενον</em></strong></span> 
     </span>
     <span class='ocr_line' id='line_1_23' title="bbox 284 1719 1749 1779; baseline 0 -13"><span class='ocrx_word' id='word_1_191' title='bbox 284 1723 358 1778; x_wconf 83' lang='grc' dir='ltr'><strong>τὴν</strong></span> <span class='ocrx_word' id='word_1_192' title='bbox 382 1719 645 1779; x_wconf 83' lang='grc' dir='ltr'><strong><em>παράκλησιν.</em></strong></span> <span class='ocrx_word' id='word_1_193' title='bbox 711 1719 812 1765; x_wconf 79' lang='grc' dir='ltr'><strong><em>ὅθεν</em></strong></span> <span class='ocrx_word' id='word_1_194' title='bbox 831 1723 899 1765; x_wconf 84' lang='grc' dir='ltr'><strong><em>καὶ</em></strong></span> <span class='ocrx_word' id='word_1_195' title='bbox 919 1720 1138 1778; x_wconf 79' lang='grc' dir='ltr'><strong><em>ἀπογνούς,</em></strong></span> <span class='ocrx_word' id='word_1_196' title='bbox 1165 1721 1270 1779; x_wconf 77' lang='grc' dir='ltr'><strong><em>ἄρας</em></strong></span> <span class='ocrx_word' id='word_1_197' title='bbox 1286 1722 1330 1765; x_wconf 63' lang='lat' dir='ltr'><strong>g„</strong></span> <span class='ocrx_word' id='word_1_198' title='bbox 1350 1723 1576 1766; x_wconf 87' lang='grc' dir='ltr'><strong><em>Κοτυαείου</em></strong></span> <span class='ocrx_word' id='word_1_199' title='bbox 1593 1725 1662 1765; x_wconf 85' lang='grc' dir='ltr'><strong><em>καὶ</em></strong></span> <span class='ocrx_word' id='word_1_200' title='bbox 1678 1722 1749 1767; x_wconf 82' lang='grc' dir='ltr'><strong>τὸν</strong></span> 
     </span>
     <span class='ocr_line' id='line_1_24' title="bbox 287 1788 1749 1850; baseline 0.001 -16"><span class='ocrx_word' id='word_1_201' title='bbox 287 1791 474 1849; x_wconf 78' lang='grc' dir='ltr'><strong><em>Σκληρὸν</em></strong></span> <span class='ocrx_word' id='word_1_202' title='bbox 493 1790 637 1842; x_wconf 85' lang='grc' dir='ltr'><strong><em>νυκτὸς</em></strong></span> <span class='ocrx_word' id='word_1_203' title='bbox 656 1788 892 1850; x_wconf 84' lang='grc' dir='ltr'><strong><em>παρελάσας</em></strong></span> <span class='ocrx_word' id='word_1_204' title='bbox 909 1789 1049 1849; x_wconf 73' lang='grc' dir='ltr'><strong><em>ἐχώρει</em></strong></span> <span class='ocrx_word' id='word_1_205' title='bbox 1069 1790 1171 1849; x_wconf 85' lang='grc' dir='ltr'><strong><em>πρὸς</em></strong></span> <span class='ocrx_word' id='word_1_206' title='bbox 1188 1790 1262 1846; x_wconf 82' lang='grc' dir='ltr'><strong>τὴν</strong></span> <span class='ocrx_word' id='word_1_207' title='bbox 1279 1789 1493 1846; x_wconf 82' lang='grc' dir='ltr'><strong><em>ἀνατολήν.</em></strong></span> <span class='ocrx_word' id='word_1_208' title='bbox 1559 1797 1679 1835; x_wconf 71' lang='grc' dir='ltr'><strong><em>τοῦτο</em></strong></span> <span class='ocrx_word' id='word_1_209' title='bbox 1701 1792 1749 1835; x_wconf 81' lang='grc' dir='ltr'><strong>τὸ</strong></span> 
     </span>
    </p>
   </div>
   <div class='ocr_carea' id='block_1_3' title="bbox 376 1909 670 1956">
    <p class='ocr_par' dir='ltr' id='par_1_3' title="bbox 376 1909 670 1956">
     <span class='ocr_line' id='line_1_25' title="bbox 376 1909 670 1956; baseline 0 -10"><span class='ocrx_word' id='word_1_210' title='bbox 376 1909 400 1946; x_wconf 83' lang='lat'><em>8</em></span> <span class='ocrx_word' id='word_1_211' title='bbox 421 1909 614 1956; x_wconf 79' lang='grc' dir='ltr'><strong><em>κουρτικίῳ</em></strong></span> <span class='ocrx_word' id='word_1_212' title='bbox 636 1909 670 1946; x_wconf 82' lang='lat' dir='ltr'>C</span> 
     </span>
    </p>
   </div>
   <div class='ocr_carea' id='block_1_4' title="bbox 284 2011 1752 2875">
    <p class='ocr_par' dir='ltr' id='par_1_4' title="bbox 284 2011 1749 2196">
     <span class='ocr_line' id='line_1_26' title="bbox 287 2011 1749 2059; baseline 0 -11"><span class='ocrx_word' id='word_1_213' title='bbox 287 2013 363 2050; x_wconf 82' lang='lat' dir='ltr'><strong>clus</strong></span> <span class='ocrx_word' id='word_1_214' title='bbox 386 2024 427 2047; x_wconf 84' lang='lat' dir='ltr'><strong>ac</strong></span> <span class='ocrx_word' id='word_1_215' title='bbox 449 2013 539 2058; x_wconf 88' lang='lat' dir='ltr'><strong>dux,</strong></span> <span class='ocrx_word' id='word_1_216' title='bbox 563 2013 767 2058; x_wconf 83' lang='lat' dir='ltr'><strong>cognomine</strong></span> <span class='ocrx_word' id='word_1_217' title='bbox 785 2012 928 2058; x_wconf 84' lang='lat' dir='ltr'><strong>Lydus,</strong></span> <span class='ocrx_word' id='word_1_218' title='bbox 951 2023 1028 2048; x_wconf 82' lang='lat' dir='ltr'><strong>cum</strong></span> <span class='ocrx_word' id='word_1_219' title='bbox 1047 2012 1142 2047; x_wconf 80' lang='lat' dir='ltr'><strong>filiis.</strong></span> <span class='ocrx_word' id='word_1_220' title='bbox 1186 2011 1410 2047; x_wconf 81' lang='lat' dir='ltr'><strong>-Attaleenses</strong></span> <span class='ocrx_word' id='word_1_221' title='bbox 1433 2021 1572 2059; x_wconf 85' lang='lat' dir='ltr'><strong>quoque</strong></span> <span class='ocrx_word' id='word_1_222' title='bbox 1590 2011 1749 2048; x_wconf 85' lang='lat' dir='ltr'><strong>Michae-</strong></span> 
     </span>
     <span class='ocr_line' id='line_1_27' title="bbox 284 2058 1748 2105; baseline 0.001 -13"><span class='ocrx_word' id='word_1_223' title='bbox 284 2059 354 2093; x_wconf 84' lang='lat' dir='ltr'><strong>lum</strong></span> <span class='ocrx_word' id='word_1_224' title='bbox 391 2059 568 2094; x_wconf 79' lang='lat' dir='ltr'><strong>Cui-ticam</strong></span> <span class='ocrx_word' id='word_1_225' title='bbox 602 2060 723 2094; x_wconf 82' lang='lat' dir='ltr'><strong>classis</strong></span> <span class='ocrx_word' id='word_1_226' title='bbox 754 2060 1002 2105; x_wconf 81' lang='lat' dir='ltr'><strong>imperatoriae</strong></span> <span class='ocrx_word' id='word_1_227' title='bbox 1032 2059 1246 2104; x_wconf 83' lang='lat' dir='ltr'><strong>praefectum</strong></span> <span class='ocrx_word' id='word_1_228' title='bbox 1280 2059 1317 2092; x_wconf 92' lang='lat' dir='ltr'><strong>in</strong></span> <span class='ocrx_word' id='word_1_229' title='bbox 1349 2058 1489 2093; x_wconf 87' lang='lat' dir='ltr'><strong>vincula</strong></span> <span class='ocrx_word' id='word_1_230' title='bbox 1511 2058 1748 2104; x_wconf 87' lang='lat' dir='ltr'><strong>coniecerunt,</strong></span> 
     </span>
     <span class='ocr_line' id='line_1_28' title="bbox 288 2104 1749 2151; baseline 0.001 -12"><span class='ocrx_word' id='word_1_231' title='bbox 288 2110 325 2139; x_wconf 87' lang='lat' dir='ltr'><strong>et</strong></span> <span class='ocrx_word' id='word_1_232' title='bbox 357 2105 452 2140; x_wconf 91' lang='lat' dir='ltr'><strong>Duro</strong></span> <span class='ocrx_word' id='word_1_233' title='bbox 483 2116 557 2139; x_wconf 86' lang='lat' dir='ltr'><strong>cum</strong></span> <span class='ocrx_word' id='word_1_234' title='bbox 588 2105 753 2140; x_wconf 86' lang='lat' dir='ltr'><strong>universa</strong></span> <span class='ocrx_word' id='word_1_235' title='bbox 776 2107 886 2140; x_wconf 87' lang='lat' dir='ltr'><strong>classe</strong></span> <span class='ocrx_word' id='word_1_236' title='bbox 912 2110 1159 2151; x_wconf 82' lang='lat' dir='ltr'><strong>accesserunt,</strong></span> <span class='ocrx_word' id='word_1_237' title='bbox 1192 2104 1349 2150; x_wconf 77' lang='lat' dir='ltr'><strong>iussique</strong></span> <span class='ocrx_word' id='word_1_238' title='bbox 1371 2109 1453 2139; x_wconf 85' lang='lat' dir='ltr'><strong>sunt</strong></span> <span class='ocrx_word' id='word_1_239' title='bbox 1472 2104 1534 2139; x_wconf 86' lang='lat' dir='ltr'><strong>illo</strong></span> <span class='ocrx_word' id='word_1_240' title='bbox 1556 2104 1635 2151; x_wconf 82' lang='lat' dir='ltr'><strong>ipso</strong></span> <span class='ocrx_word' id='word_1_241' title='bbox 1659 2106 1749 2140; x_wconf 73' lang='lat' dir='ltr'><strong>duce</strong></span> 
     </span>
     <span class='ocr_line' id='line_1_29' title="bbox 287 2151 994 2196; baseline 0.001 -12"><span class='ocrx_word' id='word_1_242' title='bbox 287 2155 411 2185; x_wconf 87' lang='lat' dir='ltr'><strong>contra</strong></span> <span class='ocrx_word' id='word_1_243' title='bbox 433 2151 683 2194; x_wconf 77' lang='lat' dir='ltr'><strong>Cibyrraeotas</strong></span> <span class='ocrx_word' id='word_1_244' title='bbox 706 2153 832 2187; x_wconf 91' lang='lat' dir='ltr'><strong>bellum</strong></span> <span class='ocrx_word' id='word_1_245' title='bbox 856 2163 994 2196; x_wconf 85' lang='lat' dir='ltr'><strong>gerere.</strong></span> 
     </span>
    </p>

    <p class='ocr_par' dir='ltr' id='par_1_5' title="bbox 287 2194 1752 2875">
     <span class='ocr_line' id='line_1_30' title="bbox 377 2194 1748 2242; baseline -0.001 -11"><span class='ocrx_word' id='word_1_246' title='bbox 377 2197 446 2232; x_wconf 88' lang='lat' dir='ltr'><strong>His</strong></span> <span class='ocrx_word' id='word_1_247' title='bbox 474 2197 678 2242; x_wconf 85' lang='lat' dir='ltr'><strong>imperatori</strong></span> <span class='ocrx_word' id='word_1_248' title='bbox 710 2202 748 2232; x_wconf 91' lang='lat' dir='ltr'><strong>et</strong></span> <span class='ocrx_word' id='word_1_249' title='bbox 782 2197 996 2233; x_wconf 87' lang='lat' dir='ltr'><strong>cubiculario</strong></span> <span class='ocrx_word' id='word_1_250' title='bbox 1030 2196 1221 2242; x_wconf 86' lang='lat' dir='ltr'><strong>nuntiatis,</strong></span> <span class='ocrx_word' id='word_1_251' title='bbox 1257 2194 1378 2230; x_wconf 80' lang='lat' dir='ltr'><strong>habito</strong></span> <span class='ocrx_word' id='word_1_252' title='bbox 1402 2194 1547 2230; x_wconf 85' lang='lat' dir='ltr'><strong>consilio</strong></span> <span class='ocrx_word' id='word_1_253' title='bbox 1571 2195 1748 2231; x_wconf 86' lang='lat' dir='ltr'><strong>decretum</strong></span> 
     </span>
     <span class='ocr_line' id='line_1_31' title="bbox 288 2241 1751 2289; baseline 0.001 -13"><span class='ocrx_word' id='word_1_254' title='bbox 288 2245 343 2276; x_wconf 85' lang='lat' dir='ltr'><strong>est</strong></span> <span class='ocrx_word' id='word_1_255' title='bbox 375 2249 415 2277; x_wconf 90' lang='lat' dir='ltr'><strong>ut</strong></span> <span class='ocrx_word' id='word_1_256' title='bbox 445 2243 581 2287; x_wconf 83' lang='lat' dir='ltr'><strong>quidam</strong></span> <span class='ocrx_word' id='word_1_257' title='bbox 610 2244 832 2289; x_wconf 81' lang='lat' dir='ltr'><strong>imperatoris</strong></span> <span class='ocrx_word' id='word_1_258' title='bbox 864 2242 1102 2287; x_wconf 85' lang='lat' dir='ltr'>familiarium,</span> <span class='ocrx_word' id='word_1_259' title='bbox 1142 2243 1290 2287; x_wconf 78' lang='lat' dir='ltr'><strong>aequata</strong></span> <span class='ocrx_word' id='word_1_260' title='bbox 1323 2241 1398 2276; x_wconf 89' lang='lat' dir='ltr'><strong>eius</strong></span> <span class='ocrx_word' id='word_1_261' title='bbox 1428 2252 1504 2276; x_wconf 91' lang='lat' dir='ltr'><strong>cum</strong></span> <span class='ocrx_word' id='word_1_262' title='bbox 1537 2241 1751 2287; x_wconf 75' lang='lat' dir='ltr'><strong>imperatore</strong></span> 
     </span>
     <span class='ocr_line' id='line_1_32' title="bbox 287 2287 1751 2335; baseline 0 -13"><span class='ocrx_word' id='word_1_263' title='bbox 287 2293 485 2333; x_wconf 80' lang='lat' dir='ltr'>potestate,</span> <span class='ocrx_word' id='word_1_264' title='bbox 508 2300 581 2323; x_wconf 91' lang='lat' dir='ltr'><strong>cum</strong></span> <span class='ocrx_word' id='word_1_265' title='bbox 604 2289 707 2335; x_wconf 88' lang='lat' dir='ltr'><strong>pleno</strong></span> <span class='ocrx_word' id='word_1_266' title='bbox 729 2289 896 2335; x_wconf 86' lang='lat' dir='ltr'><strong>imperio,</strong></span> <span class='ocrx_word' id='word_1_267' title='bbox 921 2294 956 2324; x_wconf 86' lang='lat' dir='ltr'><strong>et</strong></span> <span class='ocrx_word' id='word_1_268' title='bbox 979 2288 1035 2323; x_wconf 85' lang='lat' dir='ltr'><strong>cui</strong></span> <span class='ocrx_word' id='word_1_269' title='bbox 1054 2288 1259 2334; x_wconf 87' lang='lat' dir='ltr'><strong>permissum</strong></span> <span class='ocrx_word' id='word_1_270' title='bbox 1283 2292 1378 2322; x_wconf 84' lang='lat' dir='ltr'><strong>esset</strong></span> <span class='ocrx_word' id='word_1_271' title='bbox 1398 2287 1588 2322; x_wconf 81' lang='lat' dir='ltr'><strong>honoribus</strong></span> <span class='ocrx_word' id='word_1_272' title='bbox 1611 2299 1653 2322; x_wconf 84' lang='lat' dir='ltr'><strong>ac</strong></span> <span class='ocrx_word' id='word_1_273' title='bbox 1674 2293 1751 2322; x_wconf 73' lang='lat' dir='ltr'><strong>mu—</strong></span> 
     </span>
     <span class='ocr_line' id='line_1_33' title="bbox 287 2333 1752 2381; baseline 0.001 -14"><span class='ocrx_word' id='word_1_274' title='bbox 287 2334 431 2369; x_wconf 86' lang='lat' dir='ltr'><strong>neribus</strong></span> <span class='ocrx_word' id='word_1_275' title='bbox 466 2334 510 2368; x_wconf 87' lang='lat' dir='ltr'><strong>ad</strong></span> <span class='ocrx_word' id='word_1_276' title='bbox 543 2346 582 2369; x_wconf 85' lang='lat' dir='ltr'><strong>se</strong></span> <span class='ocrx_word' id='word_1_277' title='bbox 614 2347 700 2380; x_wconf 84' lang='lat' dir='ltr'><strong>quos</strong></span> <span class='ocrx_word' id='word_1_278' title='bbox 733 2340 854 2381; x_wconf 85' lang='lat' dir='ltr'><strong>posset</strong></span> <span class='ocrx_word' id='word_1_279' title='bbox 883 2334 1043 2379; x_wconf 84' lang='lat' dir='ltr'><strong>allicere,</strong></span> <span class='ocrx_word' id='word_1_280' title='bbox 1078 2335 1115 2369; x_wconf 91' lang='lat' dir='ltr'><strong>in</strong></span> <span class='ocrx_word' id='word_1_281' title='bbox 1137 2339 1321 2379; x_wconf 86' lang='lat' dir='ltr'><strong>tyrannum</strong></span> <span class='ocrx_word' id='word_1_282' title='bbox 1345 2333 1555 2368; x_wconf 77' lang='lat' dir='ltr'><strong>mitteretur.</strong></span> <span class='ocrx_word' id='word_1_283' title='bbox 1601 2333 1752 2368; x_wconf 79' lang='lat' dir='ltr'><strong>mittitur</strong></span> 
     </span>
     <span class='ocr_line' id='line_1_34' title="bbox 289 2378 1750 2427; baseline 0 -14"><span class='ocrx_word' id='word_1_284' title='bbox 289 2387 374 2424; x_wconf 84' lang='lat' dir='ltr'><strong>ergo</strong></span> <span class='ocrx_word' id='word_1_285' title='bbox 397 2380 549 2414; x_wconf 87' lang='lat' dir='ltr'><strong>dictator</strong></span> <span class='ocrx_word' id='word_1_286' title='bbox 569 2380 642 2415; x_wconf 91' lang='lat' dir='ltr'><strong>Leo</strong></span> <span class='ocrx_word' id='word_1_287' title='bbox 666 2381 978 2427; x_wconf 82' lang='lat' dir='ltr'><strong>protovestiarius,</strong></span> <span class='ocrx_word' id='word_1_288' title='bbox 1010 2381 1129 2416; x_wconf 85' lang='lat' dir='ltr'><strong>addito</strong></span> <span class='ocrx_word' id='word_1_289' title='bbox 1163 2379 1197 2414; x_wconf 91' lang='lat' dir='ltr'><strong>ei</strong></span> <span class='ocrx_word' id='word_1_290' title='bbox 1224 2378 1422 2414; x_wconf 86' lang='lat' dir='ltr'><strong>consiliario</strong></span> <span class='ocrx_word' id='word_1_291' title='bbox 1446 2378 1578 2413; x_wconf 78' lang='lat' dir='ltr'><strong>Ioanne</strong></span> <span class='ocrx_word' id='word_1_292' title='bbox 1600 2379 1750 2424; x_wconf 83' lang='lat' dir='ltr'><strong>quodam</strong></span> 
     </span>
     <span class='ocr_line' id='line_1_35' title="bbox 288 2424 1750 2472; baseline -0.001 -13"><span class='ocrx_word' id='word_1_293' title='bbox 288 2426 460 2471; x_wconf 85' lang='lat' dir='ltr'><strong>patricio,</strong></span> <span class='ocrx_word' id='word_1_294' title='bbox 497 2426 572 2460; x_wconf 89' lang='lat' dir='ltr'><strong>viro</strong></span> <span class='ocrx_word' id='word_1_295' title='bbox 605 2426 734 2472; x_wconf 84' lang='lat' dir='ltr'><strong>insigni</strong></span> <span class='ocrx_word' id='word_1_296' title='bbox 757 2432 792 2463; x_wconf 87' lang='lat' dir='ltr'><strong>et</strong></span> <span class='ocrx_word' id='word_1_297' title='bbox 815 2427 1037 2472; x_wconf 76' lang='lat' dir='ltr'><strong>eloquentiae</strong></span> <span class='ocrx_word' id='word_1_298' title='bbox 1063 2425 1210 2470; x_wconf 85' lang='lat' dir='ltr'><strong>nobilis,</strong></span> <span class='ocrx_word' id='word_1_299' title='bbox 1245 2425 1326 2460; x_wconf 85' lang='lat' dir='ltr'><strong>data</strong></span> <span class='ocrx_word' id='word_1_300' title='bbox 1349 2425 1392 2460; x_wconf 91' lang='lat' dir='ltr'><strong>ab</strong></span> <span class='ocrx_word' id='word_1_301' title='bbox 1415 2424 1625 2470; x_wconf 88' lang='lat' dir='ltr'><strong>imperatore</strong></span> <span class='ocrx_word' id='word_1_302' title='bbox 1646 2429 1750 2470; x_wconf 86' lang='lat' dir='ltr'><strong>pote-</strong></span> 
     </span>
     <span class='ocr_line' id='line_1_36' title="bbox 288 2469 1752 2518; baseline 0 -14"><span class='ocrx_word' id='word_1_303' title='bbox 288 2476 380 2506; x_wconf 80' lang='lat' dir='ltr'><strong>state</strong></span> <span class='ocrx_word' id='word_1_304' title='bbox 406 2471 520 2506; x_wconf 92' lang='lat' dir='ltr'><strong>omnia</strong></span> <span class='ocrx_word' id='word_1_305' title='bbox 542 2471 652 2506; x_wconf 87' lang='lat' dir='ltr'><strong>libere</strong></span> <span class='ocrx_word' id='word_1_306' title='bbox 675 2473 801 2518; x_wconf 78' lang='lat' dir='ltr'><strong>agendi</strong></span> <span class='ocrx_word' id='word_1_307' title='bbox 833 2485 923 2518; x_wconf 86' lang='lat' dir='ltr'><strong>quae</strong></span> <span class='ocrx_word' id='word_1_308' title='bbox 954 2485 998 2507; x_wconf 89' lang='lat' dir='ltr'><strong>ex</strong></span> <span class='ocrx_word' id='word_1_309' title='bbox 1027 2484 1092 2507; x_wconf 88' lang='lat' dir='ltr'><strong>usu</strong></span> <span class='ocrx_word' id='word_1_310' title='bbox 1123 2471 1344 2516; x_wconf 84' lang='lat' dir='ltr'><strong>imperatoris</strong></span> <span class='ocrx_word' id='word_1_311' title='bbox 1377 2475 1523 2508; x_wconf 45' lang='lat' dir='ltr'><strong>essents</strong></span> <span class='ocrx_word' id='word_1_312' title='bbox 1553 2469 1628 2505; x_wconf 88' lang='lat' dir='ltr'><strong>Leo</strong></span> <span class='ocrx_word' id='word_1_313' title='bbox 1657 2469 1752 2514; x_wconf 81' lang='lat' dir='ltr'><strong>apud</strong></span> 
     </span>
     <span class='ocr_line' id='line_1_37' title="bbox 290 2514 1752 2563; baseline 0 -13"><span class='ocrx_word' id='word_1_314' title='bbox 290 2515 497 2562; x_wconf 86' lang='lat' dir='ltr'><strong>Cotyaeium</strong></span> <span class='ocrx_word' id='word_1_315' title='bbox 521 2517 700 2562; x_wconf 83' lang='lat' dir='ltr'><strong>Phrygiae</strong></span> <span class='ocrx_word' id='word_1_316' title='bbox 723 2530 798 2553; x_wconf 88' lang='lat' dir='ltr'><strong>cum</strong></span> <span class='ocrx_word' id='word_1_317' title='bbox 820 2519 928 2554; x_wconf 85' lang='lat' dir='ltr'><strong>Petro</strong></span> <span class='ocrx_word' id='word_1_318' title='bbox 951 2531 990 2554; x_wconf 86' lang='lat' dir='ltr'><strong>se</strong></span> <span class='ocrx_word' id='word_1_319' title='bbox 1013 2518 1205 2563; x_wconf 83' lang='lat' dir='ltr'><strong>coniungit,</strong></span> <span class='ocrx_word' id='word_1_320' title='bbox 1228 2517 1349 2562; x_wconf 89' lang='lat' dir='ltr'><strong>ibique</strong></span> <span class='ocrx_word' id='word_1_321' title='bbox 1373 2521 1487 2551; x_wconf 74' lang='lat' dir='ltr'><strong>castra</strong></span> <span class='ocrx_word' id='word_1_322' title='bbox 1508 2514 1614 2551; x_wconf 84' lang='lat' dir='ltr'><strong>locat.</strong></span> <span class='ocrx_word' id='word_1_323' title='bbox 1658 2516 1752 2550; x_wconf 85' lang='lat' dir='ltr'><strong>Bat-</strong></span> 
     </span>
     <span class='ocr_line' id='line_1_38' title="bbox 291 2561 1752 2608; baseline -0.001 -12"><span class='ocrx_word' id='word_1_324' title='bbox 291 2564 354 2597; x_wconf 85' lang='lat' dir='ltr'><strong>das</strong></span> <span class='ocrx_word' id='word_1_325' title='bbox 379 2575 419 2597; x_wconf 89' lang='lat' dir='ltr'><strong>eo</strong></span> <span class='ocrx_word' id='word_1_326' title='bbox 443 2569 598 2608; x_wconf 88' lang='lat' dir='ltr'><strong>tempore</strong></span> <span class='ocrx_word' id='word_1_327' title='bbox 619 2563 798 2608; x_wconf 88' lang='lat' dir='ltr'><strong>Dipotami</strong></span> <span class='ocrx_word' id='word_1_328' title='bbox 820 2566 1108 2600; x_wconf 85' lang='lat' dir='ltr'><strong>commorabatur.</strong></span> <span class='ocrx_word' id='word_1_329' title='bbox 1154 2564 1192 2598; x_wconf 93' lang='lat' dir='ltr'><strong>id</strong></span> <span class='ocrx_word' id='word_1_330' title='bbox 1224 2567 1279 2597; x_wconf 87' lang='lat' dir='ltr'><strong>est</strong></span> <span class='ocrx_word' id='word_1_331' title='bbox 1304 2566 1455 2596; x_wconf 82' lang='lat' dir='ltr'><strong>castrum</strong></span> <span class='ocrx_word' id='word_1_332' title='bbox 1478 2561 1752 2606; x_wconf 86' lang='lat' dir='ltr'><strong>imperatorium,</strong></span> 
     </span>
     <span class='ocr_line' id='line_1_39' title="bbox 291 2608 1752 2656; baseline -0.001 -14"><span class='ocrx_word' id='word_1_333' title='bbox 291 2608 495 2643; x_wconf 82' lang='lat' dir='ltr'><strong>Mesanacta</strong></span> <span class='ocrx_word' id='word_1_334' title='bbox 518 2610 560 2643; x_wconf 86' lang='lat' dir='ltr'><strong>ab</strong></span> <span class='ocrx_word' id='word_1_335' title='bbox 584 2609 708 2644; x_wconf 80' lang='lat' dir='ltr'><strong>incolis</strong></span> <span class='ocrx_word' id='word_1_336' title='bbox 732 2611 955 2656; x_wconf 87' lang='lat' dir='ltr'><strong>appellatum.</strong></span> <span class='ocrx_word' id='word_1_337' title='bbox 1002 2609 1135 2644; x_wconf 85' lang='lat' dir='ltr'><strong>occulte</strong></span> <span class='ocrx_word' id='word_1_338' title='bbox 1168 2613 1282 2643; x_wconf 84' lang='lat' dir='ltr'><strong>autem</strong></span> <span class='ocrx_word' id='word_1_339' title='bbox 1303 2608 1382 2642; x_wconf 83' lang='lat' dir='ltr'><strong>&#39;Leo</strong></span> <span class='ocrx_word' id='word_1_340' title='bbox 1407 2612 1550 2655; x_wconf 84' lang='lat' dir='ltr'><strong>conatus</strong></span> <span class='ocrx_word' id='word_1_341' title='bbox 1574 2617 1752 2642; x_wconf 86' lang='lat' dir='ltr'><strong>munerum</strong></span> 
     </span>
     <span class='ocr_line' id='line_1_40' title="bbox 292 2652 1752 2702; baseline -0.001 -15"><span class='ocrx_word' id='word_1_342' title='bbox 292 2660 329 2688; x_wconf 88' lang='lat' dir='ltr'><strong>et</strong></span> <span class='ocrx_word' id='word_1_343' title='bbox 351 2654 516 2689; x_wconf 88' lang='lat' dir='ltr'><strong>honorum</strong></span> <span class='ocrx_word' id='word_1_344' title='bbox 538 2654 848 2698; x_wconf 80' lang='lat' dir='ltr'><strong>pollicitationibus</strong></span> <span class='ocrx_word' id='word_1_345' title='bbox 871 2656 1067 2702; x_wconf 86' lang='lat' dir='ltr'><strong>perduelles</strong></span> <span class='ocrx_word' id='word_1_346' title='bbox 1092 2667 1113 2690; x_wconf 87' lang='lat' dir='ltr'><strong>a</strong></span> <span class='ocrx_word' id='word_1_347' title='bbox 1135 2655 1254 2690; x_wconf 84' lang='lat' dir='ltr'><strong>Barda</strong></span> <span class='ocrx_word' id='word_1_348' title='bbox 1274 2652 1425 2688; x_wconf 86' lang='lat' dir='ltr'><strong>avellere</strong></span> <span class='ocrx_word' id='word_1_349' title='bbox 1448 2657 1485 2687; x_wconf 85' lang='lat' dir='ltr'><strong>et</strong></span> <span class='ocrx_word' id='word_1_350' title='bbox 1505 2653 1575 2687; x_wconf 84' lang='lat' dir='ltr'><strong>sibi</strong></span> <span class='ocrx_word' id='word_1_351' title='bbox 1596 2652 1752 2698; x_wconf 84' lang='lat' dir='ltr'><strong>impera-</strong></span> 
     </span>
     <span class='ocr_line' id='line_1_41' title="bbox 290 2698 1750 2746; baseline -0.001 -13"><span class='ocrx_word' id='word_1_352' title='bbox 290 2700 431 2745; x_wconf 88' lang='lat' dir='ltr'><strong>torique</strong></span> <span class='ocrx_word' id='word_1_353' title='bbox 462 2713 523 2735; x_wconf 85' lang='lat' dir='ltr'><strong>eos</strong></span> <span class='ocrx_word' id='word_1_354' title='bbox 557 2701 766 2746; x_wconf 86' lang='lat' dir='ltr'><strong>conciliare,</strong></span> <span class='ocrx_word' id='word_1_355' title='bbox 799 2702 909 2736; x_wconf 84' lang='lat' dir='ltr'><strong>falsus</strong></span> <span class='ocrx_word' id='word_1_356' title='bbox 940 2706 995 2736; x_wconf 85' lang='lat' dir='ltr'><strong>est</strong></span> <span class='ocrx_word' id='word_1_357' title='bbox 1027 2701 1131 2736; x_wconf 88' lang='lat' dir='ltr'><strong>animi</strong></span> <span class='ocrx_word' id='word_1_358' title='bbox 1162 2700 1341 2745; x_wconf 82' lang='lat' dir='ltr'><strong>magisque</strong></span> <span class='ocrx_word' id='word_1_359' title='bbox 1370 2699 1489 2733; x_wconf 87' lang='lat' dir='ltr'><strong>hostes</strong></span> <span class='ocrx_word' id='word_1_360' title='bbox 1520 2698 1750 2742; x_wconf 82' lang='lat' dir='ltr'><strong>confirmavit,</strong></span> 
     </span>
     <span class='ocr_line' id='line_1_42' title="bbox 291 2744 1750 2792; baseline -0.001 -13"><span class='ocrx_word' id='word_1_361' title='bbox 291 2746 353 2791; x_wconf 84' lang='lat' dir='ltr'><strong>qui</strong></span> <span class='ocrx_word' id='word_1_362' title='bbox 377 2747 439 2780; x_wconf 87' lang='lat' dir='ltr'><strong>has</strong></span> <span class='ocrx_word' id='word_1_363' title='bbox 463 2747 538 2781; x_wconf 87' lang='lat' dir='ltr'><strong>eius</strong></span> <span class='ocrx_word' id='word_1_364' title='bbox 560 2746 809 2782; x_wconf 80' lang='lat' dir='ltr'><strong>solicitationes</strong></span> <span class='ocrx_word' id='word_1_365' title='bbox 831 2751 1067 2792; x_wconf 84' lang='lat' dir='ltr'><strong>argumentum</strong></span> <span class='ocrx_word' id='word_1_366' title='bbox 1089 2745 1302 2781; x_wconf 85' lang='lat' dir='ltr'><strong>infirmitatis</strong></span> <span class='ocrx_word' id='word_1_367' title='bbox 1322 2754 1399 2779; x_wconf 85' lang='lat' dir='ltr'><strong>esse</strong></span> <span class='ocrx_word' id='word_1_368' title='bbox 1419 2744 1633 2779; x_wconf 85' lang='lat' dir='ltr'><strong>iudicabant.</strong></span> <span class='ocrx_word' id='word_1_369' title='bbox 1681 2744 1750 2778; x_wconf 79' lang='lat' dir='ltr'><strong>ita—</strong></span> 
     </span>
     <span class='ocr_line' id='line_1_43' title="bbox 291 2789 1750 2839; baseline -0.002 -13"><span class='ocrx_word' id='word_1_370' title='bbox 291 2803 361 2837; x_wconf 87' lang='lat' dir='ltr'><strong>que</strong></span> <span class='ocrx_word' id='word_1_371' title='bbox 383 2793 458 2827; x_wconf 86' lang='lat' dir='ltr'><strong>Leo</strong></span> <span class='ocrx_word' id='word_1_372' title='bbox 480 2793 548 2827; x_wconf 86' lang='lat' dir='ltr'><strong>ista</strong></span> <span class='ocrx_word' id='word_1_373' title='bbox 569 2792 706 2827; x_wconf 81' lang='lat' dir='ltr'><strong>ratione</strong></span> <span class='ocrx_word' id='word_1_374' title='bbox 727 2805 767 2828; x_wconf 80' lang='lat' dir='ltr'><strong>se</strong></span> <span class='ocrx_word' id='word_1_375' title='bbox 789 2793 972 2839; x_wconf 87' lang='lat' dir='ltr'><strong>quicquam</strong></span> <span class='ocrx_word' id='word_1_376' title='bbox 994 2797 1257 2828; x_wconf 84' lang='lat' dir='ltr'><strong>consecuturum</strong></span> <span class='ocrx_word' id='word_1_377' title='bbox 1279 2791 1481 2838; x_wconf 81' lang='lat' dir='ltr'><strong>desperans,</strong></span> <span class='ocrx_word' id='word_1_378' title='bbox 1505 2789 1628 2826; x_wconf 74' lang='lat' dir='ltr'><strong>castris</strong></span> <span class='ocrx_word' id='word_1_379' title='bbox 1647 2789 1750 2824; x_wconf 78' lang='lat' dir='ltr'><strong>motis</strong></span> 
     </span>
     <span class='ocr_line' id='line_1_44' title="bbox 291 2835 1750 2875; baseline -0.003 -1"><span class='ocrx_word' id='word_1_380' title='bbox 291 2842 397 2874; x_wconf 88' lang='lat' dir='ltr'><strong>noctu</strong></span> <span class='ocrx_word' id='word_1_381' title='bbox 417 2840 547 2874; x_wconf 85' lang='lat' dir='ltr'><strong>Durum</strong></span> <span class='ocrx_word' id='word_1_382' title='bbox 570 2837 697 2874; x_wconf 81' lang='lat' dir='ltr'><strong>transit</strong></span> <span class='ocrx_word' id='word_1_383' title='bbox 718 2843 755 2875; x_wconf 86' lang='lat' dir='ltr'><strong>et</strong></span> <span class='ocrx_word' id='word_1_384' title='bbox 777 2850 899 2874; x_wconf 71' lang='lat' dir='ltr'><strong>versus</strong></span> <span class='ocrx_word' id='word_1_385' title='bbox 924 2839 1105 2874; x_wconf 88' lang='lat' dir='ltr'><strong>Orientem</strong></span> <span class='ocrx_word' id='word_1_386' title='bbox 1127 2837 1319 2875; x_wconf 81' lang='lat' dir='ltr'><strong>contendit.</strong></span> <span class='ocrx_word' id='word_1_387' title='bbox 1336 2860 1340 2861; x_wconf 30' lang='grc' dir='ltr'><strong><em>ν</em></strong></span> <span class='ocrx_word' id='word_1_388' title='bbox 1365 2836 1403 2872; x_wconf 90' lang='lat' dir='ltr'><strong>id</strong></span> <span class='ocrx_word' id='word_1_389' title='bbox 1422 2837 1552 2872; x_wconf 83' lang='lat' dir='ltr'><strong>factum</strong></span> <span class='ocrx_word' id='word_1_390' title='bbox 1569 2835 1608 2871; x_wconf 85' lang='lat' dir='ltr'><strong>in</strong></span> <span class='ocrx_word' id='word_1_391' title='bbox 1624 2839 1750 2870; x_wconf 84' lang='lat' dir='ltr'><strong>metum</strong></span> 
     </span>
    </p>
   </div>
  </div>
 </body>
</html>
