1916 3210
760 165 1041 210 HlSTORIA.
1532 161 1632 209 669

161 280 372 340 Ῥωμαίων
395 277 674 341 στρατόπεδα,
707 281 775 324 καὶ
795 274 920 332 αὖθις
938 279 1027 324 τίνα
1049 275 1198 338 τρόπον
1218 275 1296 322 κάκ
1319 276 1443 321 ποίων
1460 274 1625 335 χρημά-
1650 283 1681 318 D

165 368 248 401 ,των
265 339 334 399 καὶ
352 350 423 395 διὸ
441 349 569 395 πόσου
588 354 663 394 τοῦ·
678 348 828 409 χρόνου
847 351 904 401 εἷς
921 349 967 394 τὸ
986 349 1155 408 ἀρχαῖον
1173 346 1501 391 ἐπανελεῦσονται
1511 378 1525 399 ,
1550 350 1631 390 τῶν

164 421 242 479 μὲν
257 420 528 479 γηραιοτέρων
542 423 611 463 καὶ
627 420 925 478 πεπειραμένων
940 419 1133 477 ἀφίππων
1151 416 1277 461 ὄντων
1291 418 1358 460 καὶ
1375 419 1532 471 ψιλῶν,
1560 419 1632 470 τῆς

169 491 216 535 δὲ
243 483 412 541 νεαλοῦς
437 494 632 546 στρατιᾶς
658 488 976 546 ἀπειροπολέμου
1001 487 1301 542 καθεστηκυίας
1319 487 1386 528 καὶ
1407 488 1489 528 τῶν
1510 487 1632 527 πολε-

133 563 298 616 ὅμικῶν
324 559 399 603 οὐκ
426 557 580 610 ἐθάὸος
605 555 783 615 ἀγώνων.
852 558 920 600 καὶ
951 550 1076 607 αὖθις
1105 556 1150 599 τὸ
1183 559 1264 598 τῶν
1293 553 1630 611 ἀντιτεταγμένων

105 675 110 680 ,
165 624 544 687 φιλοκινδυνότατον
574 627 617 670 ἐν
646 626 836 682 πολέμοις
844 657 858 678 ,
891 627 1077 680 ἐπίμονον
1105 625 1172 668 καὶ
1203 623 1390 682 ἐζιιπειρον
1408 625 1475 666 καὶ
1492 619 1631 677 ἐπιτή-

165 699 288 746 δειον.
354 693 559 739 πάντοθεν
591 690 662 738 οὖν
692 693 714 738 ὅ
746 694 940 749 βασιλεὺς
975 691 1294 751 ἐξαπορούμενος
1323 691 1435 747 ὅμως
1461 691 1530 734 διὰ
1557 690 1631 746 τὴν

164 766 304 821 κοινὴν
321 764 566 808 λυσιτέλειαν
583 763 733 822 ἔκρινεν
751 762 807 815 ὥς
825 765 915 819 ἐνῆν
933 770 1018 814 τοῖς
1035 764 1202 821 ἐχθροῖς
1219 759 1628 818 ἀντιπαρατάξασθαι

163 836 234 879 καὶ
264 837 340 890 τῆς
369 837 522 889 πολλῆς
543 833 693 884 αὖτοὺς
715 837 850 884 ποσῶς
869 833 1124 887 ἀναχαιτίσαι
1142 833 1210 874 καὶ
1231 830 1466 874 ἀναστεῖλαι
1487 828 1630 886 ὁρμῆς.

111 913 157 951 10
167 902 263 954 τοὺς
289 902 368 960 γὰρ
395 903 597 952 ἐναντίους
622 902 866 958 ἀγνοοῦντας
893 902 943 945 τὰ
974 901 1076 944 οἶκοι
1098 901 1168 944 τὸν
1186 900 1358 955 βασιλέα
1380 896 1564 951 πιέζοντά
1583 915 1626 941 τε
1649 906 1678 942 Ρ
1703 906 1772 942 824

165 963 234 1018 nal
254 972 457 1025 θλίβοντα
474 969 500 1026 ἦ
521 969 660 1027 ἀθρόα
679 968 824 1013 τούτου
846 968 952 1027 ὁρμή
973 988 1014 1014 τε
1037 972 1103 1012 καὶ
1125 969 1272 1027 ἔφοδος
1289 971 1446 1024 μᾶλλον
1463 968 1630 1022 ἐξέπλη-

164 1044 254 1095 ξεν,
287 1038 524 1096 οἰηθέντας,
558 1038 695 1096 ὥσπερ
719 1041 787 1082 καὶ
809 1037 978 1097 ὕστερον
996 1037 1315 1094 μεμαθήκαμεν,
1350 1035 1412 1080 ὅτι
1435 1033 1628 1080 κινδύνων

161 1103 285 1161 οὗτος
308 1106 331 1153 ὃ
362 1107 583 1167 ἅνθρωπος
611 1108 756 1152 οὔδε-’να
784 1106 903 1165 λόγον
929 1109 1162 1163 πεποίηται,
1197 1107 1290 1150 ἀλλ’
1313 1105 1434 1164 ἔαρος
1454 1103 1511 1149 ὢν
1533 1122 1628 1163 φοι-

163 1179 288 1236 τητὴς
307 1175 581 1233 καινοποιήσει
600 1179 667 1221 καὶ
685 1176 881 1234 ἀνηβήσει
899 1177 952 1221 τὰ
966 1175 1177 1232 Ῥωμαίων
1194 1174 1415 1235 πράγματα
1432 1176 1499 1218 καὶ
1517 1174 1630 1217 ἀντι-

110 1258 154 1296 15
165 1245 339 1305 σηκῶσει
369 1253 454 1298 τοῖς
480 1248 647 1304 ἐχθροῖς
672 1246 724 1290 τὰ
754 1249 946 1303 ἐπίχειρα.
1012 1244 1142 1290 ταῦτά
1168 1263 1232 1289 τοι
1259 1243 1280 1289 ὃ
1305 1245 1379 1299 μὲν
1409 1241 1630 1294 σουλτάνος

163 1315 471 1382 ὀπισθόρμητος
491 1316 646 1373 γε’γονε,
670 1323 818 1373 μοῖραν
843 1317 890 1358 δέ
905 1332 995 1358 τινα
1015 1313 1193 1371 μεγάλην
1214 1311 1533 1368 ἀποτεμόμενος,
1559 1313 1629 1355 καὶ

162 1385 315 1443 ταύτην
345 1387 442 1447 διχῇ
469 1384 634 1438 διελών,
667 1384 741 1441 τὴν
765 1385 839 1440 μὲν
861 1386 917 1435 εἰς
940 1385 1014 1440 τὴν
1030 1384 1168 1427 Ἀσίαν
1186 1383 1260 1439 τὴν
1282 1382 1366 1427 ἄνω
1387 1381 1628 1439 νοτιωτέραν

161 1455 350 1510 ἐκπέμπει
357 1486 373 1508 ,
406 1453 482 1510 τὴν
505 1454 550 1497 δὲ
569 1454 829 1512 βορειοτέραν
847 1453 1110 1511 παραγγέλλει
1129 1453 1331 1509 γενέσθαι.
1400 1449 1422 1494 ὁ
1444 1452 1489 1494 δὲ
1507 1455 1630 1505 βασι-
1650 1457 1681 1494 Β

161 1523 254 1576 λεῧς
280 1521 338 1575 ὧς
363 1524 456 1579 ἐνῆν
483 1523 579 1574 τοὺς
604 1523 680 1567 σῦν
705 1523 816 1582 αὐτῷ
842 1521 1071 1581 ἐπιρρώσας
1088 1521 1162 1579 ὅλῃ
1178 1523 1307 1579 χειρί,
1341 1521 1408 1563 καὶ
1426 1519 1631 1574 ἀξιώμασι

106 1584 230 1644 mata!
251 1590 399 1652 δώροις
422 1591 712 1650 ἀναθαρρῆσαι
733 1590 982 1647 πεποιηκώς,
1016 1593 1083 1634 καὶ
1104 1592 1303 1647 λοχαγοὺς
1320 1591 1388 1632 καὶ
1408 1587 1632 1645 ταξιάρχας

161 1663 353 1722 ἀρίστους
385 1658 548 1723 ,ἑκάστῳ
586 1660 760 1717 τάγματι
801 1662 998 1715 ἐπιμελῶς
1029 1658 1384 1718 προστησάμενος,
1433 1659 1475 1701 ἐν
1508 1658 1630 1716 ὀλίγῳ

157 1730 294 1792 χρόνῳ
314 1730 509 1789 στρατιὰν
527 1729 737 1787 ἀξιόλογον
755 1728 1052 1786 κατεστήσατο,
1088 1731 1155 1772 καὶ
1173 1729 1264 1785 μετ’
1289 1727 1415 1783 αὐτῆς
1434 1728 1496 1770 ἐπὶ
1514 1728 1633 1785 Πέρ-

161 1818 239 1853 σας
262 1797 573 1860 προθυμότερον
596 1799 783 1856 ἤλαυνεν.
851 1797 907 1851 ὥς
935 1800 979 1843 δέ
1004 1798 1049 1843 τὸ
1073 1796 1236 1857 βόρειον
1263 1795 1536 1856 στρατόπεδον
1555 1795 1630 1847 τὰς

159 1932 358 1977 exercitus,
395 1934 433 1966 et
461 1942 582 1967 rursus
619 1942 766 1977 quanam
799 1930 936 1965 ratione
959 1933 996 1965 et
1018 1929 1144 1976 quibus
1173 1928 1300 1976 opibus
1324 1932 1360 1964 et
1381 1931 1512 1974 quanto
1536 1931 1627 1962 tem-

157 1991 246 2026 pore
267 1979 305 2013 in
326 1977 505 2024 antiquum
527 1981 654 2012 statum
678 1976 851 2012 vindicari
876 1976 1035 2022 possint,
1074 1987 1151 2010 cum
1183 1976 1332 2010 maiores
1356 1979 1441 2009 natu
1464 1978 1501 2009 et
1523 1979 1626 2008 vete·

157 2025 237 2062 rani
259 2024 386 2060 milites
408 2030 444 2060 et
460 2023 573 2070 periti
595 2030 759 2058 carerent
780 2023 939 2068 equitatu
963 2028 998 2057 et
1020 2023 1172 2056 inermes
1193 2026 1331 2065 essent,
1358 2021 1490 2055 tirones
1509 2025 1626 2055 autem

156 2071 312 2118 imperiti
333 2082 447 2116 neque
468 2069 603 2105 bellicis
626 2069 873 2105 certaminibus
899 2067 1046 2103 assueti.
1092 2068 1138 2103 ad
1161 2068 1227 2102 hoc
1244 2067 1466 2102 adversarios
1484 2077 1627 2111 quoque

159 2117 307 2153 maxime
327 2122 488 2152 strenuos
512 2121 548 2151 et
570 2116 719 2151 audaces
746 2115 790 2150 ad
812 2115 993 2150 subeunda
1016 2113 1098 2149 belli
1121 2113 1299 2160 pericula,
1338 2119 1376 2148 et
1399 2112 1543 2147 stabiles
1567 2117 1626 2146 at-

158 2175 228 2210 que
254 2162 387 2209 peritos
411 2168 448 2197 et
467 2162 614 2197 idoneos
639 2167 775 2196 norant.
824 2174 868 2196 ex
899 2160 991 2196 omni
1019 2160 1128 2206 igitur
1151 2166 1252 2206 parte
1275 2171 1404 2205 anceps
1431 2164 1468 2194 et
1490 2157 1623 2193 sollici-

157 2216 216 2246 tus
239 2209 430 2256 imperator
451 2213 566 2243 tamen
591 2208 777 2242 communis
801 2207 964 2243 utilitatis
994 2218 1120 2251 causa,
1156 2205 1299 2250 statuit,
1335 2210 1499 2251 quantum
1522 2205 1560 2239 in
1582 2216 1624 2239 se

160 2260 258 2301 erat,
292 2260 414 2290 contra
437 2254 556 2289 hostes
578 2254 724 2296 instrui,
760 2265 950 2299 eorumque
971 2264 1015 2288 ex
1038 2252 1155 2298 aliqua
1179 2257 1281 2299 parte
1311 2251 1488 2296 ingentem
1511 2250 1627 2297 impe-

159 2307 232 2338 tum
265 2300 506 2347 comprimere.
551 2303 589 2334 et
623 2299 844 2335 adversarios
879 2299 1039 2345 quidem,
1071 2299 1213 2344 ignaros
1245 2297 1372 2343 quibus
1402 2297 1500 2332 malis
1532 2296 1627 2332 domi

158 2351 351 2384 vexaretur
373 2358 414 2382 ac
438 2351 654 2391 premeretur
676 2345 888 2392 imperator,
910 2344 1114 2392 repentinus
1138 2344 1248 2391 ipsius
1272 2348 1417 2379 conatus
1437 2350 1473 2379 et
1490 2344 1626 2379 adven-

157 2399 217 2431 tus
240 2393 351 2439 magis
374 2392 581 2439 perterruit,
618 2398 735 2436 ratos,
771 2398 811 2427 ut
831 2398 956 2438 postea
977 2391 1182 2436 didicimus,
1218 2390 1389 2425 hominem
1413 2391 1505 2425 hunc
1527 2389 1626 2436 peri-

155 2440 310 2476 culorum
340 2439 466 2475 uullam
497 2439 667 2474 rationem
697 2438 914 2481 habiturum,
952 2438 1015 2473 sed
1051 2449 1159 2472 verno
1195 2441 1352 2482 tempore
1383 2437 1625 2480 adventurum,

153 2493 401 2532 auctoremque
431 2485 510 2520 sore
540 2490 580 2520 ut
612 2495 732 2520 rursus
759 2485 918 2519 Romana
946 2496 1004 2519 res
1035 2484 1238 2519 efflorescat
1269 2487 1305 2518 et
1334 2483 1434 2530 paria
1464 2482 1625 2518 hostibus

155 2533 340 2580 rependat.
387 2530 515 2577 quibus
538 2531 582 2566 de
604 2531 720 2566 causis
742 2530 908 2566 Sultanus
931 2530 1092 2565 recessit.
1138 2541 1259 2565 verum
1291 2529 1406 2565 divisa
1430 2529 1520 2564 haud
1545 2528 1623 2564 exi-

153 2590 224 2625 gua
256 2578 430 2614 exercitus
462 2588 565 2612 manu
596 2577 634 2612 iu
667 2577 753 2612 duas
787 2582 925 2624 partes,
963 2576 1104 2612 alteram
1132 2576 1170 2611 in
1203 2575 1319 2611 Asiam
1341 2575 1556 2623 superiorem
1578 2575 1623 2610 ad

153 2626 283 2661 Istrum
306 2624 416 2670 magis
437 2624 539 2659 sitam
564 2622 709 2668 emittit,
742 2623 885 2659 alteram
918 2623 961 2658 ad
992 2629 1111 2669 partes
1142 2622 1252 2668 magis
1277 2622 1509 2668 aquilonares.
1555 2621 1622 2656 im-

154 2677 300 2718 perator
331 2677 446 2706 autem
480 2670 576 2715 suis,
608 2675 773 2716 quantum
803 2669 921 2714 licuit,
955 2670 1166 2705 confirmatis
1190 2669 1281 2704 omni
1304 2674 1481 2715 potestate
1505 2673 1541 2703 et
1562 2668 1620 2702 di-

154 2717 291 2764 gnitate
311 2729 354 2753 ac
373 2717 593 2762 muneribus,
627 2722 664 2751 et
688 2717 779 2751 bono
803 2715 916 2751 animo
941 2728 1018 2751 esse
1040 2716 1164 2761 iussis,
1202 2715 1522 2761 manipulorumque
1551 2714 1618 2749 du-

153 2764 311 2799 ctoribus
350 2770 388 2799 et
428 2762 569 2818 optimis
601 2763 790 2808 praefectis
824 2762 1011 2808 unicuique
1042 2762 1171 2808 legioni
1206 2761 1393 2807 diligenter
1426 2761 1618 2805 attributis,

153 2810 256 2846 brevi
278 2816 435 2856 tempore
457 2810 619 2845 idoneum
643 2809 816 2844 contraxit
838 2809 1048 2852 exercitum3
1073 2816 1110 2844 et
1132 2819 1208 2844 cum
1232 2809 1311 2855 ipso
1334 2808 1371 2843 in
1393 2809 1519 2843 Persas
1543 2807 1617 2842 ala-

153 2856 247 2892 crius
270 2856 573 2903 proficiscebatur.
621 2861 660 2892 ut
680 2867 766 2892 vero
789 2855 948 2893 Borealis
967 2855 1142 2892 exercitus
1160 2855 1380 2903 imperatoris
1396 2854 1616 2891 successibus
