1890 3236
288 209 386 255 232
758 205 997 253 esonen
1030 180 1275 252 canaam

147 327 177 363 P
200 328 269 365 584
290 322 395 366 κατὰ
418 319 592 379 θάτερον
613 319 658 363 δὲ
679 320 750 363 τὸν
767 317 1005 376 Προκόπιον
1026 318 1356 375 ἀντιταττόμενον
1374 320 1476 376 μετὰ
1496 324 1742 369 verdou-

285 392 410 445 βίνων
434 391 500 432 καὶ
529 390 698 431 ὁυτικῶν
717 386 796 430 ὑπὸ
815 392 895 430 τῶν
912 389 1098 431 ἐναντίων
1119 388 1340 440 πιέζεσθαι.
1407 388 1464 444 μὴ
1487 392 1742 447 πεμφθείσης

287 459 333 500 δὲ
351 457 461 514 παρὰ
480 460 554 499 τοῦ
576 459 803 511 στρατηγοῦ
818 457 1015 511 βοηθείας
1038 460 1097 514 τῷ
1122 461 1308 500 πονοῦντι
1327 456 1396 499 διὰ
1416 457 1490 512 τὴν
1507 474 1740 514 προηγησαφ

284 526 406 580 μένην
433 525 696 582 φιλονεικίαν,
730 524 895 567 ἐνέκλινε
921 524 1023 580 πρὸς
1047 525 1200 579 τροπὴν
1225 524 1271 568 τὸ
1300 526 1403 568 κατὰ
1421 524 1742 582 τὸνΠροκάπιον

284 593 429 649 μέρος,
475 594 543 634 καὶ
575 591 698 642 αὐτὸς
727 593 872 643 ἐκεῖνος
898 590 1111 650 ἀπεσφάγη
1139 591 1321 650 ᾗρωῖκῶς
1350 591 1646 648 ἀγωνισάμενος
1673 595 1774 637 ιωὶῦ

285 661 377 703 κατ’
414 660 536 703 αὐτὸν
565 660 635 703 τὸν
666 661 801 717 ἀγῶνα
832 658 978 703 πεσών.
1046 658 1068 702 ὃ
1099 661 1144 703 δὲ
1166 661 1294 704 Λέων
1314 662 1446 704 θέλων
1466 678 1505 703 τι
1524 663 1591 704 καὶ
1609 662 1742 718 ἕτερον
1787 685 1790 689 ’

284 726 596 784 ἀπεργάσασθαι
628 728 813 786 λαμπρὸν
843 730 909 771 καὶ
938 728 983 771 τὸ
1015 729 1058 771 ἔκ
1087 733 1160 783 τῆς
1187 728 1320 786 ἴριδος
1344 727 1559 773 συσκιάσαι
1578 729 1743 784 συμβὰν

283 795 494 851 ἀτύχημα,
537 796 584 840 τὸ
618 800 760 840 οἰκεῖον
789 795 1020 852 στράτευμα
1050 795 1187 850 λαβών
1195 829 1209 850 ,
1247 799 1314 839 καὶ
1343 797 1438 848 τοὺς
1464 798 1742 848 διασωθέντας

284 865 328 906 ἐκ
361 868 433 919 τῆς
463 869 614 922 τροπῆς
637 870 719 907 τῶν
745 865 996 919 ταττομένων
1022 863 1101 907 ὕπὸ
1125 864 1194 907 τὸν
1214 864 1451 922 Προκόπιον
1471 868 1741 923 συμπαραλα-

231 940 262 976 Β
284 930 390 986 βιόν,
424 932 471 976 τὸ
501 931 714 989 Τάραντον
737 931 910 989 κάστρον
933 932 989 975 ἔτι
1009 932 1121 990 παρὰ
1139 937 1219 976 τῶν
1233 933 1460 990 Ἀγαρηνῶν
1478 933 1740 989 κατεχόμενον
1751 937 1797 974 10

283 999 583 1058 ἐξεπολιόρκησε
605 1003 672 1044 καὶ
693 1000 824 1044 πάντα
841 1001 910 1044 τὸν
927 1002 969 1044 ἐν
986 1001 1098 1059 αὐτῷ’
1117 1001 1216 1044 λαὸν
1237 1003 1560 1060 ἠνδραποδίσατο
1573 1033 1587 1054 ,
1621 1003 1666 1053 ἔξ
1683 996 1754 1045 ὧν

282 1066 329 1111 τό
355 1085 396 1111 τε
425 1069 710 1126 στρατιωτικὸν
730 1069 935 1127 ὠφέλησεν
956 1068 1223 1126 ἀποχρώντως
1246 1072 1311 1112 καὶ
1329 1075 1386 1128 τῷ
1405 1074 1570 1124 βασιλεῖ’
1582 1069 1738 1128 προσή-

282 1153 379 1193 γαγε
403 1135 582 1195 λάφυρα.
652 1137 746 1179 ἀλλ’
771 1139 844 1181 οὐκ
863 1138 1065 1188 ἓξιλέωσεν
1085 1139 1127 1180 ἓν
1145 1136 1302 1188 τούτοις
1313 1138 1390 1189 τὸν
1406 1139 1600 1192 βασιλέα,
1629 1138 1737 1181 ’ἀλλὰ

281 1205 434 1258 μαθὼν
463 1205 537 1260 τὴν
566 1207 697 1248 αἰτίαν
717 1209 791 1260 τῆς
810 1210 881 1249 τοῦ
901 1206 1138 1261 Προκοπίου
1160 1210 1321 1263 σφαγῆς
1341 1210 1413 1261 τῆς
1431 1223 1474 1248 τε
1494 1206 1623 1262 ἀρχῆς
1643 1210 1740 1250 τοῦ-

282 1289 352 1315 τον
385 1274 583 1327 παρέλυσε
614 1276 681 1316 καὶ
711 1273 912 1330 ἐξόριστον
941 1276 996 1324 εἷς
1015 1273 1060 1317 τὸ
1083 1272 1327 1325 Κοτυάειον,
1362 1274 1466 1316 ἔνθα
1490 1274 1564 1329 τὴν
1584 1274 1738 1329 οἴκησιν
1750 1273 1793 1310 15

282 1337 361 1394 εἶχε
371 1372 385 1393 ,
413 1342 665 1398 παρέπεμψε.
734 1340 917 1384 Βαϊάνου
936 1343 978 1384 δὲ
995 1346 1067 1384 τοῦ
1086 1340 1247 1398 πρώτου
1265 1346 1345 1385 τῶν
1362 1340 1595 1396 ἱπποκόμων
1614 1342 1739 1385 αὐτοῦ

281 1409 352 1450 καί
377 1425 496 1451 τινων
524 1409 658 1452 ἄλλων
689 1414 770 1453 τῶν
798 1410 1200 1466 ἐξυπηρετησαμένων
1222 1410 1331 1468 αὐτῷ
1349 1410 1512 1468 γραφὴν
1531 1408 1741 1453 καθοσιώ-

280 1492 382 1527 σεως
415 1477 714 1533 ἔνστησαμένων
752 1479 845 1521 κατ’
886 1478 1033 1530 αὐτοῦ,
1076 1476 1281 1532 μαθόντες
1315 1483 1434 1521 τοῦτο
1469 1476 1640 1535 Βάρδας
1670 1479 1740 1521 καὶ

223 1546 259 1582 C
281 1544 422 1598 Λαβὶὸ
445 1546 483 1587 οἱ
505 1548 646 1596 παῖδες
673 1547 798 1590 αὐτοῦ
824 1546 894 1589 τὸν
918 1547 991 1600 μὲν
1016 1545 1193 1589 Βαῖάνον
1220 1546 1452 1601 ἀναιροῦσι,
1488 1547 1739 1603 φοβηθέντες

281 1613 325 1655 δὲ
354 1613 427 1666 τὴν
457 1614 501 1656 ἐκ
528 1615 728 1668 βασιλέως
756 1614 877 1672 ὀργὴ-ν
899 1614 967 1656 διὰ
986 1614 1032 1657 τὸ
1054 1612 1243 1669 τόλμημα
1251 1645 1265 1665 ,
1301 1612 1558 1670 ἀνειληφότες
1579 1616 1646 1656 καὶ
1667 1613 1793 1656 vasto

278 1685 395 1737 σφῶν
425 1683 602 1739 πατέρα,
632 1681 826 1738 ὥρμησαν
853 1682 954 1739 πρὸς
980 1684 1132 1738 Συρίαν
1159 1688 1311 1739 φυγεῖν.
1379 1680 1477 1738 ὅπερ
1504 1680 1737 1735 πυθόμενος

282 1746 302 1790 ὅ
329 1750 521 1802 βασιλεὺς
548 1750 751 1794 ἀπέστειλε
775 1751 844 1794 τὸν
872 1755 944 1805 τῆς
971 1748 1166 1807 ἑταιρείας
1191 1749 1368 1806 ἄρχοντα
1398 1749 1500 1804 μετὰ
1523 1751 1595 1792 καί
1618 1766 1736 1793 τινων

279 1822 558 1873 στρατιωτῶν,
593 1818 861 1873 ἐντειλάμενος
879 1823 1155 1873 καταταχῆσαι
1174 1820 1238 1861 καὶ
1260 1824 1470 1873 κατασχεῖν
1490 1816 1648 1869 αὐτούς.
1696 1818 1736 1860 οἳ

279 1884 331 1939 δὴ
368 1887 435 1928 καὶ
469 1886 774 1939 ε’πισπεύσαντες
802 1885 1182 1942 καταλαμβάνουσιν
1215 1886 1363 1938 αὐτοὺς
1391 1887 1431 1929 ἐν
1461 1886 1736 1946 Καππαδοκία

371 1994 390 2027 1
414 1993 630 2039 σκλαβηνιὸν
648 1995 679 2029 C
801 1994 824 2029 4
848 1990 1085 2039 Προκόπιου]
1110 1992 1192 2028 hinc
1212 1993 1243 2028 C
1264 1992 1381 2028 folium
1400 1994 1463 2037 60,
1487 1991 1580 2037 quod
1604 1990 1733 2026 rescri-

367 2044 463 2084 ptum
602 2041 646 2077 lo
667 2039 850 2085 τάραντος
871 2041 902 2075 C
1027 2041 1069 2075 15
1092 2037 1188 2074 κατὰ
1213 2040 1243 2074 C
1356 2039 1404 2075 24
1426 2036 1680 2078 ἐπισπέσοντες
1702 2037 1733 2071 C

273 2127 385 2164 altera
406 2134 519 2165 autem
538 2135 639 2176 parte
657 2131 864 2176 Procopium
883 2131 1046 2166 Slavinos
1070 2135 1107 2166 et
1124 2129 1368 2164 Occidentales
1387 2129 1591 2172 ducentem,
1615 2128 1734 2163 hostes

275 2185 351 2209 cum
386 2182 586 2220 premerent
616 2188 727 2222 neque
750 2177 784 2212 ei
805 2189 825 2211 a
848 2178 968 2212 Leone
990 2176 1187 2211 discordiae
1207 2181 1341 2210 teuacev
1361 2175 1552 2210 subsidium
1574 2173 1732 2209 mittere-

276 2224 354 2263 tur,
387 2223 506 2257 evenit
536 2229 574 2257 ut
605 2222 636 2256 is
667 2223 833 2258 inclinata
855 2234 992 2257 suorum
1017 2223 1093 2257 acie
1117 2221 1257 2256 fortiter
1279 2232 1436 2266 pugnans
1458 2221 1612 2256 caderet.
1656 2219 1732 2254 Leo

276 2270 316 2299 ut
348 2267 527 2310 praeclaro
551 2268 707 2302 facinore
730 2268 857 2303 illatam
880 2270 924 2303 ob
947 2268 1129 2303 dissidium
1154 2267 1285 2301 cladem
1309 2266 1534 2310 obliteratae,
1563 2276 1640 2300 cum
1666 2276 1732 2299 suo

275 2312 448 2357 exercitu,
482 2314 526 2348 iis
558 2314 660 2348 etiam
684 2314 744 2359 qui
768 2326 811 2348 ex
832 2314 1058 2359 Procopianis
1082 2313 1246 2348 militibus
1269 2312 1400 2347 cladem
1422 2317 1607 2346 evaserant
1627 2311 1672 2345 ad
1691 2322 1732 2345 se

274 2358 448 2402 receptis,
474 2360 666 2394 Tarentum
689 2365 856 2403 castrum,
880 2361 972 2406 quod
993 2359 1146 2404 Agareni
1166 2358 1278 2393 adhuc
1295 2358 1484 2400 tenebant,
1506 2356 1732 2402 expugnavit,

273 2403 386 2446 captis
410 2404 469 2448 qui
493 2405 529 2438 in
554 2418 595 2440 eo
620 2411 720 2440 erant
745 2406 924 2447 omnibus3
947 2417 1014 2451 quo
1039 2406 1132 2440 facto
1156 2410 1192 2439 et
1213 2403 1339 2438 milites
1356 2403 1487 2449 praeda
1504 2403 1593 2437 haud
1611 2412 1732 2447 parum

274 2446 365 2482 iuvit
396 2454 432 2482 et
465 2451 578 2495 spolia
608 2452 651 2485 ad
682 2451 926 2496 imperatorem
959 2451 1089 2486 attulit.
1136 2461 1251 2494 neque
1276 2456 1393 2484 tamen
1421 2449 1664 2494 imperatorem
1687 2457 1732 2481 ea.

272 2503 330 2526 res
367 2493 538 2540 placavit,
571 2498 633 2531 sed
663 2497 693 2531 is
725 2497 785 2531 ubi
815 2496 980 2541 cognovit
1011 2508 1146 2531 causam
1177 2494 1342 2542 Procopii
1363 2494 1544 2538 interitus,
1576 2493 1730 2527 Leonem

273 2537 444 2582 dignitate
477 2553 540 2576 sua
571 2547 709 2577 exutum
742 2543 778 2576 in
809 2542 1034 2587 Cotyaeium,
1072 2542 1132 2576 ubi
1163 2541 1323 2576 habitare
1353 2540 1509 2583 solebat,
1542 2537 1728 2591 relegavit,

273 2585 399 2619 exinde
421 2587 593 2632 Baianus,
630 2589 690 2633 qui
711 2588 842 2622 Leonis
867 2588 1072 2632 equisonum
1094 2587 1256 2632 princeps
1282 2591 1377 2630 erat,
1416 2584 1546 2628 aliique
1577 2582 1731 2617 nonnullt

273 2630 352 2664 olim
382 2632 506 2667 Leonis
529 2633 671 2677 famuli,
699 2634 868 2668 actionem
893 2634 936 2667 de
959 2634 1140 2667 maiestate
1162 2631 1274 2666 Leoni
1295 2631 1490 2666 intendunt.
1536 2630 1629 2674 quod
1654 2640 1729 2663 cum

271 2677 499 2712 rescivissent
522 2680 657 2713 Bardas
683 2685 720 2713 et
742 2679 921 2722 Davidus,
954 2679 1054 2713 huius
1077 2678 1159 2722 filii,
1192 2678 1357 2712 Baianum
1387 2673 1620 2715 interficiuut;
1655 2685 1729 2708 me-

271 2727 480 2768 tuentesque
514 2724 582 2758 sibi
617 2726 661 2758 ab
692 2725 783 2759 irato
819 2725 919 2759 huius
954 2725 1118 2759 facinoris
1154 2735 1256 2757 causa
1287 2723 1519 2766 imperatore,
1551 2725 1728 2763 assumpto

270 2774 370 2812 patre
403 2769 519 2813 fugam
549 2770 585 2803 in
617 2770 755 2814 Syriam
780 2770 977 2803 moliuntur.
1025 2770 1214 2814 imperator
1235 2769 1280 2802 de
1302 2780 1342 2802 re
1364 2767 1428 2800 hac
1451 2765 1581 2800 certior
1599 2766 1729 2807 factus,

268 2815 483 2857 praefectum
507 2814 699 2848 sodalitatis
723 2827 798 2849 cum
822 2815 1025 2859 quibusdam
1051 2815 1218 2849 militibus
1243 2811 1371 2855 mittit,
1405 2811 1567 2845 celeriter
1590 2810 1730 2854 insequi

270 2866 306 2895 et
340 2860 631 2907 comprehendere
659 2872 720 2895 eos
742 2862 880 2896 iubens.
927 2861 963 2894 hi
987 2860 1072 2895 nihil
1093 2858 1216 2895 morati
1238 2859 1274 2894 in
1299 2856 1525 2903 Cappadocia
1548 2868 1609 2892 eos
1631 2868 1728 2891 asse-
