1916 3210
361 230 459 275 532
829 228 1061 272 GEORGII
1095 229 1333 273 CEDRENI

363 337 681 392 Θεσσαλονίκην·
715 332 813 394 ἦρχε
833 339 879 381 δὲ
901 336 990 382 τότε
1014 344 1088 395 τῆς
1106 327 1257 392 πόλεως
1278 342 1572 400 Θεσσαλονίκης
1587 341 1610 388 ὅ
1633 347 1706 388 τοῦ
1722 347 1803 399 βα-

358 407 500 455 σιλέως
520 404 687 460 ἀνεψιὸς
705 407 1008 457 Κωνσταντΐνος
1024 409 1243 464 πατρίκιος.
1292 408 1338 460 ὃς
1355 410 1546 454 ἀπελθὼν
1562 412 1630 455 καὶ
1647 408 1804 470 τάφρον

357 471 671 530 περιβαλόμενος
690 475 885 528 ἐπιμελῶς
902 474 1025 530 εἴχετο
1047 481 1118 530 τῆς
1138 478 1381 532 πολιορκίας.
1446 479 1509 521 ἐπὶ
1525 475 1570 530 ἓξ
1589 478 1635 532 δὲ
1649 477 1803 536 ἡμέρας

307 546 337 582 Β
362 539 733 597 ἀποπειρασάμενος
750 545 822 599 τῆς
838 540 991 594 πόλεως
1008 542 1207 587 ἑλεπόλεσι
1224 547 1291 588 καὶ
1307 552 1506 600 μηχαναῖς
1521 547 1588 588 καὶ
1603 544 1803 591 πάντοθεν

356 609 653 665 ἀποκρουσθεὶς
681 611 749 651 καὶ
782 616 866 661 τοῖς
897 616 1018 654 πᾶσιν
1050 611 1274 669 ἀπειρηκὼς
1303 614 1371 656 διὰ
1400 614 1656 671 προσεδρείας
1675 611 1833 669 &bnt-25

356 673 502 719 ἀνύσαι
521 675 567 719 τὸ
587 675 924 732 σπουδαζόμενον.
989 684 1064 739 μιᾷ
1083 681 1128 722 δὲ
1144 684 1224 723 τῶν
1244 679 1403 738 ἡμερῶν
1421 686 1478 739 τῷ
1498 679 1616 740 τάφῳ
1635 685 1708 725 τοῦ
1728 698 1804 741 με·
1822 697 1824 700 ’

353 741 481 800 γάλου
499 742 707 800 μάρτυρος
723 746 962 803 Δημητρίου
985 746 1276 804 προσελθόντες
1296 750 1334 791 οἱ
1352 747 1556 806 ἐπιχώριοι
1560 779 1576 802 ,
1609 749 1681 792 καὶ
1700 747 1804 807 πᾶν·

353 828 474 866 νυχον
495 812 787 864 ἐπιτελέσαντες
807 815 943 869 δέησιν
967 817 1034 857 καὶ
1060 821 1118 874 τῷ
1138 814 1256 874 μύρῳ
1277 821 1336 875 τῷ
1360 818 1403 859 ἔκ
1427 821 1500 860 τοῦ
1524 817 1639 860 θείου
1665 814 1800 875 τάφου

350 877 536 933 βλύζοντι
551 879 815 936 χρησάμενοι,
849 880 905 932 ὣς
920 883 963 924 ἐκ
984 887 1080 938 μιιῖς
1099 882 1230 942 ὁρμῆς
1248 882 1566 936 ἀναπετάσαντες
1582 883 1656 935 τὰς
1672 883 1802 936 πύλας

352 947 579 1004 ἐξέρχονται
600 949 704 991 κατὰ
733 953 813 992 τῶν
831 950 1090 1008 Βουλγάρων.
1158 957 1279 1007 συνῆν
1301 954 1345 995 δὲ
1363 959 1446 1003 τοῖς
1467 953 1799 997 Θεσσαλονικεῦσι
1813 958 1855 993 10

349 1015 398 1058 τὸ
424 1014 560 1071 τάγμα
590 1020 670 1058 τῶν
700 1015 967 1073 μεγαθύμων.
1033 1018 1261 1070 ἐξελθόντες
1283 1021 1326 1063 δὲ
1347 1023 1414 1063 καὶ
1433 1025 1492 1078 τῷ·
1510 1019 1800 1079 ἀπροσδοκήτῳ

351 1081 697 1138 καταπληξάμενοι
718 1086 907 1142 τρέπουσι
926 1087 1021 1136 τοὺς
1039 1087 1302 1143 Βουλγάρους
1319 1091 1404 1144 μηδ
1408 1089 1420 1105 ³
1449 1086 1553 1139 ὅλως
1571 1088 1674 1146 πρὸς
1693 1087 1801 1143 ἄμυ-

350 1168 423 1193 ναν
452 1150 480 1205 ἢ
510 1151 635 1205 ἀλκὴν
657 1158 798 1207 στῆναι
820 1156 1120 1209 βουληθέντας,
1154 1160 1226 1198 τοῦ
1245 1154 1451 1214 μάρτυρος
1468 1156 1799 1213 προηγησαμένου

348 1215 668 1274 τῆς’Ῥω,ιια”ι’κῆς
692 1226 884 1278 στρατιᾶς
913 1225 980 1264 καὶ
1003 1224 1076 1277 τὴν
1096 1225 1258 1280 πορείαν
1275 1225 1630 1281 προομαλίζοντος,
1658 1225 1800 1275 καθὼς

299 1287 330 1323 C
354 1285 561 1342 ἐνωμότως
582 1290 832 1343 διεβεβαιόυν
861 1290 899 1332 οἳ
922 1292 1309 1345 αι’χμαλωτισθέντες
1330 1291 1580 1350 Βορλγαροι,
1620 1292 1797 1348 λέγοντες
1810 1295 1851 1329 15
1906 1283 1913 1290 ’

348 1356 507 1397 νεανίαν
528 1355 700 1412 ἔφιππον
722 1356 822 1410 ὁρᾶν
841 1358 1138 1414 προηγούμενον
1157 1365 1228 1414 τῆς
1242 1359 1465 1415 Ῥωμαϊκῆς
1486 1358 1690 1417 φάλαγγος
1699 1369 1717 1412 ,“
1755 1361 1797 1411 ἓξ

352 1417 401 1465 οὗ
416 1427 496 1480 πῦρ
519 1422 780 1479 ἐξαλλόμενον
801 1425 1014 1482 ε’πυρπόλει
1035 1428 1129 1477 τοὺς
1146 1430 1357 1478 ἐναντίους.
1426 1427 1565 1471 ἔπεσον
1585 1423 1656 1471 οὗν
1676 1429 1797 1480 πλείω

349 1494 430 1533 τῶν
452 1488 496 1532 ιε’
512 1490 720 1545 χιλιάδων,
757 1492 996 1551 δοριάλωτοι
1019 1496 1062 1537 δὲ
1081 1494 1319 1551 ἐλήφθησαν
1339 1496 1411 1538 οὐκ
1428 1494 1617 1546 ἐλάττους
1631 1494 1798 1542 τούτων.

349 1558 388 1600 οἳ
411 1559 454 1600 δὲ
479 1561 610 1601 λοιποὶ
631 1561 846 1616 αῗσχίστως
873 1562 947 1605 σὺν
973 1567 1031 1622 τῷ
1058 1562 1301 1622 Ἀλουσιάνῳ
1328 1566 1384 1614 εἷς
1403 1564 1472 1607 τὸν
1489 1561 1689 1607 Δελεάνον
1706 1565 1798 1607 ὁια-
1837 1564 1851 1579 ’

348 1624 556 1678 σώζονται.
1805 1632 1851 1667 2⁰

486 1691 631 1751 Τούτῳ
651 1699 708 1752 τῷ
729 1693 829 1748 ἔτει,
864 1694 1088 1753 ἓπινεμήσει
1110 1697 1178 1751 θ’,
1207 1698 1371 1742 Ἰουνίου
1392 1696 1441 1751 ι’,
1473 1699 1565 1756 περὶ
1591 1695 1702 1758 ὥραν
1725 1703 1799 1756 τῆς

349 1759 502 1818 ἡμέρας
521 1759 585 1814 κβ’
607 1762 738 1817 γέγονε
760 1763 936 1818 σεισμός.

483 1830 608 1872 Μετὰ
630 1831 674 1872 δὲ
693 1831 766 1886 τὴν
787 1833 940 1889 τροπὴν
964 1832 1177 1884 ἓνωθέντες
1203 1831 1225 1876 ὅ
1245 1850 1286 1876 τε
1307 1829 1507 1883 Δελεάνος
1529 1834 1596 1876 καὶ
1616 1830 1798 1877 ὅἈλου-

349 1894 488 1948 σιάνος
507 1895 745 1942 ὖπενοοῦντο
762 1897 962 1955 ἀλλήλους
969 1933 983 1954 ,
1027 1900 1049 1943 ὅ
1068 1902 1142 1956 μὲν
1168 1900 1237 1944 διὰ
1261 1901 1334 1956 τὴν
1355 1895 1479 1957 ἧτταν
1499 1899 1796 1957 αἰσχυνόμενος,

438 2000 624 2095 ξὲἓδεέσεᾶς
645 2004 676 2039 C
765 2006 790 2042 9
810 2003 1045 2051 χρισάμενοι7
1137 2007 1182 2043 13
1202 2005 1482 2053 προηγουμένου
1506 2007 1538 2042 C
1627 2007 1672 2043 21
1695 2004 1745 2043 ια’
1764 2006 1795 2042 C

508 2061 522 2083 ι

349 2138 538 2174 salonicam
560 2139 675 2185 misit,
700 2140 757 2175 cui
778 2144 862 2177 tuuc
882 2146 1045 2187 praeerat
1066 2141 1316 2179 constantinus
1338 2143 1517 2190 patricius,
1539 2142 1707 2190 patrueli!
1726 2142 1794 2178 im-

349 2185 537 2231 peratoris.
585 2198 626 2220 eo
644 2187 828 2239 profectus
850 2187 1034 2223 Alusianus
1056 2191 1174 2224 urbem
1197 2190 1288 2224 vallo
1311 2190 1438 2235 cingit,
1472 2201 1513 2224 ac
1540 2189 1793 2226 machinand-

348 2230 452 2265 motis
484 2235 613 2265 vsumma
643 2231 814 2267 ludustria
847 2239 1034 2280 oppugnat.
1077 2235 1139 2270 sed
1162 2247 1237 2270 cum
1261 2247 1325 2282 per
1346 2247 1409 2271 sex
1431 2235 1507 2271 dies
1530 2236 1659 2272 frustra
1680 2246 1794 2281 oppu-

350 2281 505 2321 gnasset,
527 2277 680 2323 undique
701 2278 872 2324 repulsus,
901 2291 964 2324 spe
985 2282 1233 2325 expugnandae
1255 2281 1411 2326 abiecta,
1435 2281 1616 2316 obsidione
1637 2292 1713 2316 eam
1734 2292 1795 2317 ca·-

352 2333 439 2367 pere
470 2323 605 2357 statuit.
653 2323 817 2369 oppidani
851 2326 995 2369 quadam
1025 2326 1082 2360 die
1114 2326 1158 2361 ad
1191 2327 1408 2372 sepulchrum
1434 2326 1598 2371 martyris
1626 2325 1798 2367 Demetrii

351 2373 582 2412 accesserunt,
612 2369 932 2415 supplicationeque
954 2383 1018 2417 per
1038 2376 1145 2406 totam
1169 2378 1304 2407 noctem
1326 2377 1450 2417 tracta,
1477 2373 1600 2417 usique
1621 2375 1797 2417 unguento

351 2413 446 2458 quod
468 2425 512 2448 ex
534 2425 575 2448 eo
599 2415 781 2459 sepulchro
804 2416 960 2461 scaturit,
984 2429 1050 2451 uno
1072 2418 1203 2463 impetu
1226 2419 1355 2463 apertis
1378 2418 1490 2464 portia
1508 2418 1547 2453 in
1564 2417 1733 2463 Bulgaros
1755 2428 1796 2452 se

353 2458 559 2503 emiserunt,
585 2459 752 2495 habentes
774 2472 890 2496 secum
913 2462 1082 2507 legionem
1103 2464 1422 2509 Magnanimorum3
1442 2464 1643 2509 hostemque
1663 2464 1796 2508 impro-

351 2503 432 2538 visa
451 2504 678 2550 impressione
710 2507 931 2551 perterritum
961 2508 998 2542 in
1026 2510 1142 2553 fugam
1169 2509 1413 2555 coniecerunt,
1447 2509 1583 2544 nemine
1604 2509 1796 2545 subsistere

352 2554 416 2584 aut
435 2560 474 2583 se
496 2550 683 2585 defendere
703 2562 800 2586 auso.
836 2553 960 2588 ductor
983 2554 1156 2589 Romanae
1179 2555 1267 2589 aciei
1290 2555 1359 2589 fuit
1379 2560 1523 2599 martyr,
1542 2555 1678 2600 iterque
1700 2565 1794 2589 com-

350 2593 531 2638 planavit;
554 2597 646 2641 quod
670 2596 812 2642 Bulgari
834 2599 967 2644 captivi
991 2600 1182 2635 iuramento
1205 2601 1459 2645 confirmarunt,
1485 2601 1639 2636 diceutes
1661 2599 1794 2635 vidisse

353 2650 392 2672 se
413 2639 572 2675 iuvenem
594 2641 764 2687 equitem,
798 2644 858 2689 qui
879 2645 1055 2680 Romanae
1075 2646 1236 2692 phalangi
1259 2647 1423 2691 praeiret,
1460 2657 1503 2680 ex
1526 2657 1594 2690 quo
1615 2645 1707 2690 ignis
1731 2656 1795 2680 ex·-

352 2682 471 2718 siliens
492 2686 657 2721 adversos
680 2694 849 2724 cremaret
870 2690 999 2726 hostes.
1059 2691 1216 2727 cecidere
1238 2692 1381 2737 amplius
1406 2691 1448 2726 15
1470 2691 1605 2726 milibus
1625 2690 1794 2735 Bulgaro-

352 2739 438 2773 rum,
463 2732 626 2777 captique
646 2733 738 2767 haud
759 2735 960 2780 pauciores3
992 2736 1120 2784 reliqui
1143 2737 1340 2783 turpissima
1359 2737 1444 2783 fuga
1467 2748 1541 2772 cum
1563 2736 1725 2772 Alusiano
1747 2733 1794 2771 ad

352 2773 538 2809 Deleanum
559 2784 756 2814 evaserunt.

443 2819 521 2854 Hoc
542 2821 620 2866 ipso
643 2835 754 2869 anno,
777 2824 835 2859 die
856 2824 950 2860 Iunii
973 2827 1027 2871 10,
1053 2826 1139 2862 hora
1162 2826 1233 2862 diei
1254 2829 1309 2873 12,
1331 2831 1449 2862 terrae
1470 2832 1583 2862 motus
1604 2826 1684 2861 fuit.

441 2865 594 2913 Accepta
610 2873 723 2906 autem
741 2869 839 2908 clade
858 2871 1033 2909 coniuncti
1048 2872 1222 2911 Deleanus
1239 2878 1276 2910 et
1289 2873 1484 2919 Alusianus,
1507 2873 1596 2910 alter
1616 2872 1662 2908 de
1683 2870 1792 2907 altero
