1890 3236
304 196 404 245 436
596 214 602 224 ¹
773 192 1016 238 GEORGII
1050 193 1293 239 CEDRENI

304 306 609 365 ἀσχολουμένων
639 304 775 355 ἀδείας
803 305 936 359 τυχῶν
961 305 1186 362 κατέδραμε
1213 309 1349 349 πᾶσαν
1377 306 1452 363 τὴν
1482 306 1667 367 ἑσπέραν,
1710 309 1760 353 οὗ

302 377 427 433 μόνον
450 372 615 433 Θρᾴκην
636 375 702 415 καὶ
724 374 987 416 Μακεδονίαν
1008 375 1076 416 καὶ
1093 375 1143 416 τὰ
1159 377 1211 431 τῇ
1232 374 1510 434 Θεσσαλονίκῃ
1526 375 1758 436 πρόσχωρα,

304 444 406 488 ἀλλὰ
437 445 503 485 καὶ
530 441 752 484 Θετταλίαν
781 445 848 484 καὶ
864 439 1045 484 Ἑλλάδα
1074 444 1142 485 καὶ
1170 442 1504 499 Πελοπόννησον·
1538 447 1758 490 καὶπολλὰ

304 510 482 571 φρούρια
496 508 797 566 παρεστήσατο,
832 504 888 552 ὧν
907 504 957 564 ἦν
976 510 1022 553 τὸ
1044 518 1267 568 κορυφαῖον
1286 510 1312 566 ἦ
1330 511 1530 569 Λάρισσα
1538 544 1554 565 ,
1574 541 1577 550 s
1594 507 1645 568 ἧς
1663 499 1759 566 τοὺς

302 582 483 629 ἐποίκους
511 576 726 635 μετῴκισεν
754 579 810 627 εἷς
839 578 891 620 τὰ
921 582 995 633 τῆς
1021 580 1278 636 Βουλγαριάς
1301 580 1489 638 ἓνδότερα
1511 582 1790 635 πανεστίους,5

303 651 369 692 καὶ
387 654 471 697 τοῖς
488 644 723 701 καταλόγοις
740 650 820 689 τῶν
842 645 987 690 ἑαυτοῦ
1009 645 1239 699 κατατάξας
1255 653 1512 704 στρατιωτῶν
1530 647 1758 707 συμμάχοις
1799 673 1802 676 >

249 723 279 757 B
302 719 443 773 ἐχρῆτο
473 714 577 757 κατὰ
597 711 829 768 ςΡωμαίων.
891 713 1088 771 μετήγαγε
1118 717 1162 758 δὲ
1180 718 1247 759 καὶ
1268 717 1313 760 τὸ
1335 719 1528 771 λείψανον
1549 722 1624 761 τοῦ
1642 715 1757 775 ἁγίου

292 784 523 839 Ἀχιλλείου,
553 781 768 825 ἐπισκόπου
789 784 1009 839 Λαρίσσης
1021 786 1348 840 χρηματίσαντος
1366 787 1430 828 ἐπὶ
1448 787 1755 830 Κωνσταντίνου

298 857 375 896 τοῦ
393 850 569 908 μεγάλου
588 852 662 893 κᾶν
683 856 732 908 τῇ
753 850 908 909 μεγάλῃ
927 855 993 894 καὶ
1011 851 1151 910 πρώτῃ
1171 853 1327 910 συνόδῳ
1348 852 1549 911 παρόντος
1565 854 1640 897 σὺν
1653 852 1757 911 ‘Pn-

295 923 390 979 γίνῳ
409 920 622 963 Σκοπὲλων
642 922 710 962 καὶ
731 919 933 978 Διοδώρῳ
949 922 1146 977 Τρίκκης,
1181 924 1249 964 καὶ
1275 924 1330 973 εἷς
1349 921 1423 978 τὴν
1439 922 1638 981 Πρέσπαν
1655 920 1754 966 ‹inl-
1767 931 1810 966 10

296 994 395 1032 θετο
404 1021 418 1042 ,
453 988 555 1030 ἔνθα
575 983 679 1043 ἦσαν
701 988 813 1046 αὐτῷ
833 988 886 1031 τὰ
901 991 1103 1043 βασίλεια.

425 1054 680 1112 Ἀμύνασθαι
705 1058 749 1099 δὲ
769 1061 910 1100 τοῦτον
930 1056 951 1099 ὃ
968 1058 1159 1111 βασιλεὺς
1179 1061 1258 1100 τῶν
1279 1057 1546 1113 εἷργασμένων
1564 1055 1754 1114 γλιχόμε-

295 1142 384 1178 νος,
418 1126 576 1182 ἐπείπερ
605 1124 867 1177 ἀπετινάξατο
889 1126 962 1176 τὰς
985 1128 1075 1183 περὶ
1098 1131 1171 1170 τοῦ
1193 1129 1380 1182 Σκληροῦ
1405 1127 1645 1182 φροντίδας,
1679 1126 1754 1178 τὰς

287 1192 523 1248 ςΡω,ιιαί”κοὶς
541 1194 742 1250 ἀθροίσας
761 1193 951 1249 δυνάμεις
967 1195 1089 1245 αὐτὸς
1108 1194 1166 1238 δι’
1189 1193 1335 1236 ἑαυτοῦ
1353 1194 1540 1249 εἰσβολὴν
1560 1196 1602 1237 ἐν
1615 1197 1752 1237 Βουλ-

292 1264 415 1322 γαριά
447 1261 575 1305 ἐδόκει
605 1261 880 1318 ποιήσασθαι,
926 1261 1098 1321 Βάρδαν
1125 1262 1195 1306 τὸν
1217 1265 1368 1305 Φωκᾶν
1397 1262 1455 1305 ἔτι
1484 1267 1565 1306 τῶν
1596 1267 1752 1318 σχολῶν
1763 1272 1807 1308 15

293 1333 529 1386 δομέστικον
558 1330 654 1374 ὄντα
683 1333 750 1374 καὶ
778 1332 873 1382 τοὺς
895 1333 1060 1382 λοιποὺς
1081 1331 1206 1389 ἓῴους
1227 1329 1429 1381 δυνάστας
1449 1332 1553 1386 μηδ’
1576 1330 1753 1383 ἀξιώσας

291 1399 426 1456 λόγου.
495 1398 770 1455 εἰσερχόμενος
797 1401 841 1442 δὲ
873 1401 914 1443 ἓν
933 1402 1167 1460 Βουλγαρίιιι
1196 1400 1265 1442 διὰ
1283 1404 1355 1455 τῆς
1370 1400 1482 1456 παρὰ
1502 1404 1552 1456 τῇ
1569 1397 1752 1457 εΡοδόπῃ

291 1470 359 1511 καὶ
387 1472 444 1526 τῷ
472 1473 643 1526 πὸταμῷ
668 1467 828 1526 ‘'Esspcg),
875 1469 945 1511 τὸν
969 1468 1192 1526 μάγιστρον
1206 1468 1374 1511 Λέοντα
1401 1467 1472 1510 τὸν
1489 1468 1752 1523 Μελισσηνὸν

292 1535 459 1579 κατόπιν
492 1537 620 1588 εἴασε,
667 1537 741 1587 τὰς
764 1538 993 1594 δυσχωρίας
1023 1535 1239 1593 φυλάττειν
1267 1535 1518 1593 προστάξας·
1562 1536 1686 1586 αὐτὸς
1706 1537 1751 1579 δὲ

238 1611 270 1647 C
292 1606 344 1648 τὰ
362 1605 512 1659 μεταξὺ
538 1606 800 1661 Τριαδίτζης,
834 1605 923 1661 ἥτις
950 1603 1076 1647 πάλαι
1098 1605 1280 1662 Σαρδικὴ
1309 1602 1569 1659 ἒπωνόμαστο
1581 1635 1596 1657 ,
1630 1604 1805 1649 στενὰ20

290 1674 466 1716 διελθὼν
495 1676 562 1716 καὶ
588 1674 662 1724 τὰς
689 1673 863 1728 λόχμας,
915 1675 983 1716 καὶ
1011 1673 1053 1716 ἕν
1081 1692 1159 1716 τινι
1181 1671 1293 1731 τόπῳ
1311 1673 1530 1732 Στοπωνίῳ
1551 1674 1750 1731 λεγομένῳ

288 1740 517 1798 γενόμενος,
556 1741 671 1784 ἔθετο
692 1741 879 1799 χάρακα,
924 1743 1049 1785 ἐκεΐσὲ
1069 1760 1109 1785 τε
1130 1744 1315 1784 διενοεῖτο
1337 1745 1423 1791 πῶς
1445 1740 1495 1784 ἂν
1515 1740 1748 1799 ἐπιχειρήσῃ

288 1815 338 1869 τῇ
358 1811 566 1871 πολιορκία
583 1815 655 1866 τῆς
672 1813 892 1868 Σαρδικῆς.
935 1809 1102 1865 ἠκούετο
1125 1812 1169 1853 δὲ
1186 1812 1252 1853 καὶ
1276 1808 1297 1853 ὃ
1315 1810 1514 1866 Σαμουὴλ
1530 1810 1605 1860 τὰς
1622 1827 1746 1867 κορυ-

377 1907 401 1942 6
423 1906 590 1950 στρατῶν
611 1906 640 1940 Ρ
752 1908 774 1942 8
796 1906 1081 1941 Κωνστοιντίνου
1102 1927 1149 1934 -
1172 1908 1215 1942 10
1243 1906 1400 1963 Τρίκκης
1422 1905 1491 1941 add
1516 1906 1546 1942 C
1641 1906 1684 1942 17
1707 1902 1748 1940 ἐν

377 1951 556 1998 πλοιαρίῳ
576 1952 607 1986 C
781 1953 828 1986 20
851 1958 930 1998 post
950 1949 1189 1996 ἐπωνόμαστο
1213 1953 1264 1987 C:
1289 1950 1328 1987 ἐν
1351 1964 1375 1998 ῃ
1401 1951 1464 1986 καὶ
1486 1952 1561 1986 τῶν
1584 1951 1745 1986 δυτικῶν

376 2000 596 2042 τριακοσίων
615 1994 824 2032 ἐπισκόπων
842 1996 1000 2038 σύνοδος
1022 1996 1146 2043 γέγονε
1160 1997 1404 2037 Κώνσταντος
1426 1997 1494 2032 τοῦ
1517 1997 1585 2042 τῆς
1607 1996 1747 2037 δύσεως

375 2043 439 2078 καὶ
461 2045 746 2078 Κωνσταντίνου
768 2044 837 2078 τοῦ
861 2045 928 2088 τῆς
950 2043 1138 2088 ἀνατολῆς
1161 2043 1337 2089 βασιλέως
1359 2041 1531 2088 κελεύσει,
1555 2042 1628 2078 τῶν
1650 2042 1746 2077 υἱῶν

376 2090 448 2124 τοῦ
468 2088 625 2135 μεγάλου
650 2090 935 2126 Κωνσταντίνου
1069 2092 1114 2126 21
1139 2089 1323 2136 στοπονίῳ
1346 2090 1376 2125 C

284 2168 432 2215 «tapetis,
456 2172 566 2203 totum
583 2169 809 2204 Occidentem
826 2169 1082 2204 incursionibus
1105 2168 1260 2213 vexavit,
1283 2180 1352 2203 non
1371 2166 1560 2202 Thraciam
1582 2166 1684 2202 modo
1707 2170 1745 2202 et

283 2214 526 2250 Macedoniam
550 2227 592 2250 ac
609 2215 885 2251 Thessalonicae
907 2217 1114 2262 propinqua,
1138 2216 1201 2250 sed
1217 2214 1437 2249 Thessaliam
1452 2224 1604 2259 quoque,
1627 2214 1743 2248 Grae-

282 2261 371 2295 ciam
406 2266 442 2295 et
471 2261 759 2307 Peloponnesum.
816 2274 858 2296 ac
890 2263 996 2296 multa
1028 2261 1122 2308 cepit
1153 2261 1314 2306 castella,
1345 2271 1490 2306 quorum
1521 2258 1745 2305 praecipuum

281 2306 439 2340 Larissa.
488 2307 588 2342 huius
620 2307 751 2342 incolas
782 2319 858 2342 cum
888 2308 973 2342 totis
1005 2308 1145 2342 familiis
1174 2307 1211 2341 in
1233 2307 1388 2341 intimam
1411 2305 1590 2340 transtulit
1610 2304 1743 2350 Balga-

284 2352 370 2387 riam
394 2357 431 2387 et
452 2363 591 2388 suorum
614 2353 760 2388 militum
782 2354 910 2388 tabulis
932 2354 1131 2398 inscripsit,
1168 2364 1357 2398 eorumque
1391 2363 1500 2398 opera
1522 2356 1644 2386 contra
1668 2351 1743 2385 Ro-

284 2409 402 2432 manos
433 2409 515 2432 usus
539 2405 605 2433 est.
654 2400 773 2434 avexit
795 2400 900 2435 etiam
922 2399 1088 2444 reliquias
1114 2400 1154 2434 S.
1178 2398 1345 2444 Achillei,
1381 2398 1441 2443 qui
1464 2396 1648 2444 episcopus
1670 2397 1742 2432 La-

282 2443 396 2479 rissae
420 2444 547 2489 fuerat,
571 2451 607 2479 ct
628 2446 794 2492 Prespae,
819 2446 879 2480 ubi
900 2446 1033 2491 regiam
1057 2446 1208 2480 habebat
1229 2456 1337 2490 suam,
1361 2443 1536 2489 deposuit.

374 2489 527 2525 Proinde
550 2489 702 2526 Basilius
726 2491 931 2537 imperator,
967 2498 1005 2526 ut
1060 2492 1181 2525 rimum
1211 2490 1301 2525 Duri
1330 2489 1471 2535 negotio
1502 2500 1543 2524 se
1572 2487 1742 2534 expediit,

285 2533 406 2568 ulcisci
428 2536 580 2571 Samueli
603 2532 774 2572 maleficia
796 2538 962 2584 cupiens,
995 2549 1034 2571 co
1049 2537 1149 2572 lectis
1172 2536 1339 2572 Romanis
1363 2534 1574 2570 exercitibus
1597 2534 1633 2568 in
1655 2533 1741 2569 Bul-

284 2580 416 2624 gariam
438 2580 514 2626 ipse
538 2582 666 2618 ducere
689 2583 823 2628 statuit,
851 2595 895 2617 ne
913 2583 1163 2618 communicata
1179 2583 1318 2628 quidem
1335 2594 1376 2616 re
1397 2592 1472 2615 cum
1491 2580 1607 2615 Barda
1623 2579 1742 2615 Phoca

284 2624 476 2660 scholarum
505 2628 690 2663 etiamnum
723 2629 913 2664 domestico
948 2636 985 2664 et
1015 2629 1159 2674 reliquis
1191 2627 1418 2663 orientalibus
1449 2627 1609 2662 ducibus.
1655 2636 1740 2670 ergo

284 2682 349 2716 per
371 2671 562 2717 Rhodopae
593 2687 634 2709 ac
657 2675 756 2709 Euro
788 2675 923 2709 flumini
950 2677 1113 2720 regiones
1144 2686 1207 2720 pro
1234 2675 1357 2719 inquas
1379 2672 1578 2717 Bulgariam
1600 2671 1740 2716 ingres-

279 2727 338 2749 sus
362 2717 560 2760 magistrum
584 2720 736 2755 Leonem
759 2720 982 2756 Melissenum
1006 2733 1027 2755 a
1050 2727 1150 2765 tergo
1176 2732 1215 2755 re
1228 2720 1364 2765 inquit,
1390 2718 1451 2764 qui
1474 2716 1654 2763 angustias
1675 2727 1738 2752 cu-

279 2761 444 2796 stodiret:
486 2763 563 2809 ipse
594 2767 754 2801 faucibus
786 2772 824 2801 et
853 2767 951 2801 silvis
983 2778 1074 2812 quae
1102 2770 1184 2801 sunt
1215 2767 1259 2801 ad
1283 2765 1498 2800 Triaditzam
1521 2762 1628 2808 (olim
1650 2761 1737 2797 haec

278 2807 426 2860 Serdica
445 2808 641 2854 dicebatur)
661 2812 870 2857 peragratis,
893 2813 930 2847 in
952 2812 1028 2847 loco
1053 2812 1109 2846 cui
1131 2812 1303 2858 Stoponio
1327 2822 1464 2854 nomen,
1489 2813 1603 2844 castra
1623 2806 1735 2854 ponit,

276 2852 397 2899 ibique
428 2853 473 2888 de
505 2858 738 2902 oppugnanda
760 2857 906 2894 Sardica
938 2857 1168 2904 cogitationes
1190 2857 1355 2894 instituit.
1399 2854 1608 2893 audiebatur
1629 2852 1734 2890 etiam
