1890 3236
297 218 392 267 110
764 214 1001 264 GEORGII
1035 214 1277 263 CEDRENI

292 336 444 376 νεικιῦν.
499 332 536 374 οἱ
557 330 630 386 μὲν
648 330 726 386 γὰρ
748 327 1021 386 προλαβόντες
1036 330 1163 374 Λέων
1179 349 1221 376 τε
1238 326 1344 388 ἦσαν
1359 335 1425 377 καὶ
1442 334 1745 388 Κωνστανώος

293 399 315 444 ὅ
344 397 623 456 Κοπρώνυμος
649 400 715 441 καὶ
744 398 918 454 ,Μιχαὴλ
947 397 968 443 ὅ
998 399 1142 442 τούτου
1169 401 1302 459 πατὴρ
1324 400 1345 444 ὅ
1364 401 1549 460 τραυλός.
1616 401 1639 448 ὃ
1672 404 1750 460 μὲν·

293 470 478 512 ἐθέσπισε
499 465 558 522 μή
579 483 655 509 τινι
677 470 757 510 τῶν
779 468 1060 525 γεγραμμένων
1083 467 1265 521 εἰκόνων,
1300 469 1376 512 κᾶν
1396 488 1474 514 που
1493 470 1746 528 γραφόμεναι

291 535 467 590 τύχοιεν,
500 535 573 590 τὴν
605 534 717 590 ἅγιος
745 536 882 593 φωνὴν
908 535 1249 595 ἓγχαράττεσθαι,
1284 536 1339 589 ὥς
1360 539 1431 582 οὐκ
1451 537 1562 597 ἄλλῳ
1579 541 1655 583 τινὶ
1673 543 1748 596 τῆς

290 603 478 658 τοιαύτης
505 601 758 660 ἁρμοζούσης
786 609 923 662 φωνῆς
950 604 977 660 ἢ
1006 605 1117 663 μόνῳ
1139 611 1195 664 τῷ
1213 608 1337 664 θείῳ,
1373 607 1445 650 οὐκ
1466 606 1642 666 εὐστόχῳ
1661 613 1779 663 [θα-5

290 672 371 715 λιὺν
399 677 457 732 τῷ
488 675 570 714 νο·ι’··
604 677 676 726 τῆς
703 672 781 729 γὰρ
805 673 906 724 θεὸς
930 679 1067 730 φωνῆς
1093 682 1176 725 τοῖς
1205 674 1439 733 ἀνθρώποις
1461 676 1705 731 μεταδιδοὺς
1723 674 1747 719 ὅ
1774 708 1777 711 Δ

288 739 410 791 θεός,
442 738 698 798 ὑψηλοτέρας
725 739 848 796 οὔσης
867 742 979 799 παρὰ
997 742 1042 785 τὸ
1063 741 1174 798 ἅγιος
1194 742 1434 801 πρόσρημα,
1468 745 1749 802 ταπεινοτέρας

291 809 415 864 οἷ”σης
442 814 514 863 τῆς
541 809 654 865 ἅγιος
682 809 786 852 κατὰ
807 810 910 852 πολὺ
931 811 1004 853 οὐκ
1026 810 1076 853 ἂν
1097 810 1263 863 τούτους
1282 811 1576 870 ἀποστερήσειε.
1641 814 1748 870 πλὴν

239 890 270 925 c
295 883 412 921 τοῦτο
443 879 517 932 μὲν
543 872 661 928 οὗτος
685 877 917 931 ἐθέσπισεν,
951 877 973 921 ὃ
991 879 1070 934 πρὸ
1089 881 1215 923 αὐτοῦ
1235 882 1279 923 δὲ
1297 882 1422 924 Λέων
1440 883 1507 924 καὶ
1527 879 1548 924 ὃ
1567 879 1656 932 υἶός
1671 880 1748 924 αὖ·

291 951 365 990 τοῦ
386 948 690 997 Κωνσταντῖνος
709 946 755 988 τὸ
775 947 880 1001 μηδὲ
899 954 1213 1004 προσκυνεῖσθαι
1235 948 1338 1001 ὅλως
1361 948 1510 1002 αὐτάς,
1545 947 1748 1008 Θεόφιλος
1760 956 1804 993 10

294 1017 338 1058 δὲ
367 1015 413 1058 τὸ
443 1016 547 1070 μηδὲ
571 1014 763 1071 χρώμασι
794 1014 945 1066 ταύτας
971 1022 1262 1074 μορφοῦσθαι·
1301 1020 1554 1073 χαμαίζηλον
1588 1018 1667 1075 γὰρ
1701 1018 1749 1062 τὸ

292 1084 394 1140 πρὸς
425 1084 475 1126 τὰ
511 1087 679 1126 τοιαῦτα
712 1084 958 1139 ἐπτοῆσθαι,
1005 1083 1134 1141 μόνην
1165 1087 1211 1128 δὲ
1241 1093 1400 1129 σκοπεῖν
1430 1086 1503 1142 τὴν
1537 1084 1749 1141 ἀλήθειαν.

293 1156 549 1209 καθῃροῦντο
566 1152 640 1206 μὲν
655 1146 726 1195 οὖν
744 1153 928 1195 ἐντεῦθεν
947 1153 1050 1196 κατὰ
1069 1158 1202 1197 πᾶσαν
1226 1154 1300 1210 τὴν
1327 1156 1538 1210 ἐκκλησίαν
1567 1155 1609 1198 αἶ
1634 1159 1750 1198 θεῖαι

291 1222 473 1277 μοριραί,
508 1221 636 1277 θηρία
671 1221 717 1263 δὲ
754 1222 820 1263 καὶ
849 1220 1011 1278 ι’ίρνιθες
1039 1221 1126 1264 ἀντὶ
1151 1221 1303 1265 τούτων
1331 1223 1641 1278 ἀνεστηλοῦντο,
1674 1223 1749 1279 τὴν

291 1288 436 1332 τούτου
457 1287 644 1345 θηριώδη
667 1291 734 1331 καὶ
761 1289 1055 1346 ἀνδραποδώδη
1077 1289 1217 1334 ἄνοιαν
1235 1292 1496 1348 ἐξελέγχοντα.
1564 1291 1748 1334 ἐντεῦθεν
1761 1296 1805 1332 15

290 1356 481 1412 βεβήλοις
504 1359 620 1412 χερσὶ
648 1357 699 1400 τὰ
728 1356 821 1414 ἅγια
851 1360 917 1400 καὶ
947 1359 1034 1415 ἱερὰ
1060 1358 1245 1414 κειμήλια
1273 1360 1335 1402 ἐπὶ
1362 1364 1434 1415 τῆς
1461 1361 1614 1416 ἀγορᾶς
1641 1359 1751 1418 ε’ρρι-

291 1430 461 1468 πτοῦντο
480 1427 545 1468 καὶ
565 1427 840 1483 ἐφυβρίζοντα
889 1427 1092 1469 ’ἐντεῦθεν
1109 1427 1160 1470 τὰ
1178 1433 1258 1470 τῶν
1277 1427 1511 1486 κακούργων
1530 1429 1750 1485 ἐπληροῦτο

236 1506 267 1541 Ι)
295 1492 551 1550 δεσμωτήρια
573 1499 652 1536 τῶν
674 1495 743 1536 διὰ
764 1498 882 1549 τιμῆς
907 1493 1084 1550 ἀγόντων
1107 1495 1181 1546 τὰς
1203 1496 1321 1547 θείας
1346 1495 1530 1554 μορφάς,
1553 1496 1752 1551 μοναζόν-

290 1580 397 1614 των,
433 1561 682 1614 ἐπισκόπων,
719 1564 1062 1618 ποιμαινομένων,
1110 1565 1178 1606 καὶ
1218 1569 1298 1607 τῶν
1335 1564 1574 1622 γραφόντων
1610 1563 1751 1616 αὐτάς.

291 1630 423 1688 πλήρη
444 1632 488 1673 δὲ
505 1633 571 1673 καὶ
589 1631 640 1674 τὰ
658 1631 731 1688 ὄρη
751 1634 817 1675 καὶ
836 1631 888 1674 τὰ
905 1631 1082 1688 σπήλαια
1097 1637 1175 1675 τῶν
1192 1631 1246 1684 ὥς
1262 1631 1496 1690 κακούργων
1513 1637 1619 1691 λιμῷ
1634 1633 1807 1676 ἀνω-20

293 1701 492 1757 ρεθέντων
512 1701 577 1741 καὶ
600 1702 724 1755 δίψει.
793 1700 970 1754 ἀβάτους
990 1701 1067 1758 γὰρ
1089 1705 1302 1757 τηρεῖσθαι
1327 1701 1399 1752 τὰς
1419 1700 1553 1752 πόλεις
1569 1707 1653 1753 τοῖς
1671 1719 1752 1757 μο-

290 1775 427 1822 ναχοῖς
456 1768 808 1823 ἐγκελευσάμενος,
838 1771 903 1811 καὶ
935 1767 1067 1812 πάντα
1096 1767 1245 1827 τρόπον
1278 1770 1426 1822 αὖτοὺς
1453 1769 1752 1814 ἀπελαύνεσθαι

292 1838 514 1888 θεσπίσας,
548 1841 704 1892 μᾶλλον
731 1838 774 1880 δὲ
801 1838 905 1893 μηδὲ
925 1837 1028 1881 κατὰ
1046 1836 1186 1897 χώραν
1204 1837 1385 1896 δρᾶσθαι
1403 1842 1557 1894 τολμᾶν
1565 1869 1580 1891 ,
1615 1837 1752 1897 εἰργά-

385 1957 406 1992 1
436 1953 500 1990 καὶ
523 1956 662 1991 Κωνστ.
687 1952 707 1991 ὁ
732 1956 778 1992 K.
802 1968 856 1992 om
879 1957 910 1993 C
1092 1958 1116 1994 2
1144 1951 1198 1992 αἷν
1220 1953 1240 1994 ὁ
1263 1954 1358 2001 niv?
1539 1955 1564 1994 4
1585 1954 1696 2003 ἁγίαν
1718 1957 1750 1992 C

382 2002 406 2038 9
428 2000 490 2036 καὶ
515 1997 536 2037 ὁ
561 2021 607 2029 -—
629 2002 674 2036 K.
700 2014 752 2036 om
772 2003 801 2037 C
930 2004 971 2040 11
994 2002 1066 2050 γὰρ
1088 2001 1158 2049 τὸ]
1181 2001 1252 2048 γὰρ
1273 2004 1325 2051 τῷ
1347 1999 1440 2049 μηδὲ
1463 2002 1495 2039 C
1615 2004 1660 2041 19
1682 1999 1754 2039 αὖ·

382 2046 459 2082 τῶν
482 2047 512 2082 C
648 2048 694 2084 23
718 2045 887 2084 ἐθέσπισε
907 2050 937 2085 C

295 2155 397 2197 pater
419 2150 494 2185 eius
519 2150 676 2186 edixerat
698 2163 742 2186 ne
765 2151 825 2186 ulli
850 2152 963 2198 pictae
985 2150 1148 2197 imagini,
1182 2151 1389 2197 ubicumque
1413 2163 1455 2187 ea
1478 2154 1591 2197 esset,
1626 2162 1752 2187 nomen

295 2203 436 2232 sanctus
459 2197 735 2242 imprimeretur,
759 2198 851 2243 quod
876 2198 912 2232 id
936 2197 1019 2232 nulli
1042 2198 1095 2232 rei
1118 2204 1361 2243 praeterquam
1385 2197 1450 2232 soli
1471 2198 1536 2231 deo
1560 2208 1752 2244 congruere

295 2244 461 2290 putabat,-
496 2254 615 2277 errore
642 2243 778 2288 quidem
802 2244 990 2290 opinionis.
1036 2255 1112 2278 cum
1136 2244 1226 2279 enim
1249 2244 1333 2278 deus
1357 2255 1478 2278 nomen
1503 2244 1611 2287 deus,
1648 2243 1752 2278 multo

296 2300 399 2333 quam
421 2300 491 2322 vox
515 2295 653 2324 sanctus
676 2289 723 2324 sit
746 2290 937 2334 augustius,
960 2290 1089 2324 homini
1110 2296 1223 2324 tamen
1246 2290 1388 2334 tribuat,
1412 2290 1581 2335 quomodo
1601 2289 1638 2324 id
1659 2289 1754 2334 quod

297 2335 401 2369 multo
426 2334 530 2369 vilius
553 2340 607 2370 est
629 2335 843 2380 denegaret?
889 2336 963 2370 Leo
990 2341 1102 2370 autem
1125 2341 1162 2371 et
1181 2336 1273 2370 filius
1297 2335 1372 2369 eius
1396 2335 1638 2380 Copronymus
1661 2334 1754 2370 omni

298 2391 413 2416 earum
448 2381 651 2415 adoratione
688 2393 829 2428 prorsus
858 2381 1124 2417 interdixerant.
1182 2381 1399 2427 Theophilus
1433 2387 1546 2416 autem
1578 2393 1623 2416 ne
1655 2381 1755 2427 pingi

296 2426 434 2470 quidem
463 2438 522 2461 eas
545 2427 718 2462 coloribus
749 2427 941 2472 concessit,
972 2427 1102 2462 abiecti
1125 2427 1243 2462 dicens
1268 2427 1373 2462 animi
1395 2439 1475 2462 esse
1496 2426 1615 2462 talium
1638 2437 1754 2461 rerum

297 2471 577 2517 admirationem,
615 2473 794 2518 ipsamque
821 2473 927 2509 solam
960 2474 1181 2519 spectandam
1205 2486 1282 2508 esse
1305 2473 1500 2508 veritatem.
1547 2472 1666 2519 itaque
1698 2472 1771 2505 di·-

295 2517 399 2551 vinae
422 2518 589 2561 imagines
614 2520 770 2554 omnibus
793 2519 828 2554 in
852 2520 990 2565 templis
1013 2519 1287 2564 deiiciebantur,
1310 2530 1496 2564 earumque
1519 2518 1595 2552 loco
1619 2517 1755 2552 bestia-

295 2573 370 2597 rum
394 2569 430 2596 et
452 2563 564 2598 avium
588 2565 768 2600 simulacra
789 2567 1004 2610 figebantur,
1033 2565 1215 2600 belluinam
1241 2571 1278 2600 et
1299 2565 1460 2600 servilem
1483 2562 1671 2608 Theophili
1695 2574 1753 2597 ar-

295 2608 438 2653 guentia
470 2610 677 2645 vaesaniam.
726 2624 770 2646 ex
795 2624 836 2646 eo
860 2616 1082 2646 sacrosancta
1103 2611 1247 2646 donaria
1271 2611 1307 2645 in
1329 2612 1405 2644 foro
1429 2609 1474 2644 im
1502 2609 1573 2644 uris
1596 2607 1754 2644 manibus

294 2655 516 2689 iactabantur
539 2660 642 2699 atque
664 2656 893 2701 ignominiose
921 2659 1182 2699 tractabantur3
1213 2669 1254 2691 ac
1280 2654 1437 2691 sontibus
1485 2653 1571 2690 ebiti
1595 2665 1754 2689 carceres

296 2699 342 2734 iis
372 2699 619 2745 implebantur,
665 2703 724 2748 qui
756 2703 892 2738 divinas
924 2703 1091 2748 imagines
1121 2703 1299 2745 colebant,
1333 2700 1531 2744 monachis,
1565 2699 1754 2746 episcopis,

296 2744 467 2790 subditis,
503 2757 688 2790 earumque
719 2748 932 2793 pictoribus;
966 2754 1101 2784 montes
1133 2759 1270 2794 quoque
1302 2752 1339 2781 et
1361 2746 1547 2792 speluncae
1570 2746 1614 2781 iis
1636 2746 1755 2791 reple-

294 2792 423 2826 bantur
475 2791 512 2826 ui
540 2792 790 2836 flagitiosorum
818 2794 893 2829 loco
928 2796 1018 2830 fame
1043 2807 1083 2830 ac
1114 2795 1174 2829 siti
1203 2793 1428 2829 necabantur.
1477 2791 1635 2826 edixerat
1663 2791 1755 2826 enim

296 2804 516 2884 Theophilus
549 2849 593 2871 ne
625 2840 800 2874 monachis
824 2840 925 2874 ullam
949 2843 1068 2876 urbem
1092 2840 1223 2874 intrare
1246 2839 1386 2882 liceret,
1420 2838 1639 2884 iusseratque
1661 2836 1755 2872 omni

296 2883 398 2919 modo
422 2895 483 2920 eos
506 2882 639 2929 arceri,
662 2890 768 2932 atque
791 2886 878 2923 adeo
902 2897 972 2922 non
994 2892 1104 2923 tutum
1127 2890 1204 2922 erat
1225 2884 1270 2920 iis
1293 2883 1448 2931 conspici
1471 2895 1513 2920 ea
1535 2883 1572 2919 in
1594 2883 1753 2930 regione.
