1916 3210
344 182 440 230 554
812 183 1045 228 GEORGII
1074 183 1215 228 CEDE
1221 185 1312 229 ENI

343 295 497 343 ε’ίπόντο
518 293 707 356 φεύγουσι
727 300 811 347 τοῖς
831 293 1080 354 βαρβάροις·
1110 294 1151 341 ἕν
1171 315 1247 342 τινι
1266 299 1311 341 δὲ
1330 294 1466 358 κόλπῳ
1480 298 1785 356 Υναυλοχούντων

293 371 322 406 Β
347 368 477 410 αὐτῶν
507 368 721 422 παρῆλθον
748 359 866 407 αὗται
895 363 1124 409 διώκουσαι.
1192 368 1259 409 καὶ
1285 365 1439 423 γνόντες
1465 368 1504 410 οἱ
1531 368 1691 412 Σκύθαι
1712 369 1785 426 τὴν

343 433 576 490 ὀλιγότητα,
611 434 678 475 καὶ
710 431 887 490 ἀκριβῶς
914 432 1206 488 καταλαβόντες
1227 433 1281 485 ὥς
1303 434 1350 478 οὗ
1369 436 1526 486 πλείους
1543 439 1623 480 τῶν
1641 452 1786 494 φαινο-

342 503 477 559 μένων·
503 500 617 553 εἰσίν,
650 498 936 558 ὓπερκερώσεις
963 500 1222 557 ποιησάμενοι
1251 502 1329 546 ἀπὸ
1358 507 1431 546 τοῦ
1457 502 1785 549 {westwales-«suffer

342 570 590 627 ἀκρωτηρίου
617 570 684 611 καὶ
713 567 890 628 συντόνῳ
918 573 969 627 τῇ
994 572 1140 630 εἰρεσία
1157 568 1359 627 χρώμενοι
1377 570 1568 635 ἔσπευδον
1585 567 1818 628 ἔγκοῆνιύιῦ

343 633 503 681 σασθαι
517 636 611 687 τοὺς
627 637 839 688 ἐναντίους.
906 638 945 680 οἳ
966 639 1010 681 δὲ
1023 637 1212 693 Ῥωμαῖοι
1231 640 1272 681 ἐκ
1291 643 1364 694 τῆς
1382 639 1586 697 προτέρας
1596 644 1786 695 numm-
1816 689 1819 692 ,

343 707 434 756 σίας
461 706 527 754 καὶ
554 709 626 748 τοῦ
655 707 835 762 διωγμοῦ
859 705 1078 749 κατάκοποι
1105 706 1234 758 ὄντες,
1260 707 1447 764 καὶπρὸς
1465 707 1512 750 τὸ
1533 711 1692 762 πλῆθος
1706 711 1786 752 τῶν

341 775 603 830 βαρβαρικῶν
624 779 790 832 σκαφῶν
810 773 1177 827 ἀποδειλιάσαντες,
1211 774 1365 818 ἔκλιναν
1383 774 1484 832 πρὸς
1503 773 1646 832 φυγήν.
1691 777 1787 820 ,ἐπεὶ

344 843 388 884 δὲ
415 841 605 898 ἔφθασαν
632 843 684 885 τὰ
713 847 794 886 τῶν
822 841 1044 899 βαρβάρων
1071 842 1207 901 σκάφη
1238 842 1550 901 στεφανιῦσαντα
1578 843 1625 887 τὸ
1640 842 1787 899 πόμα

343 917 554 965 κατασχεῖν
575 914 649 953 τοῦ
670 908 821 954 κόλπου
842 913 908 953 καὶ
933 910 1083 969 ἄπορος
1103 906 1151 966 ἦν
1170 911 1196 967 ἦ
1218 912 1319 968 πρὸς
1336 911 1380 954 τὸ
1404 912 1574 968 πέλαγος
1594 912 1783 965 διέξοδος,
1796 918 1841 954 10

291 983 321 1018 C
346 980 646 1028 Κωνσταντΐνος
664 980 736 1034 μὲν
759 980 964 1036 πατρίκιος
985 978 1005 1022 ὅ
1028 978 1358 1036 Καβαλλούριος,
1391 979 1612 1037 στρατηγὸς
1633 979 1691 1023 ὢν
1706 984 1787 1024 τῶν

342 1049 685 1104 Κιβυρραιωτῶν,
731 1049 917 1104 γενναίως
948 1047 1041 1103 ἕστη
1073 1048 1173 1105 πρὸς
1204 1047 1374 1102 πόλεμον
1403 1048 1505 1102 μετὰ
1537 1053 1608 1104 τῆς
1640 1047 1786 1092 favvo&

339 1113 529 1171 τριήρους
558 1117 624 1157 καὶ
653 1120 802 1158 λοιπῶν
833 1116 950 1168 δέκα,
993 1118 1059 1158 καὶ
1090 1113 1298 1173 εὐρώστως
1325 1114 1551 1172 μαχόμενος
1574 1115 1784 1173 κατεκόπη,

341 1181 581 1241 ἐλήφθησαν
605 1184 647 1225 δὲ
671 1186 737 1226 καὶ
759 1184 948 1241 τέσσαρες
964 1185 1136 1241 τριήρεις
1158 1183 1371 1242 αὔτανδροι
1392 1185 1466 1228 σὺν
1487 1189 1537 1241 τῇ
1557 1186 1784 1242 ναυαρχίδι,

341 1253 408 1294 καὶ
438 1250 582 1302 πάντες
612 1253 649 1294 οἳ
679 1254 720 1294 ἓν
749 1253 888 1302 αὐταῖς
922 1251 1210 1309 ἀπεσφάγησαν
1217 1284 1231 1305 ,
1271 1253 1323 1295 τὰ
1363 1254 1407 1295 δὲ
1442 1253 1559 1295 λοιπὰ
1582 1251 1783 1307 Ῥωμαϊκὰ
1795 1259 1839 1297 15

339 1323 461 1361 πλοῖα
483 1321 524 1362 ἐν
543 1317 712 1377 βράχεσι
732 1322 799 1363 καὶ
819 1321 958 1371 ἀκταῖς
976 1323 1042 1362 καὶ
1063 1322 1268 1370 σκοπέλοις
1288 1321 1586 1378 ἀπερρίφησαν·
1612 1316 1672 1364 ὧν
1687 1334 1784 1366 συν-

336 1387 554 1443 τριβέντων
576 1388 614 1430 οἳ
636 1389 709 1443 μὲν
730 1394 809 1431 τῶν
830 1390 871 1431 ἒν
893 1389 1032 1439 αὖταῖς
1050 1387 1287 1446 ὑποβρύχιοι
1308 1388 1489 1444 γεγόνασι
1508 1393 1559 1446 τῇ
1577 1387 1784 1448 θαλάσσῃ,

341 1455 457 1497 ἄλλοι
482 1457 526 1498 δὲ
550 1454 731 1500 ἑάλωσαν
752 1455 829 1500 ὑπὸ
853 1461 932 1499 τῶν
954 1455 1176 1514 βαρβάρων
1203 1458 1269 1499 καὶ
1294 1458 1474 1517 μαχαίρᾳ
1496 1456 1784 1514 παρεδόθησαν

341 1525 409 1566 καὶ
438 1525 619 1583 δουλεία,
655 1526 694 1567 οἳ
723 1526 766 1567 δὲ
798 1526 1064 1575 διασωθέντες
1092 1526 1198 1578 πεζοὶ
1225 1526 1291 1566 καὶ
1321 1527 1460 1580 γυμνοὶ
1490 1527 1544 1575 εἷς
1568 1525 1614 1568 τὸ
1642 1527 1783 1570 οῗκεΐον

340 1590 612 1648 στρατόπεδον
630 1592 906 1648 ἀνεσώθησαν.
975 1593 1012 1635 οἳ
1033 1594 1076 1635 δὲ
1091 1592 1252 1634 Σκύθαι
1273 1591 1328 1643 ὡς
1348 1593 1419 1634 οὐκ
1441 1595 1495 1642 εἰς
1513 1593 1626 1650 ἔργον
1643 1592 1837 1652 ε’χώρειὲο

285 1668 318 1702 D
344 1660 478 1710 αὐτοῖς
497 1659 548 1702 τὰ
565 1665 645 1703 τῶν
661 1662 850 1713 ἐλπίδων,
875 1665 947 1715 τῆς
966 1660 1030 1703 ἐπ’
1052 1661 1161 1703 οἴκου
1181 1662 1343 1717 πορείας
1360 1660 1630 1715 ἐμνήσθησαν.
1679 1660 1783 1705 ὕπο-

339 1727 556 1785 στρέφουσι
585 1729 629 1770 δὲ
656 1727 811 1779 τούτοις
841 1727 908 1771 διά
935 1745 976 1770 τε
1003 1733 1076 1784 γῆς
1099 1731 1165 1771 καὶ
1187 1726 1400 1783 θαλάσσης
1432 1729 1553 1784 (οὐδὲ
1569 1730 1645 1786 γὰρ
1666 1729 1781 1788 ἐξήρ-

339 1812 435 1838 κουν
453 1802 536 1846 τοῖς
557 1801 656 1838 πᾶσι
677 1797 728 1840 τὰ
746 1795 905 1853 σκάφη,
938 1797 989 1838 τὰ
1008 1798 1080 1850 μὲν
1095 1795 1172 1839 ὑπὸ
1195 1800 1266 1852 τῆς
1284 1797 1612 1853 προηγησαμένης
1629 1816 1781 1856 ναυαρ-

336 1865 431 1918 χίας
453 1866 821 1909 καταποντισθέντα
841 1882 882 1908 τε
908 1867 975 1907 καὶ
1000 1865 1231 1923 ληφθέντα,
1266 1865 1317 1907 τὰ
1335 1866 1378 1907 δὲ
1395 1863 1473 1908 ὑπὸ
1492 1863 1695 1917 κλύδωνος
1713 1869 1782 1910 καὶ

429 1971 448 2005 1
471 1968 614 2018 κόλπῳ]
638 1970 759 2019 τόπῳ,
782 1972 917 2008 omissis
940 1970 1219 2016 ναυλοχούντων
1242 1969 1389 2016 αὐτῶν,
1413 1972 1442 2007 C

338 2062 479 2098 avulsae
503 2063 546 2096 ab
569 2063 703 2108 reliqua
726 2063 851 2110 classe,
891 2063 1062 2108 fugientes
1084 2065 1249 2099 barbaros
1272 2064 1449 2099 insecutae
1471 2074 1600 2108 eosque
1620 2067 1779 2109 praeter-

337 2114 462 2143 vectae
494 2114 592 2151 sunt,
626 2121 701 2143 cum
725 2110 750 2144 ii
776 2111 811 2144 in
837 2112 1004 2156 quendam
1030 2116 1162 2156 portum
1185 2122 1291 2144 naves
1323 2109 1578 2144 subduxissent.
1625 2110 1779 2154 Scythae

336 2167 421 2198 ergo
445 2154 619 2200 paucitate
645 2155 816 2191 hostilium
840 2157 975 2191 navium
1001 2156 1156 2200 cognita,
1189 2161 1433 2201 compertoque
1464 2167 1533 2189 non
1558 2154 1676 2201 plures
1701 2167 1779 2191 esse

337 2212 437 2244 quam
460 2200 557 2237 visae
581 2207 696 2245 erant,
732 2214 753 2236 a
783 2202 1027 2247 promontoriis
1050 2203 1093 2236 ab
1115 2209 1261 2246 utraque
1283 2206 1380 2246 parte
1407 2200 1485 2235 sitis
1507 2212 1635 2235 cornua
1656 2207 1779 2236 exten-

337 2247 482 2289 derunt,
518 2250 552 2280 et
584 2252 746 2282 contenta
776 2247 831 2282 usi
861 2248 1086 2293 remigatione
1107 2247 1356 2282 circumvenire
1376 2258 1435 2281 eas
1458 2252 1656 2292 coeperunt.
1705 2248 1780 2282 Ro-

336 2292 427 2325 mani
460 2292 576 2336 priore
610 2292 729 2327 labore
761 2294 950 2338 remigandi
971 2293 1242 2339 insequendique
1265 2292 1471 2338 defatigati,
1505 2298 1542 2327 et
1564 2292 1779 2329 multitudine

334 2337 509 2371 hostilium
531 2338 668 2373 navium
691 2340 889 2384 perterriti,
920 2341 963 2374 ad
987 2340 1101 2383 fugam
1121 2339 1340 2373 inclinarunt.
1387 2350 1461 2372 cum
1483 2342 1596 2372 autem
1618 2339 1778 2373 barbari·-

336 2395 399 2417 cae
428 2395 536 2417 naves
568 2384 685 2418 fauces
718 2385 814 2420 sinus
848 2386 1152 2419 circumdedissent
1174 2391 1210 2419 et
1231 2385 1268 2418 in
1290 2385 1393 2419 altum
1416 2384 1512 2418 exire
1535 2395 1602 2418 non
1624 2383 1779 2429 daretur,

335 2429 583 2464 Constantinus
606 2430 772 2476 patricius
793 2431 1009 2466 Caballurius
1034 2431 1335 2476 Cibyrraeotarum
1356 2431 1437 2474 dux,
1463 2441 1538 2464 cum
1560 2441 1624 2464 sua
1645 2435 1680 2464 et
1699 2430 1779 2464 aliis

338 2477 382 2507 10
403 2475 599 2510 triremibus
622 2476 762 2510 fortiter
783 2477 820 2511 in
843 2477 972 2511 hostem
1006 2488 1180 2522 pugnans,
1216 2476 1372 2510 concisus
1397 2480 1463 2510 est.
1507 2480 1631 2520 captae
1653 2487 1673 2511 a
1696 2477 1778 2511 bar*

336 2521 430 2554 baris
456 2526 618 2565 quattuor
639 2522 796 2557 triremes
820 2534 894 2557 cum
925 2523 1012 2567 ipsis
1037 2523 1255 2565 vectoribus,
1287 2522 1432 2566 ipsaque
1466 2520 1569 2555 etiam
1600 2521 1779 2566 praetoria

339 2566 452 2600 navis.
498 2567 653 2602 homines
676 2568 712 2602 in
735 2569 779 2603 iis
802 2580 918 2603 omnes
941 2568 1128 2603 interfecti.
1175 2568 1330 2612 reliquae
1358 2568 1587 2601 Romanorum
1610 2577 1717 2601 naves
1738 2566 1777 2601 in

338 2612 479 2655 brevia,
513 2612 629 2647 littora
662 2613 874 2649 incommoda
897 2619 932 2649 et
953 2626 1037 2649 saxa
1062 2614 1194 2649 eiectae
1218 2625 1259 2647 ac
1281 2612 1449 2646 contritae
1471 2618 1564 2647 sunt.
1609 2611 1778 2646 classiarii

338 2656 398 2690 alii
428 2657 465 2690 in
497 2668 603 2702 aqua*
614 2660 810 2705 perierunt,
842 2660 900 2694 alii
923 2672 944 2694 a
965 2660 1122 2695 barbaris
1144 2659 1201 2694 vel
1222 2658 1385 2693 trucidati
1407 2657 1464 2692 vel
1486 2658 1616 2702 captivi
1637 2658 1777 2693 abducti

338 2706 430 2735 sunt.
477 2704 682 2748 superstites
705 2706 786 2740 nudi
809 2707 1011 2752 peditesque
1033 2707 1076 2740 ad
1095 2716 1231 2740 suorum
1252 2704 1432 2738 stationem
1448 2703 1637 2738 redierunt.
1683 2704 1775 2746 Scy-

338 2748 435 2789 thae,
470 2760 544 2782 cum
576 2757 715 2795 praeter
735 2763 829 2797 spem
853 2752 939 2796 ipsis
960 2752 1151 2786 institutum
1174 2750 1376 2793 cecidisset,
1409 2749 1542 2782 domum
1565 2760 1686 2784 versus
1707 2749 1775 2783 iter

336 2792 572 2828 instituerunt.
618 2808 692 2830 curn
716 2809 784 2832 non
806 2798 892 2832 mari
915 2798 1014 2832 modo
1038 2798 1099 2832 sed
1122 2802 1215 2831 terra
1238 2796 1339 2829 etiam
1360 2795 1515 2829 redirent
1535 2795 1671 2839 (neque
1687 2793 1774 2828 enim

338 2843 456 2873 tantae
479 2840 686 2876 multitudini
710 2843 794 2878 satis
817 2847 894 2879 erat
916 2843 1072 2889 navium,
1106 2854 1180 2878 cum
1202 2841 1334 2889 praelio
1357 2840 1482 2876 multae
1499 2846 1621 2883 esseut
1641 2840 1773 2874 domer-
