<?xml version="1.0" encoding="UTF-8"?>
<!DOCTYPE html PUBLIC "-//W3C//DTD XHTML 1.0 Transitional//EN"
    "http://www.w3.org/TR/xhtml1/DTD/xhtml1-transitional.dtd">
<html xmlns="http://www.w3.org/1999/xhtml" xml:lang="en" lang="en">
 <head>
  <title>
</title>
<meta http-equiv="Content-Type" content="text/html;charset=utf-8" />
  <meta name='ocr-system' content='tesseract 3.04.00' />
  <meta name='ocr-capabilities' content='ocr_page ocr_carea ocr_par ocr_line ocrx_word'/>
</head>
<body>
  <div class='ocr_page' id='page_1' title='image "./corpusscriptorum14niebuoft/corpusscriptorum14niebuoft_0433.png"; bbox 0 0 1890 3236; ppageno 0'>
   <div class='ocr_carea' id='block_1_1' title="bbox 0 0 108 905">
    <p class='ocr_par' dir='ltr' id='par_1_1' title="bbox 0 0 108 905">
     <span class='ocr_line' id='line_1_1' title="bbox 0 0 108 905; baseline 0 0"><span class='ocrx_word' id='word_1_1' title='bbox 0 0 108 905; x_wconf 95' lang='lat' dir='ltr'><em> </em></span> 
     </span>
    </p>
   </div>
   <div class='ocr_carea' id='block_1_2' title="bbox 500 102 1654 154">
    <p class='ocr_par' dir='ltr' id='par_1_2' title="bbox 500 102 1654 154">
     <span class='ocr_line' id='line_1_2' title="bbox 500 102 1654 154; baseline 0.002 -3"><span class='ocrx_word' id='word_1_2' title='bbox 500 105 898 154; x_wconf 82' lang='lat' dir='ltr'><strong>HISTORIARUM</strong></span> <span class='ocrx_word' id='word_1_3' title='bbox 938 105 1332 152; x_wconf 84' lang='lat' dir='ltr'>COMPENDIUM.</span> <span class='ocrx_word' id='word_1_4' title='bbox 1465 113 1471 118; x_wconf 89' lang='lat'>&#39;</span> <span class='ocrx_word' id='word_1_5' title='bbox 1554 102 1654 153; x_wconf 81' lang='lat'><em>423</em></span> 
     </span>
    </p>
   </div>
   <div class='ocr_carea' id='block_1_3' title="bbox 103 218 1795 1871">
    <p class='ocr_par' dir='ltr' id='par_1_3' title="bbox 103 218 1795 1871">
     <span class='ocr_line' id='line_1_3' title="bbox 176 218 1652 285; baseline 0 -19"><span class='ocrx_word' id='word_1_6' title='bbox 176 218 578 285; x_wconf 55' lang='grc' dir='ltr'><em>ἑῇωτρατοπεδεύει</em></span> <span class='ocrx_word' id='word_1_7' title='bbox 595 229 681 273; x_wconf 83' lang='grc' dir='ltr'><em>τοῖς</em></span> <span class='ocrx_word' id='word_1_8' title='bbox 700 222 906 273; x_wconf 73' lang='grc' dir='ltr'><em>ἐναντίοις.</em></span> <span class='ocrx_word' id='word_1_9' title='bbox 976 223 1043 265; x_wconf 77' lang='grc' dir='ltr'><em>καὶ</em></span> <span class='ocrx_word' id='word_1_10' title='bbox 1064 220 1185 279; x_wconf 70' lang='grc' dir='ltr'><em>μέχρι</em></span> <span class='ocrx_word' id='word_1_11' title='bbox 1200 221 1276 276; x_wconf 74' lang='grc' dir='ltr'><em>μέν</em></span> <span class='ocrx_word' id='word_1_12' title='bbox 1293 235 1402 272; x_wconf 86' lang='grc' dir='ltr'><em>τινος</em></span> <span class='ocrx_word' id='word_1_13' title='bbox 1422 218 1652 276; x_wconf 78' lang='grc' dir='ltr'><em>ἀνεδύοντο,</em></span> 
     </span>
     <span class='ocr_line' id='line_1_4' title="bbox 174 283 1795 349; baseline 0.001 -16"><span class='ocrx_word' id='word_1_14' title='bbox 174 283 480 349; x_wconf 65' lang='grc' dir='ltr'><em>εαὶπαρεῖλκον</em></span> <span class='ocrx_word' id='word_1_15' title='bbox 497 291 572 347; x_wconf 82' lang='grc' dir='ltr'><em>τὴν</em></span> <span class='ocrx_word' id='word_1_16' title='bbox 589 293 646 342; x_wconf 79' lang='grc' dir='ltr'><em>εἷς</em></span> <span class='ocrx_word' id='word_1_17' title='bbox 660 291 893 348; x_wconf 72' lang='grc' dir='ltr'><em>τούμφανὲς</em></span> <span class='ocrx_word' id='word_1_18' title='bbox 911 289 1150 346; x_wconf 82' lang='grc' dir='ltr'><em>συμπλοκήν</em></span> <span class='ocrx_word' id='word_1_19' title='bbox 1158 323 1172 343; x_wconf 91' lang='grc'><em>,</em></span> <span class='ocrx_word' id='word_1_20' title='bbox 1198 292 1264 334; x_wconf 79' lang='grc' dir='ltr'><em>καὶ</em></span> <span class='ocrx_word' id='word_1_21' title='bbox 1282 291 1433 345; x_wconf 72' lang='grc' dir='ltr'><em>κλέψαι</em></span> <span class='ocrx_word' id='word_1_22' title='bbox 1449 290 1523 348; x_wconf 83' lang='grc' dir='ltr'><em>τὴν</em></span> <span class='ocrx_word' id='word_1_23' title='bbox 1539 292 1652 348; x_wconf 85' lang='grc' dir='ltr'><em>νίκην</em></span> <span class='ocrx_word' id='word_1_24' title='bbox 1674 297 1705 333; x_wconf 82' lang='grc' dir='ltr'>Ρ</span> <span class='ocrx_word' id='word_1_25' title='bbox 1727 297 1795 334; x_wconf 82' lang='grc'><em>688</em></span> 
     </span>
     <span class='ocr_line' id='line_1_5' title="bbox 173 352 1651 418; baseline 0.001 -16"><span class='ocrx_word' id='word_1_26' title='bbox 173 360 470 416; x_wconf 62' lang='grc' dir='ltr'><strong><em>διηγωνίζοντο.</em></strong></span> <span class='ocrx_word' id='word_1_27' title='bbox 538 359 890 418; x_wconf 64' lang='grc' dir='ltr'><em>κατεστρατήγησε</em></span> <span class='ocrx_word' id='word_1_28' title='bbox 907 360 952 403; x_wconf 76' lang='grc' dir='ltr'><em>δὲ</em></span> <span class='ocrx_word' id='word_1_29' title='bbox 970 359 1067 411; x_wconf 82' lang='grc' dir='ltr'><em>τούς</em></span> <span class='ocrx_word' id='word_1_30' title='bbox 1083 360 1287 411; x_wconf 76' lang='grc' dir='ltr'><strong><em>ἐναντίους</em></strong></span> <span class='ocrx_word' id='word_1_31' title='bbox 1302 357 1324 402; x_wconf 81' lang='grc' dir='ltr'>ὁ</span> <span class='ocrx_word' id='word_1_32' title='bbox 1342 352 1536 417; x_wconf 83' lang='grc' dir='ltr'><em>Βάρδας,</em></span> <span class='ocrx_word' id='word_1_33' title='bbox 1566 363 1651 404; x_wconf 85' lang='grc' dir='ltr'><em>δεῖ-</em></span> 
     </span>
     <span class='ocr_line' id='line_1_6' title="bbox 172 426 1651 488; baseline 0.001 -17"><span class='ocrx_word' id='word_1_34' title='bbox 172 445 255 471; x_wconf 85' lang='grc' dir='ltr'><em>πνα</em></span> <span class='ocrx_word' id='word_1_35' title='bbox 271 428 406 472; x_wconf 80' lang='grc' dir='ltr'><em>πολλὰ</em></span> <span class='ocrx_word' id='word_1_36' title='bbox 425 427 838 487; x_wconf 80' lang='grc' dir='ltr'><em>παρασκευασάμενος</em></span> <span class='ocrx_word' id='word_1_37' title='bbox 858 427 914 480; x_wconf 81' lang='grc' dir='ltr'><em>ὥς</em></span> <span class='ocrx_word' id='word_1_38' title='bbox 929 427 1036 484; x_wconf 80' lang='grc' dir='ltr'><em>τάχα</em></span> <span class='ocrx_word' id='word_1_39' title='bbox 1054 429 1125 472; x_wconf 80' lang='grc' dir='ltr'><em>τὸν</em></span> <span class='ocrx_word' id='word_1_40' title='bbox 1142 432 1287 472; x_wconf 76' lang='grc' dir='ltr'><em>οἰκεῖον</em></span> <span class='ocrx_word' id='word_1_41' title='bbox 1305 426 1503 472; x_wconf 74' lang='grc' dir='ltr'><em>ἕστιάσων</em></span> <span class='ocrx_word' id='word_1_42' title='bbox 1522 447 1651 488; x_wconf 88' lang='grc' dir='ltr'><em>στρα-</em></span> 
     </span>
     <span class='ocr_line' id='line_1_7' title="bbox 137 495 1650 556; baseline 0.001 -15"><span class='ocrx_word' id='word_1_43' title='bbox 137 495 265 550; x_wconf 78' lang='grc' dir='ltr'><em>5τόν,</em></span> <span class='ocrx_word' id='word_1_44' title='bbox 309 499 377 540; x_wconf 80' lang='grc' dir='ltr'><em>καὶ</em></span> <span class='ocrx_word' id='word_1_45' title='bbox 411 497 518 542; x_wconf 73' lang='grc' dir='ltr'><em>οὕτω</em></span> <span class='ocrx_word' id='word_1_46' title='bbox 549 498 646 549; x_wconf 81' lang='grc' dir='ltr'><em>τούς</em></span> <span class='ocrx_word' id='word_1_47' title='bbox 679 499 906 553; x_wconf 77' lang='grc' dir='ltr'><em>πολεμίους,</em></span> <span class='ocrx_word' id='word_1_48' title='bbox 925 496 1197 555; x_wconf 73' lang='grc' dir='ltr'><em>ἐξαπατήσας.</em></span> <span class='ocrx_word' id='word_1_49' title='bbox 1265 496 1540 553; x_wconf 73' lang='grc' dir='ltr'><em>ὑπολαβόντες</em></span> <span class='ocrx_word' id='word_1_50' title='bbox 1569 500 1650 556; x_wconf 79' lang='grc' dir='ltr'><em>γὰρ</em></span> 
     </span>
     <span class='ocr_line' id='line_1_8' title="bbox 171 565 1650 624; baseline 0.001 -15"><span class='ocrx_word' id='word_1_51' title='bbox 171 566 266 609; x_wconf 80' lang='grc' dir='ltr'><em>κατ’</em></span> <span class='ocrx_word' id='word_1_52' title='bbox 287 567 437 623; x_wconf 68' lang='grc' dir='ltr'><em>ἐκείνην</em></span> <span class='ocrx_word' id='word_1_53' title='bbox 455 567 529 623; x_wconf 83' lang='grc' dir='ltr'><em>τὴν</em></span> <span class='ocrx_word' id='word_1_54' title='bbox 547 565 703 624; x_wconf 73' lang='grc' dir='ltr'><em>ἡμέραν</em></span> <span class='ocrx_word' id='word_1_55' title='bbox 719 568 780 624; x_wconf 85' lang='grc' dir='ltr'><em>μὴ</em></span> <span class='ocrx_word' id='word_1_56' title='bbox 800 565 1088 623; x_wconf 73' lang='grc' dir='ltr'><em>κατάρξασθαι</em></span> <span class='ocrx_word' id='word_1_57' title='bbox 1107 566 1244 623; x_wconf 83' lang='grc' dir='ltr'><em>μάχης</em></span> <span class='ocrx_word' id='word_1_58' title='bbox 1261 565 1386 610; x_wconf 74' lang='grc' dir='ltr'><em>αὐτόν</em></span> <span class='ocrx_word' id='word_1_59' title='bbox 1397 599 1412 620; x_wconf 95' lang='grc'><em>,</em></span> <span class='ocrx_word' id='word_1_60' title='bbox 1447 569 1515 610; x_wconf 79' lang='grc' dir='ltr'><em>καὶ</em></span> <span class='ocrx_word' id='word_1_61' title='bbox 1534 569 1650 612; x_wconf 75' lang='grc' dir='ltr'><em>αῧτοὶ</em></span> 
     </span>
     <span class='ocr_line' id='line_1_9' title="bbox 150 633 1648 694; baseline 0.001 -16"><span class='ocrx_word' id='word_1_62' title='bbox 150 633 275 692; x_wconf 80' lang='grc' dir='ltr'><em>’πρὸς</em></span> <span class='ocrx_word' id='word_1_63' title='bbox 304 637 476 692; x_wconf 75' lang='grc' dir='ltr'><em>εὐωχίαν</em></span> <span class='ocrx_word' id='word_1_64' title='bbox 505 634 752 694; x_wconf 75' lang='grc' dir='ltr'><em>ἐτράποντο·</em></span> <span class='ocrx_word' id='word_1_65' title='bbox 788 634 812 679; x_wconf 80' lang='grc' dir='ltr'><strong>ὅ</strong></span> <span class='ocrx_word' id='word_1_66' title='bbox 847 636 892 679; x_wconf 81' lang='grc' dir='ltr'><em>δὲ</em></span> <span class='ocrx_word' id='word_1_67' title='bbox 921 637 1108 693; x_wconf 79' lang='grc' dir='ltr'><em>Σκληρὸς</em></span> <span class='ocrx_word' id='word_1_68' title='bbox 1139 634 1195 687; x_wconf 78' lang='grc' dir='ltr'><em>ὡς</em></span> <span class='ocrx_word' id='word_1_69' title='bbox 1225 635 1325 693; x_wconf 75' lang='grc' dir='ltr'><em>ἴγνω</em></span> <span class='ocrx_word' id='word_1_70' title='bbox 1353 640 1502 690; x_wconf 77' lang='grc' dir='ltr'><em>τοῦτο,</em></span> <span class='ocrx_word' id='word_1_71' title='bbox 1539 635 1648 692; x_wconf 76' lang='grc' dir='ltr'><em>(εἶχε</em></span> 
     </span>
     <span class='ocr_line' id='line_1_10' title="bbox 169 703 1648 764; baseline 0.001 -17"><span class='ocrx_word' id='word_1_72' title='bbox 169 703 250 763; x_wconf 74' lang='grc' dir='ltr'><em>γὰρ</em></span> <span class='ocrx_word' id='word_1_73' title='bbox 278 707 346 748; x_wconf 73' lang='grc' dir='ltr'><em>καὶ</em></span> <span class='ocrx_word' id='word_1_74' title='bbox 373 705 477 763; x_wconf 84' lang='grc' dir='ltr'><em>πρὸς</em></span> <span class='ocrx_word' id='word_1_75' title='bbox 502 703 682 761; x_wconf 84' lang='grc' dir='ltr'><em>πόλεμον</em></span> <span class='ocrx_word' id='word_1_76' title='bbox 707 705 1066 763; x_wconf 71' lang='grc' dir='ltr'><em>παρεσκευασμένα</em></span> <span class='ocrx_word' id='word_1_77' title='bbox 1086 705 1139 748; x_wconf 82' lang='grc' dir='ltr'><em>τὰ</em></span> <span class='ocrx_word' id='word_1_78' title='bbox 1159 703 1473 763; x_wconf 79' lang='grc' dir='ltr'><em>στρατεύματα)</em></span> <span class='ocrx_word' id='word_1_79' title='bbox 1509 707 1648 764; x_wconf 81' lang='grc' dir='ltr'><em>αἶφνί-</em></span> 
     </span>
     <span class='ocr_line' id='line_1_11' title="bbox 170 772 1647 833; baseline 0.001 -17"><span class='ocrx_word' id='word_1_80' title='bbox 170 774 261 826; x_wconf 80' lang='grc' dir='ltr'><em>διρν</em></span> <span class='ocrx_word' id='word_1_81' title='bbox 278 777 330 831; x_wconf 80' lang='grc' dir='ltr'><em>τῇ</em></span> <span class='ocrx_word' id='word_1_82' title='bbox 347 772 538 831; x_wconf 80' lang='grc' dir='ltr'><em>σάλπιγγι</em></span> <span class='ocrx_word' id='word_1_83' title='bbox 555 772 741 831; x_wconf 78' lang='grc' dir='ltr'><em>σημήνας</em></span> <span class='ocrx_word' id='word_1_84' title='bbox 757 774 803 818; x_wconf 81' lang='grc' dir='ltr'><em>τὸ</em></span> <span class='ocrx_word' id='word_1_85' title='bbox 824 773 1007 818; x_wconf 68' lang='grc' dir='ltr'><em>ἐνυάλιον</em></span> <span class='ocrx_word' id='word_1_86' title='bbox 1025 776 1209 828; x_wconf 74' lang='grc' dir='ltr'><em>ἐμπίπτει</em></span> <span class='ocrx_word' id='word_1_87' title='bbox 1227 781 1312 825; x_wconf 81' lang='grc' dir='ltr'><em>τοῖς</em></span> <span class='ocrx_word' id='word_1_88' title='bbox 1327 776 1535 831; x_wconf 83' lang='grc' dir='ltr'><em>πολεμίοις</em></span> <span class='ocrx_word' id='word_1_89' title='bbox 1554 776 1647 833; x_wconf 76' lang='grc' dir='ltr'><em>ἄρι-</em></span> 
     </span>
     <span class='ocr_line' id='line_1_12' title="bbox 112 841 1646 902; baseline 0.001 -16"><span class='ocrx_word' id='word_1_90' title='bbox 112 851 160 892; x_wconf 73' lang='lat'><em>10</em></span> <span class='ocrx_word' id='word_1_91' title='bbox 170 843 512 899; x_wconf 75' lang='grc' dir='ltr'><em>στοποιουμὲνοις.</em></span> <span class='ocrx_word' id='word_1_92' title='bbox 582 843 620 886; x_wconf 78' lang='grc' dir='ltr'><em>οἱ</em></span> <span class='ocrx_word' id='word_1_93' title='bbox 644 844 722 900; x_wconf 14' lang='grc' dir='ltr'><em>ἰδέ,</em></span> <span class='ocrx_word' id='word_1_94' title='bbox 758 841 814 894; x_wconf 81' lang='grc' dir='ltr'><em>ὥς</em></span> <span class='ocrx_word' id='word_1_95' title='bbox 834 843 972 898; x_wconf 63' lang='grc' dir='ltr'><em>ἔτυχεν</em></span> <span class='ocrx_word' id='word_1_96' title='bbox 993 844 1182 896; x_wconf 67' lang='grc' dir='ltr'><em>ἕκαστος,</em></span> <span class='ocrx_word' id='word_1_97' title='bbox 1216 843 1263 887; x_wconf 83' lang='grc' dir='ltr'><em>τὸ</em></span> <span class='ocrx_word' id='word_1_98' title='bbox 1283 844 1520 902; x_wconf 86' lang='grc' dir='ltr'><em>παρατυχόν</em></span> <span class='ocrx_word' id='word_1_99' title='bbox 1544 843 1646 887; x_wconf 79' lang='grc' dir='ltr'><em>ἀνα-</em></span> 
     </span>
     <span class='ocr_line' id='line_1_13' title="bbox 166 909 1644 973; baseline 0.001 -19"><span class='ocrx_word' id='word_1_100' title='bbox 166 909 444 968; x_wconf 78' lang='grc' dir='ltr'><em>λαμβάνοντες</em></span> <span class='ocrx_word' id='word_1_101' title='bbox 472 911 598 955; x_wconf 80' lang='grc' dir='ltr'><em>ὅπλον</em></span> <span class='ocrx_word' id='word_1_102' title='bbox 625 913 722 963; x_wconf 77' lang='grc' dir='ltr'><em>τοὺς</em></span> <span class='ocrx_word' id='word_1_103' title='bbox 757 911 1002 970; x_wconf 76' lang='grc' dir='ltr'><em>προσιόντας</em></span> <span class='ocrx_word' id='word_1_104' title='bbox 1032 914 1243 967; x_wconf 69' lang='grc' dir='ltr'><em>ἐδέχοντο,</em></span> <span class='ocrx_word' id='word_1_105' title='bbox 1277 913 1337 969; x_wconf 86' lang='grc' dir='ltr'><em>μὴ</em></span> <span class='ocrx_word' id='word_1_106' title='bbox 1363 917 1424 973; x_wconf 75' lang='grc' dir='ltr'><em>τῷ</em></span> <span class='ocrx_word' id='word_1_107' title='bbox 1452 915 1644 972; x_wconf 72' lang='grc' dir='ltr'><em>αἰφνιδίῳ</em></span> 
     </span>
     <span class='ocr_line' id='line_1_14' title="bbox 165 980 1693 1040; baseline 0.001 -17"><span class='ocrx_word' id='word_1_108' title='bbox 165 982 497 1038; x_wconf 76' lang='grc' dir='ltr'><em>καταπλαγέντες.</em></span> <span class='ocrx_word' id='word_1_109' title='bbox 566 983 635 1024; x_wconf 78' lang='grc' dir='ltr'><em>καὶ</em></span> <span class='ocrx_word' id='word_1_110' title='bbox 669 983 732 1024; x_wconf 73' lang='grc' dir='ltr'><em>ἐπὶ</em></span> <span class='ocrx_word' id='word_1_111' title='bbox 762 980 914 1040; x_wconf 84' lang='grc' dir='ltr'><em>χρόνον</em></span> <span class='ocrx_word' id='word_1_112' title='bbox 942 982 1017 1036; x_wconf 73' lang='grc' dir='ltr'><em>μέν</em></span> <span class='ocrx_word' id='word_1_113' title='bbox 1049 999 1140 1024; x_wconf 88' lang='grc' dir='ltr'><em>τινα</em></span> <span class='ocrx_word' id='word_1_114' title='bbox 1173 980 1386 1039; x_wconf 79' lang='grc' dir='ltr'><em>εὐρώστως</em></span> <span class='ocrx_word' id='word_1_115' title='bbox 1416 982 1639 1038; x_wconf 78' lang='grc' dir='ltr'><em>ἠμύνοντο·</em></span> <span class='ocrx_word' id='word_1_116' title='bbox 1663 988 1693 1024; x_wconf 89' lang='grc' dir='ltr'><strong>Β</strong></span> 
     </span>
     <span class='ocr_line' id='line_1_15' title="bbox 165 1040 1643 1108; baseline 0.001 -15"><span class='ocrx_word' id='word_1_117' title='bbox 165 1046 253 1094; x_wconf 78' lang='grc' dir='ltr'><em>εἶτα</em></span> <span class='ocrx_word' id='word_1_118' title='bbox 276 1047 571 1108; x_wconf 77' lang='grc' dir='ltr'><em>ὖπερκερώσεις</em></span> <span class='ocrx_word' id='word_1_119' title='bbox 595 1049 867 1107; x_wconf 79' lang='grc' dir='ltr'><em>ποιησάμενος</em></span> <span class='ocrx_word' id='word_1_120' title='bbox 895 1049 916 1093; x_wconf 82' lang='grc' dir='ltr'><strong>ὃ</strong></span> <span class='ocrx_word' id='word_1_121' title='bbox 946 1049 1118 1108; x_wconf 85' lang='grc' dir='ltr'><em>Βάρδας</em></span> <span class='ocrx_word' id='word_1_122' title='bbox 1134 1053 1202 1094; x_wconf 82' lang='grc' dir='ltr'><em>καὶ</em></span> <span class='ocrx_word' id='word_1_123' title='bbox 1225 1050 1340 1093; x_wconf 67' lang='grc' dir='ltr'><em>ἔνδον</em></span> <span class='ocrx_word' id='word_1_124' title='bbox 1359 1050 1440 1107; x_wconf 71' lang='grc' dir='ltr'><em>ἤδη</em></span> <span class='ocrx_word' id='word_1_125' title='bbox 1462 1040 1643 1095; x_wconf 85' lang='grc' dir='ltr'><em>συναπο-</em></span> 
     </span>
     <span class='ocr_line' id='line_1_16' title="bbox 165 1117 1644 1178; baseline 0.002 -16"><span class='ocrx_word' id='word_1_126' title='bbox 165 1117 388 1175; x_wconf 77' lang='grc' dir='ltr'><em>λαμβάνειν</em></span> <span class='ocrx_word' id='word_1_127' title='bbox 407 1120 505 1172; x_wconf 81' lang='grc' dir='ltr'><em>τοὺς</em></span> <span class='ocrx_word' id='word_1_128' title='bbox 523 1122 741 1174; x_wconf 89' lang='grc' dir='ltr'><em>πολεμιόυς</em></span> <span class='ocrx_word' id='word_1_129' title='bbox 763 1123 927 1178; x_wconf 79' lang='grc' dir='ltr'><em>φοβῶν,</em></span> <span class='ocrx_word' id='word_1_130' title='bbox 959 1121 1127 1178; x_wconf 74' lang='grc' dir='ltr'><em>ἐπαφεὶς</em></span> <span class='ocrx_word' id='word_1_131' title='bbox 1145 1121 1190 1163; x_wconf 77' lang='grc' dir='ltr'><em>δὲ</em></span> <span class='ocrx_word' id='word_1_132' title='bbox 1209 1121 1276 1163; x_wconf 80' lang='grc' dir='ltr'><em>καὶ</em></span> <span class='ocrx_word' id='word_1_133' title='bbox 1294 1121 1401 1163; x_wconf 81' lang='grc' dir='ltr'><em>κατὰ</em></span> <span class='ocrx_word' id='word_1_134' title='bbox 1419 1125 1528 1164; x_wconf 81' lang='grc' dir='ltr'><em>νῶτα</em></span> <span class='ocrx_word' id='word_1_135' title='bbox 1547 1122 1644 1173; x_wconf 83' lang='grc' dir='ltr'><em>τοὺς</em></span> 
     </span>
     <span class='ocr_line' id='line_1_17' title="bbox 109 1187 1642 1248; baseline 0.001 -17"><span class='ocrx_word' id='word_1_136' title='bbox 109 1194 154 1232; x_wconf 83' lang='grc'><em>15</em></span> <span class='ocrx_word' id='word_1_137' title='bbox 163 1187 473 1246; x_wconf 77' lang='grc' dir='ltr'><em>μισθοφόρους,</em></span> <span class='ocrx_word' id='word_1_138' title='bbox 508 1189 641 1247; x_wconf 72' lang='grc' dir='ltr'><em>τρέπει</em></span> <span class='ocrx_word' id='word_1_139' title='bbox 674 1207 716 1232; x_wconf 88' lang='grc' dir='ltr'><em>τε</em></span> <span class='ocrx_word' id='word_1_140' title='bbox 750 1192 806 1240; x_wconf 80' lang='grc' dir='ltr'><em>εἷς</em></span> <span class='ocrx_word' id='word_1_141' title='bbox 837 1189 970 1247; x_wconf 81' lang='grc' dir='ltr'><em>φυγὴν</em></span> <span class='ocrx_word' id='word_1_142' title='bbox 999 1191 1065 1232; x_wconf 82' lang='grc' dir='ltr'><em>καὶ</em></span> <span class='ocrx_word' id='word_1_143' title='bbox 1098 1189 1226 1232; x_wconf 76' lang='grc' dir='ltr'><em>πολὺν</em></span> <span class='ocrx_word' id='word_1_144' title='bbox 1260 1187 1468 1247; x_wconf 72' lang='grc' dir='ltr'><em>ἐργάζεται</em></span> <span class='ocrx_word' id='word_1_145' title='bbox 1502 1189 1642 1248; x_wconf 77' lang='grc' dir='ltr'><em>φόνον,</em></span> 
     </span>
     <span class='ocr_line' id='line_1_18' title="bbox 162 1257 1644 1316; baseline 0.001 -16"><span class='ocrx_word' id='word_1_146' title='bbox 162 1262 238 1300; x_wconf 81' lang='grc' dir='ltr'><em>τοῦ</em></span> <span class='ocrx_word' id='word_1_147' title='bbox 270 1257 418 1309; x_wconf 82' lang='grc' dir='ltr'><em>δουκὸς</em></span> <span class='ocrx_word' id='word_1_148' title='bbox 443 1258 686 1313; x_wconf 80' lang='grc' dir='ltr'><em>Ἀντιοχείας</em></span> <span class='ocrx_word' id='word_1_149' title='bbox 716 1263 790 1302; x_wconf 79' lang='grc' dir='ltr'><em>τοῦ</em></span> <span class='ocrx_word' id='word_1_150' title='bbox 820 1258 1008 1316; x_wconf 77' lang='grc' dir='ltr'><em>Βούρτζη</em></span> <span class='ocrx_word' id='word_1_151' title='bbox 1041 1263 1204 1316; x_wconf 81' lang='grc' dir='ltr'><em>πρῶτον</em></span> <span class='ocrx_word' id='word_1_152' title='bbox 1237 1259 1491 1311; x_wconf 72' lang='grc' dir='ltr'><em>ἐκκλίναντος</em></span> <span class='ocrx_word' id='word_1_153' title='bbox 1502 1292 1516 1312; x_wconf 85' lang='grc'><em>,</em></span> <span class='ocrx_word' id='word_1_154' title='bbox 1565 1260 1644 1303; x_wconf 70' lang='grc' dir='ltr'><em>εἴτε</em></span> 
     </span>
     <span class='ocr_line' id='line_1_19' title="bbox 163 1325 1642 1386; baseline 0.001 -17"><span class='ocrx_word' id='word_1_155' title='bbox 163 1325 232 1369; x_wconf 80' lang='grc' dir='ltr'><em>διὰ</em></span> <span class='ocrx_word' id='word_1_156' title='bbox 254 1328 406 1370; x_wconf 78' lang='grc' dir='ltr'><em>δειλίαν</em></span> <span class='ocrx_word' id='word_1_157' title='bbox 427 1328 502 1371; x_wconf 67' lang='grc' dir='ltr'><em>εἴτε</em></span> <span class='ocrx_word' id='word_1_158' title='bbox 523 1328 590 1371; x_wconf 84' lang='grc' dir='ltr'><em>διὰ</em></span> <span class='ocrx_word' id='word_1_159' title='bbox 609 1329 874 1385; x_wconf 81' lang='grc' dir='ltr'><em>κακουργίαν·</em></span> <span class='ocrx_word' id='word_1_160' title='bbox 905 1328 1058 1384; x_wconf 71' lang='grc' dir='ltr'><em>ἐλέγετο</em></span> <span class='ocrx_word' id='word_1_161' title='bbox 1076 1328 1155 1385; x_wconf 75' lang='grc' dir='ltr'><em>γὰρ</em></span> <span class='ocrx_word' id='word_1_162' title='bbox 1177 1326 1404 1386; x_wconf 75' lang='grc' dir='ltr'><em>ἀμφότερα.</em></span> <span class='ocrx_word' id='word_1_163' title='bbox 1474 1329 1642 1383; x_wconf 69' lang='grc' dir='ltr'><em>κατέσχε</em></span> 
     </span>
     <span class='ocr_line' id='line_1_20' title="bbox 161 1395 1638 1454; baseline 0.001 -16"><span class='ocrx_word' id='word_1_164' title='bbox 161 1395 208 1439; x_wconf 73' lang='grc' dir='ltr'><em>δὲ</em></span> <span class='ocrx_word' id='word_1_165' title='bbox 225 1396 293 1439; x_wconf 78' lang='grc' dir='ltr'><em>καὶ</em></span> <span class='ocrx_word' id='word_1_166' title='bbox 311 1396 358 1440; x_wconf 85' lang='grc' dir='ltr'><em>τὸ</em></span> <span class='ocrx_word' id='word_1_167' title='bbox 376 1395 652 1454; x_wconf 87' lang='grc' dir='ltr'><em>στρατόπεδον</em></span> <span class='ocrx_word' id='word_1_168' title='bbox 672 1395 780 1439; x_wconf 81' lang='grc' dir='ltr'><em>ἅπαν</em></span> <span class='ocrx_word' id='word_1_169' title='bbox 800 1397 876 1440; x_wconf 79' lang='grc' dir='ltr'><em>σὺν</em></span> <span class='ocrx_word' id='word_1_170' title='bbox 895 1401 947 1454; x_wconf 82' lang='grc' dir='ltr'><em>τῇ</em></span> <span class='ocrx_word' id='word_1_171' title='bbox 965 1397 1191 1454; x_wconf 82' lang='grc' dir='ltr'><em>ἀποσκευῇ,</em></span> <span class='ocrx_word' id='word_1_172' title='bbox 1227 1398 1294 1439; x_wconf 81' lang='grc' dir='ltr'><em>καὶ</em></span> <span class='ocrx_word' id='word_1_173' title='bbox 1314 1400 1489 1440; x_wconf 76' lang='grc' dir='ltr'><em>πλοῦτον</em></span> <span class='ocrx_word' id='word_1_174' title='bbox 1507 1399 1638 1440; x_wconf 73' lang='grc' dir='ltr'><em>ε’ντεῦ-</em></span> 
     </span>
     <span class='ocr_line' id='line_1_21' title="bbox 161 1460 1641 1524; baseline 0 -16"><span class='ocrx_word' id='word_1_175' title='bbox 161 1469 238 1508; x_wconf 76' lang='grc' dir='ltr'><em>θεν</em></span> <span class='ocrx_word' id='word_1_176' title='bbox 257 1463 515 1523; x_wconf 76' lang='grc' dir='ltr'><em>περιεβάλετο</em></span> <span class='ocrx_word' id='word_1_177' title='bbox 534 1465 713 1524; x_wconf 73' lang='grc' dir='ltr'><em>ἄπειρον.</em></span> <span class='ocrx_word' id='word_1_178' title='bbox 783 1467 937 1508; x_wconf 71' lang='grc' dir='ltr'><em>ἒκεῖθεν</em></span> <span class='ocrx_word' id='word_1_179' title='bbox 957 1460 1083 1516; x_wconf 72' lang='grc' dir='ltr'><em>αὖθις</em></span> <span class='ocrx_word' id='word_1_180' title='bbox 1103 1467 1166 1509; x_wconf 74' lang='grc' dir='ltr'><em>ἐπὶ</em></span> <span class='ocrx_word' id='word_1_181' title='bbox 1183 1465 1229 1509; x_wconf 86' lang='grc' dir='ltr'><em>τὸ</em></span> <span class='ocrx_word' id='word_1_182' title='bbox 1247 1464 1460 1522; x_wconf 84' lang='grc' dir='ltr'><em>λεγόιιενον</em></span> <span class='ocrx_word' id='word_1_183' title='bbox 1481 1465 1641 1523; x_wconf 63' lang='grc' dir='ltr'><em>ἔρχεται</em></span> 
     </span>
     <span class='ocr_line' id='line_1_22' title="bbox 103 1533 1638 1595; baseline 0.001 -19"><span class='ocrx_word' id='word_1_184' title='bbox 103 1539 151 1586; x_wconf 67' lang='grc'><em>20</em></span> <span class='ocrx_word' id='word_1_185' title='bbox 165 1533 433 1590; x_wconf 76' lang='grc' dir='ltr'><em>Τζαμανὸόν·</em></span> <span class='ocrx_word' id='word_1_186' title='bbox 467 1533 584 1586; x_wconf 86' lang='grc' dir='ltr'><em>πόλις</em></span> <span class='ocrx_word' id='word_1_187' title='bbox 605 1536 649 1578; x_wconf 76' lang='grc' dir='ltr'><em>δὲ</em></span> <span class='ocrx_word' id='word_1_188' title='bbox 669 1533 696 1591; x_wconf 78' lang='grc' dir='ltr'>ἦ</span> <span class='ocrx_word' id='word_1_189' title='bbox 723 1535 968 1590; x_wconf 80' lang='grc' dir='ltr'><em>Τξαμανδὸς</em></span> <span class='ocrx_word' id='word_1_190' title='bbox 987 1536 1028 1578; x_wconf 77' lang='grc' dir='ltr'><em>ἓν</em></span> <span class='ocrx_word' id='word_1_191' title='bbox 1049 1534 1297 1592; x_wconf 79' lang='grc' dir='ltr'><em>ἇποκρήμνῳ</em></span> <span class='ocrx_word' id='word_1_192' title='bbox 1316 1536 1443 1595; x_wconf 66' lang='grc' dir='ltr'><em>πέτρα</em></span> <span class='ocrx_word' id='word_1_193' title='bbox 1463 1536 1638 1591; x_wconf 75' lang='grc' dir='ltr'><em>κειμένη,</em></span> 
     </span>
     <span class='ocr_line' id='line_1_23' title="bbox 158 1601 1689 1663; baseline 0 -17"><span class='ocrx_word' id='word_1_194' title='bbox 158 1601 487 1662; x_wconf 76' lang='grc' dir='ltr'><em>πολυάνθρωπος</em></span> <span class='ocrx_word' id='word_1_195' title='bbox 523 1606 591 1648; x_wconf 84' lang='grc' dir='ltr'><em>καὶ</em></span> <span class='ocrx_word' id='word_1_196' title='bbox 627 1602 790 1663; x_wconf 76' lang='grc' dir='ltr'><em>πλούτῳ</em></span> <span class='ocrx_word' id='word_1_197' title='bbox 831 1602 1090 1662; x_wconf 72' lang='grc' dir='ltr'><em>περιβριθής.</em></span> <span class='ocrx_word' id='word_1_198' title='bbox 1156 1603 1296 1659; x_wconf 77' lang='grc' dir='ltr'><em>ἥντινα</em></span> <span class='ocrx_word' id='word_1_199' title='bbox 1326 1605 1429 1662; x_wconf 64' lang='grc' dir='ltr'><em>παρ’</em></span> <span class='ocrx_word' id='word_1_200' title='bbox 1463 1603 1635 1648; x_wconf 71' lang='grc' dir='ltr'><em>ἑκόντων</em></span> <span class='ocrx_word' id='word_1_201' title='bbox 1657 1611 1689 1646; x_wconf 85' lang='lat' dir='ltr'>C</span> 
     </span>
     <span class='ocr_line' id='line_1_24' title="bbox 158 1672 1636 1730; baseline 0.001 -16"><span class='ocrx_word' id='word_1_202' title='bbox 158 1673 298 1728; x_wconf 80' lang='grc' dir='ltr'><em>λαβὼν</em></span> <span class='ocrx_word' id='word_1_203' title='bbox 320 1677 402 1717; x_wconf 80' lang='grc' dir='ltr'><em>τῶν</em></span> <span class='ocrx_word' id='word_1_204' title='bbox 422 1674 615 1717; x_wconf 67' lang='grc' dir='ltr'><em>ἐντοπίων</em></span> <span class='ocrx_word' id='word_1_205' title='bbox 634 1678 810 1717; x_wconf 82' lang='grc' dir='ltr'><em>πλοῦτον</em></span> <span class='ocrx_word' id='word_1_206' title='bbox 831 1675 1036 1726; x_wconf 79' lang='grc' dir='ltr'><em>συνέλεξεν</em></span> <span class='ocrx_word' id='word_1_207' title='bbox 1058 1673 1133 1716; x_wconf 83' lang='grc' dir='ltr'><em>οὔκ</em></span> <span class='ocrx_word' id='word_1_208' title='bbox 1154 1673 1300 1729; x_wconf 73' lang='grc' dir='ltr'><em>ὀλίγον.</em></span> <span class='ocrx_word' id='word_1_209' title='bbox 1370 1673 1474 1729; x_wconf 79' lang='grc' dir='ltr'><em>αὕτη</em></span> <span class='ocrx_word' id='word_1_210' title='bbox 1498 1672 1524 1730; x_wconf 78' lang='grc' dir='ltr'><strong><em>ἦ</em></strong></span> <span class='ocrx_word' id='word_1_211' title='bbox 1548 1675 1636 1729; x_wconf 84' lang='grc' dir='ltr'><em>νίκη</em></span> 
     </span>
     <span class='ocr_line' id='line_1_25' title="bbox 156 1739 1637 1802; baseline 0.001 -18"><span class='ocrx_word' id='word_1_212' title='bbox 156 1741 335 1794; x_wconf 72' lang='grc' dir='ltr'><em>πολλοὺς</em></span> <span class='ocrx_word' id='word_1_213' title='bbox 356 1747 438 1787; x_wconf 82' lang='grc' dir='ltr'><em>τῶν</em></span> <span class='ocrx_word' id='word_1_214' title='bbox 462 1747 522 1802; x_wconf 74' lang='grc' dir='ltr'><em>τῷ</em></span> <span class='ocrx_word' id='word_1_215' title='bbox 545 1747 712 1798; x_wconf 85' lang='grc' dir='ltr'><em>βασιλεῖ</em></span> <span class='ocrx_word' id='word_1_216' title='bbox 729 1744 1026 1800; x_wconf 75' lang='grc' dir='ltr'><em>προσκειμένων</em></span> <span class='ocrx_word' id='word_1_217' title='bbox 1045 1743 1248 1786; x_wconf 70' lang='grc' dir='ltr'><em>κατέσεισε</em></span> <span class='ocrx_word' id='word_1_218' title='bbox 1269 1739 1336 1785; x_wconf 77' lang='grc' dir='ltr'><em>καὶ</em></span> <span class='ocrx_word' id='word_1_219' title='bbox 1357 1743 1637 1797; x_wconf 76' lang='grc' dir='ltr'><em>αὐτομολῆσαι</em></span> 
     </span>
     <span class='ocr_line' id='line_1_26' title="bbox 156 1810 1636 1871; baseline 0.001 -17"><span class='ocrx_word' id='word_1_220' title='bbox 156 1810 260 1870; x_wconf 80' lang='grc' dir='ltr'><em>πρὸς</em></span> <span class='ocrx_word' id='word_1_221' title='bbox 290 1811 362 1856; x_wconf 80' lang='grc' dir='ltr'><em>τὸν</em></span> <span class='ocrx_word' id='word_1_222' title='bbox 392 1813 579 1871; x_wconf 81' lang='grc' dir='ltr'><em>Σκληρὸν</em></span> <span class='ocrx_word' id='word_1_223' title='bbox 604 1811 851 1871; x_wconf 74' lang='grc' dir='ltr'><em>ἠνάγκασεν·</em></span> <span class='ocrx_word' id='word_1_224' title='bbox 885 1811 907 1855; x_wconf 82' lang='grc' dir='ltr'>ὅ</span> <span class='ocrx_word' id='word_1_225' title='bbox 934 1830 978 1856; x_wconf 89' lang='grc' dir='ltr'><em>τε</em></span> <span class='ocrx_word' id='word_1_226' title='bbox 1005 1812 1084 1871; x_wconf 79' lang='grc' dir='ltr'><em>γὰρ</em></span> <span class='ocrx_word' id='word_1_227' title='bbox 1108 1811 1314 1871; x_wconf 80' lang='grc' dir='ltr'><em>Βούρτζης</em></span> <span class='ocrx_word' id='word_1_228' title='bbox 1333 1816 1493 1870; x_wconf 83' lang='grc' dir='ltr'><em>πρῶτος</em></span> <span class='ocrx_word' id='word_1_229' title='bbox 1511 1812 1636 1855; x_wconf 82' lang='grc' dir='ltr'><em>αὖτο-</em></span> 
     </span>
    </p>
   </div>
   <div class='ocr_carea' id='block_1_4' title="bbox 249 1918 1075 1968">
    <p class='ocr_par' dir='ltr' id='par_1_4' title="bbox 249 1918 1075 1968">
     <span class='ocr_line' id='line_1_27' title="bbox 249 1918 1075 1968; baseline 0.001 -12"><span class='ocrx_word' id='word_1_230' title='bbox 249 1920 294 1956; x_wconf 86' lang='grc'><em>19</em></span> <span class='ocrx_word' id='word_1_231' title='bbox 316 1919 574 1968; x_wconf 73' lang='grc' dir='ltr'><em>περιεβάλλετο</em></span> <span class='ocrx_word' id='word_1_232' title='bbox 599 1921 631 1956; x_wconf 87' lang='lat' dir='ltr'>C</span> <span class='ocrx_word' id='word_1_233' title='bbox 766 1923 813 1959; x_wconf 69' lang='lat'><em>22</em></span> <span class='ocrx_word' id='word_1_234' title='bbox 838 1918 1022 1968; x_wconf 76' lang='grc' dir='ltr'><em>ἐγχωρίων</em></span> <span class='ocrx_word' id='word_1_235' title='bbox 1043 1922 1075 1957; x_wconf 87' lang='lat' dir='ltr'>C</span> 
     </span>
    </p>
   </div>
   <div class='ocr_carea' id='block_1_5' title="bbox 146 2013 1634 2850">
    <p class='ocr_par' dir='ltr' id='par_1_5' title="bbox 146 2013 1634 2850">
     <span class='ocr_line' id='line_1_28' title="bbox 153 2013 1634 2062; baseline 0 -14"><span class='ocrx_word' id='word_1_236' title='bbox 153 2015 272 2049; x_wconf 77' lang='lat' dir='ltr'>castra</span> <span class='ocrx_word' id='word_1_237' title='bbox 294 2013 422 2050; x_wconf 78' lang='lat' dir='ltr'>castris</span> <span class='ocrx_word' id='word_1_238' title='bbox 447 2014 633 2062; x_wconf 85' lang='lat' dir='ltr'>opposita,</span> <span class='ocrx_word' id='word_1_239' title='bbox 669 2013 882 2060; x_wconf 82' lang='lat' dir='ltr'>aliquamdiu</span> <span class='ocrx_word' id='word_1_240' title='bbox 906 2017 1054 2060; x_wconf 86' lang='lat' dir='ltr'>uterque</span> <span class='ocrx_word' id='word_1_241' title='bbox 1077 2016 1235 2061; x_wconf 83' lang='lat' dir='ltr'>apertam</span> <span class='ocrx_word' id='word_1_242' title='bbox 1258 2025 1408 2060; x_wconf 87' lang='lat' dir='ltr'>pugnam</span> <span class='ocrx_word' id='word_1_243' title='bbox 1433 2013 1634 2048; x_wconf 81' lang='lat' dir='ltr'>detrectans</span> 
     </span>
     <span class='ocr_line' id='line_1_29' title="bbox 150 2059 1631 2105; baseline -0.001 -11"><span class='ocrx_word' id='word_1_244' title='bbox 150 2059 338 2105; x_wconf 30' lang='lat' dir='ltr'>*victoriam</span> <span class='ocrx_word' id='word_1_245' title='bbox 362 2065 439 2096; x_wconf 79' lang='lat' dir='ltr'>arte</span> <span class='ocrx_word' id='word_1_246' title='bbox 460 2061 627 2097; x_wconf 82' lang='lat' dir='ltr'>suffurari</span> <span class='ocrx_word' id='word_1_247' title='bbox 649 2061 888 2098; x_wconf 86' lang='lat' dir='ltr'>intenderunt.</span> <span class='ocrx_word' id='word_1_248' title='bbox 936 2061 1060 2096; x_wconf 86' lang='lat' dir='ltr'>callide</span> <span class='ocrx_word' id='word_1_249' title='bbox 1093 2068 1210 2096; x_wconf 85' lang='lat' dir='ltr'>tamen</span> <span class='ocrx_word' id='word_1_250' title='bbox 1233 2061 1375 2095; x_wconf 91' lang='lat' dir='ltr'>Petrum</span> <span class='ocrx_word' id='word_1_251' title='bbox 1398 2061 1531 2094; x_wconf 78' lang='lat' dir='ltr'>Bar-das</span> <span class='ocrx_word' id='word_1_252' title='bbox 1556 2059 1631 2093; x_wconf 84' lang='lat' dir='ltr'>eln-</span> 
     </span>
     <span class='ocr_line' id='line_1_30' title="bbox 152 2105 1632 2153; baseline 0 -13"><span class='ocrx_word' id='word_1_253' title='bbox 152 2105 214 2141; x_wconf 71' lang='lat' dir='ltr'>sit.</span> <span class='ocrx_word' id='word_1_254' title='bbox 261 2106 385 2142; x_wconf 82' lang='lat' dir='ltr'>multas</span> <span class='ocrx_word' id='word_1_255' title='bbox 406 2107 576 2142; x_wconf 83' lang='lat' dir='ltr'>instruxit</span> <span class='ocrx_word' id='word_1_256' title='bbox 598 2120 748 2153; x_wconf 83' lang='lat' dir='ltr'>coenas,</span> <span class='ocrx_word' id='word_1_257' title='bbox 769 2107 881 2143; x_wconf 85' lang='lat' dir='ltr'>veluti</span> <span class='ocrx_word' id='word_1_258' title='bbox 905 2108 1076 2142; x_wconf 87' lang='lat' dir='ltr'>exercitui</span> <span class='ocrx_word' id='word_1_259' title='bbox 1099 2107 1236 2153; x_wconf 88' lang='lat' dir='ltr'>epulum</span> <span class='ocrx_word' id='word_1_260' title='bbox 1259 2108 1421 2148; x_wconf 79' lang='lat' dir='ltr'>daturus3</span> <span class='ocrx_word' id='word_1_261' title='bbox 1446 2117 1516 2150; x_wconf 88' lang='lat' dir='ltr'><em>quo</em></span> <span class='ocrx_word' id='word_1_262' title='bbox 1535 2105 1632 2140; x_wconf 82' lang='lat' dir='ltr'>facto</span> 
     </span>
     <span class='ocr_line' id='line_1_31' title="bbox 150 2151 1627 2200; baseline -0.002 -13"><span class='ocrx_word' id='word_1_263' title='bbox 150 2151 371 2199; x_wconf 80' lang='lat' dir='ltr'>imperatorii</span> <span class='ocrx_word' id='word_1_264' title='bbox 402 2154 565 2200; x_wconf 89' lang='lat' dir='ltr'>decepti,</span> <span class='ocrx_word' id='word_1_265' title='bbox 605 2167 648 2189; x_wconf 91' lang='lat' dir='ltr'><em>eo</em></span> <span class='ocrx_word' id='word_1_266' title='bbox 679 2155 736 2190; x_wconf 89' lang='lat' dir='ltr'><em>die</em></span> <span class='ocrx_word' id='word_1_267' title='bbox 766 2165 917 2200; x_wconf 86' lang='lat' dir='ltr'>pugnam</span> <span class='ocrx_word' id='word_1_268' title='bbox 946 2153 1114 2188; x_wconf 87' lang='lat' dir='ltr'>initurum</span> <span class='ocrx_word' id='word_1_269' title='bbox 1147 2154 1287 2188; x_wconf 88' lang='lat' dir='ltr'>minime</span> <span class='ocrx_word' id='word_1_270' title='bbox 1320 2153 1523 2198; x_wconf 79' lang='lat' dir='ltr'>opinantes,</span> <span class='ocrx_word' id='word_1_271' title='bbox 1556 2151 1627 2196; x_wconf 88' lang='lat' dir='ltr'>ipsi</span> 
     </span>
     <span class='ocr_line' id='line_1_32' title="bbox 153 2197 1628 2246; baseline -0.002 -13"><span class='ocrx_word' id='word_1_272' title='bbox 153 2209 295 2245; x_wconf 87' lang='lat' dir='ltr'>quoque</span> <span class='ocrx_word' id='word_1_273' title='bbox 315 2198 481 2234; x_wconf 84' lang='lat' dir='ltr'>convivia</span> <span class='ocrx_word' id='word_1_274' title='bbox 502 2200 694 2246; x_wconf 79' lang='lat' dir='ltr'><strong>agitaruut.</strong></span> <span class='ocrx_word' id='word_1_275' title='bbox 741 2205 778 2235; x_wconf 85' lang='lat' dir='ltr'>at</span> <span class='ocrx_word' id='word_1_276' title='bbox 800 2201 940 2245; x_wconf 82' lang='lat' dir='ltr'>Durus,</span> <span class='ocrx_word' id='word_1_277' title='bbox 964 2199 1025 2245; x_wconf 88' lang='lat' dir='ltr'><em>qui</em></span> <span class='ocrx_word' id='word_1_278' title='bbox 1047 2211 1128 2234; x_wconf 88' lang='lat' dir='ltr'>suos</span> <span class='ocrx_word' id='word_1_279' title='bbox 1152 2201 1196 2234; x_wconf 89' lang='lat' dir='ltr'><em>ad</em></span> <span class='ocrx_word' id='word_1_280' title='bbox 1222 2210 1371 2244; x_wconf 81' lang='lat' dir='ltr'>pugnam</span> <span class='ocrx_word' id='word_1_281' title='bbox 1389 2197 1628 2241; x_wconf 78' lang='lat' dir='ltr'>instruxisset,</span> 
     </span>
     <span class='ocr_line' id='line_1_33' title="bbox 151 2244 1628 2292; baseline -0.002 -12"><span class='ocrx_word' id='word_1_282' title='bbox 151 2245 372 2290; x_wconf 82' lang='lat' dir='ltr'>deprehenso</span> <span class='ocrx_word' id='word_1_283' title='bbox 396 2245 482 2291; x_wconf 85' lang='lat' dir='ltr'>quid</span> <span class='ocrx_word' id='word_1_284' title='bbox 506 2248 601 2292; x_wconf 84' lang='lat' dir='ltr'>apud</span> <span class='ocrx_word' id='word_1_285' title='bbox 623 2247 744 2281; x_wconf 83' lang='lat' dir='ltr'>hostes</span> <span class='ocrx_word' id='word_1_286' title='bbox 769 2246 893 2290; x_wconf 87' lang='lat' dir='ltr'>fieret,</span> <span class='ocrx_word' id='word_1_287' title='bbox 933 2246 1050 2280; x_wconf 88' lang='lat' dir='ltr'>subito</span> <span class='ocrx_word' id='word_1_288' title='bbox 1073 2247 1157 2280; x_wconf 75' lang='lat' dir='ltr'>tuba</span> <span class='ocrx_word' id='word_1_289' title='bbox 1182 2246 1282 2290; x_wconf 84' lang='lat' dir='ltr'>signo</span> <span class='ocrx_word' id='word_1_290' title='bbox 1306 2247 1388 2279; x_wconf 79' lang='lat' dir='ltr'>dato</span> <span class='ocrx_word' id='word_1_291' title='bbox 1412 2244 1628 2288; x_wconf 79' lang='lat' dir='ltr'><strong>prandentes</strong></span> 
     </span>
     <span class='ocr_line' id='line_1_34' title="bbox 151 2289 1628 2339; baseline -0.001 -13"><span class='ocrx_word' id='word_1_292' title='bbox 151 2291 311 2326; x_wconf 83' lang='lat' dir='ltr'>adoritur</span> <span class='ocrx_word' id='word_1_293' title='bbox 334 2290 468 2327; x_wconf 86' lang='lat' dir='ltr'>hostes.</span> <span class='ocrx_word' id='word_1_294' title='bbox 517 2292 579 2337; x_wconf 89' lang='lat' dir='ltr'><em>qui</em></span> <span class='ocrx_word' id='word_1_295' title='bbox 601 2298 638 2327; x_wconf 90' lang='lat' dir='ltr'><em>et</em></span> <span class='ocrx_word' id='word_1_296' title='bbox 659 2293 751 2339; x_wconf 87' lang='lat' dir='ltr'>ipsi,</span> <span class='ocrx_word' id='word_1_297' title='bbox 779 2292 963 2336; x_wconf 84' lang='lat' dir='ltr'>inopinata</span> <span class='ocrx_word' id='word_1_298' title='bbox 988 2304 1028 2327; x_wconf 85' lang='lat' dir='ltr'><em>re</em></span> <span class='ocrx_word' id='word_1_299' title='bbox 1054 2303 1122 2326; x_wconf 90' lang='lat' dir='ltr'><em>nou</em></span> <span class='ocrx_word' id='word_1_300' title='bbox 1147 2291 1344 2338; x_wconf 75' lang='lat' dir='ltr'><strong>perterriti,</strong></span> <span class='ocrx_word' id='word_1_301' title='bbox 1369 2289 1561 2334; x_wconf 85' lang='lat' dir='ltr'>correptis,</span> <span class='ocrx_word' id='word_1_302' title='bbox 1587 2293 1628 2324; x_wconf 85' lang='lat' dir='ltr'><em>ut</em></span> 
     </span>
     <span class='ocr_line' id='line_1_35' title="bbox 151 2335 1625 2384; baseline -0.002 -12"><span class='ocrx_word' id='word_1_303' title='bbox 151 2337 280 2382; x_wconf 86' lang='lat' dir='ltr'>cuique</span> <span class='ocrx_word' id='word_1_304' title='bbox 304 2348 347 2371; x_wconf 81' lang='lat' dir='ltr'><em>ea</em></span> <span class='ocrx_word' id='word_1_305' title='bbox 369 2338 445 2372; x_wconf 79' lang='lat' dir='ltr'>fors</span> <span class='ocrx_word' id='word_1_306' title='bbox 469 2338 662 2384; x_wconf 79' lang='lat' dir='ltr'>offerebat,</span> <span class='ocrx_word' id='word_1_307' title='bbox 686 2339 811 2382; x_wconf 85' lang='lat' dir='ltr'>armis,</span> <span class='ocrx_word' id='word_1_308' title='bbox 834 2338 976 2372; x_wconf 86' lang='lat' dir='ltr'>sortiter</span> <span class='ocrx_word' id='word_1_309' title='bbox 998 2338 1254 2383; x_wconf 81' lang='lat' dir='ltr'>aliquantisper</span> <span class='ocrx_word' id='word_1_310' title='bbox 1272 2340 1531 2382; x_wconf 80' lang='lat' dir='ltr'>repugnarunt:</span> <span class='ocrx_word' id='word_1_311' title='bbox 1561 2335 1625 2370; x_wconf 87' lang='lat' dir='ltr'><em>sed</em></span> 
     </span>
     <span class='ocr_line' id='line_1_36' title="bbox 151 2381 1626 2430; baseline -0.001 -12"><span class='ocrx_word' id='word_1_312' title='bbox 151 2383 214 2429; x_wconf 77' lang='lat' dir='ltr'><em>ubi</em></span> <span class='ocrx_word' id='word_1_313' title='bbox 235 2383 375 2419; x_wconf 71' lang='lat' dir='ltr'>Phocus</span> <span class='ocrx_word' id='word_1_314' title='bbox 397 2383 550 2419; x_wconf 86' lang='lat' dir='ltr'>extentis</span> <span class='ocrx_word' id='word_1_315' title='bbox 573 2386 738 2419; x_wconf 90' lang='lat' dir='ltr'>cornibus</span> <span class='ocrx_word' id='word_1_316' title='bbox 765 2396 826 2419; x_wconf 89' lang='lat' dir='ltr'><em>eos</em></span> <span class='ocrx_word' id='word_1_317' title='bbox 848 2384 1102 2419; x_wconf 84' lang='lat' dir='ltr'>circumvenire</span> <span class='ocrx_word' id='word_1_318' title='bbox 1125 2384 1259 2430; x_wconf 89' lang='lat' dir='ltr'>coepit,</span> <span class='ocrx_word' id='word_1_319' title='bbox 1285 2383 1335 2417; x_wconf 83' lang='lat' dir='ltr'><em>ita</em></span> <span class='ocrx_word' id='word_1_320' title='bbox 1358 2381 1451 2416; x_wconf 83' lang='lat' dir='ltr'>utin</span> <span class='ocrx_word' id='word_1_321' title='bbox 1469 2381 1626 2427; x_wconf 87' lang='lat' dir='ltr'>periculo</span> 
     </span>
     <span class='ocr_line' id='line_1_37' title="bbox 151 2427 1626 2475; baseline -0.002 -11"><span class='ocrx_word' id='word_1_322' title='bbox 151 2434 273 2464; x_wconf 81' lang='lat' dir='ltr'>essent</span> <span class='ocrx_word' id='word_1_323' title='bbox 294 2441 340 2465; x_wconf 89' lang='lat' dir='ltr'><em>ne</em></span> <span class='ocrx_word' id='word_1_324' title='bbox 363 2431 408 2465; x_wconf 88' lang='lat' dir='ltr'><em>ab</em></span> <span class='ocrx_word' id='word_1_325' title='bbox 431 2429 591 2465; x_wconf 78' lang='lat' dir='ltr'>hostibus</span> <span class='ocrx_word' id='word_1_326' title='bbox 615 2431 923 2475; x_wconf 82' lang='lat' dir='ltr'>concluderentur,</span> <span class='ocrx_word' id='word_1_327' title='bbox 960 2442 1036 2466; x_wconf 92' lang='lat' dir='ltr'><em>cum</em></span> <span class='ocrx_word' id='word_1_328' title='bbox 1070 2429 1173 2464; x_wconf 85' lang='lat' dir='ltr'>etiam</span> <span class='ocrx_word' id='word_1_329' title='bbox 1203 2441 1224 2463; x_wconf 82' lang='lat' dir='ltr'>a</span> <span class='ocrx_word' id='word_1_330' title='bbox 1255 2437 1358 2473; x_wconf 85' lang='lat' dir='ltr'>tergo</span> <span class='ocrx_word' id='word_1_331' title='bbox 1389 2427 1626 2462; x_wconf 82' lang='lat' dir='ltr'>mercenarios</span> 
     </span>
     <span class='ocr_line' id='line_1_38' title="bbox 150 2473 1625 2522; baseline -0.002 -12"><span class='ocrx_word' id='word_1_332' title='bbox 150 2475 375 2522; x_wconf 74' lang='lat' dir='ltr'>immitteret,</span> <span class='ocrx_word' id='word_1_333' title='bbox 410 2489 532 2522; x_wconf 82' lang='lat' dir='ltr'>magua</span> <span class='ocrx_word' id='word_1_334' title='bbox 563 2489 703 2512; x_wconf 84' lang='lat' dir='ltr'>suorum</span> <span class='ocrx_word' id='word_1_335' title='bbox 729 2478 836 2512; x_wconf 85' lang='lat' dir='ltr'>caede</span> <span class='ocrx_word' id='word_1_336' title='bbox 862 2477 955 2511; x_wconf 85' lang='lat' dir='ltr'>sacta</span> <span class='ocrx_word' id='word_1_337' title='bbox 975 2478 1081 2522; x_wconf 76' lang='lat' dir='ltr'>fugae</span> <span class='ocrx_word' id='word_1_338' title='bbox 1105 2488 1143 2510; x_wconf 89' lang='lat' dir='ltr'><em>se</em></span> <span class='ocrx_word' id='word_1_339' title='bbox 1165 2477 1261 2510; x_wconf 81' lang='lat' dir='ltr'>dant.</span> <span class='ocrx_word' id='word_1_340' title='bbox 1310 2473 1444 2520; x_wconf 90' lang='lat' dir='ltr'>primus</span> <span class='ocrx_word' id='word_1_341' title='bbox 1474 2474 1625 2508; x_wconf 87' lang='lat' dir='ltr'>omnium</span> 
     </span>
     <span class='ocr_line' id='line_1_39' title="bbox 150 2520 1622 2568; baseline -0.002 -12"><span class='ocrx_word' id='word_1_342' title='bbox 150 2522 275 2568; x_wconf 88' lang='lat' dir='ltr'>pedem</span> <span class='ocrx_word' id='word_1_343' title='bbox 305 2522 443 2558; x_wconf 87' lang='lat' dir='ltr'>rettulit</span> <span class='ocrx_word' id='word_1_344' title='bbox 476 2523 694 2559; x_wconf 85' lang='lat' dir='ltr'>Antiocheae</span> <span class='ocrx_word' id='word_1_345' title='bbox 724 2523 794 2557; x_wconf 88' lang='lat' dir='ltr'>dux</span> <span class='ocrx_word' id='word_1_346' title='bbox 829 2524 978 2567; x_wconf 81' lang='lat' dir='ltr'>Burtza,</span> <span class='ocrx_word' id='word_1_347' title='bbox 1014 2524 1092 2557; x_wconf 85' lang='lat' dir='ltr'>sive</span> <span class='ocrx_word' id='word_1_348' title='bbox 1123 2534 1210 2568; x_wconf 85' lang='lat' dir='ltr'>prae</span> <span class='ocrx_word' id='word_1_349' title='bbox 1242 2527 1334 2556; x_wconf 90' lang='lat' dir='ltr'>metu</span> <span class='ocrx_word' id='word_1_350' title='bbox 1366 2521 1445 2554; x_wconf 78' lang='lat' dir='ltr'>sive</span> <span class='ocrx_word' id='word_1_351' title='bbox 1476 2520 1622 2555; x_wconf 84' lang='lat' dir='ltr'>fraude:</span> 
     </span>
     <span class='ocr_line' id='line_1_40' title="bbox 150 2566 1622 2616; baseline -0.002 -13"><span class='ocrx_word' id='word_1_352' title='bbox 150 2573 335 2614; x_wconf 85' lang='lat' dir='ltr'>utrumque</span> <span class='ocrx_word' id='word_1_353' title='bbox 357 2569 447 2604; x_wconf 86' lang='lat' dir='ltr'>euim</span> <span class='ocrx_word' id='word_1_354' title='bbox 471 2570 597 2607; x_wconf 81' lang='lat' dir='ltr'>fertur.</span> <span class='ocrx_word' id='word_1_355' title='bbox 643 2570 771 2605; x_wconf 82' lang='lat' dir='ltr'>castris</span> <span class='ocrx_word' id='word_1_356' title='bbox 793 2570 896 2605; x_wconf 85' lang='lat' dir='ltr'>etiam</span> <span class='ocrx_word' id='word_1_357' title='bbox 913 2568 1240 2616; x_wconf 82' lang='lat' dir='ltr'>impedimentisque</span> <span class='ocrx_word' id='word_1_358' title='bbox 1260 2566 1395 2612; x_wconf 88' lang='lat' dir='ltr'>potitus</span> <span class='ocrx_word' id='word_1_359' title='bbox 1418 2566 1535 2601; x_wconf 86' lang='lat' dir='ltr'>Barda</span> <span class='ocrx_word' id='word_1_360' title='bbox 1555 2567 1622 2600; x_wconf 89' lang='lat' dir='ltr'><em>im-</em></span> 
     </span>
     <span class='ocr_line' id='line_1_41' title="bbox 149 2613 1622 2663; baseline -0.001 -15"><span class='ocrx_word' id='word_1_361' title='bbox 149 2626 289 2649; x_wconf 77' lang='lat' dir='ltr'>mensas</span> <span class='ocrx_word' id='word_1_362' title='bbox 320 2621 375 2650; x_wconf 83' lang='lat' dir='ltr'><em>est</em></span> <span class='ocrx_word' id='word_1_363' title='bbox 401 2615 454 2650; x_wconf 84' lang='lat' dir='ltr'><em>ibi</em></span> <span class='ocrx_word' id='word_1_364' title='bbox 478 2621 686 2652; x_wconf 85' lang='lat' dir='ltr'>consecutus</span> <span class='ocrx_word' id='word_1_365' title='bbox 710 2628 809 2663; x_wconf 88' lang='lat' dir='ltr'>opes.</span> <span class='ocrx_word' id='word_1_366' title='bbox 857 2616 939 2650; x_wconf 90' lang='lat' dir='ltr'>inde</span> <span class='ocrx_word' id='word_1_367' title='bbox 972 2616 1015 2650; x_wconf 87' lang='lat' dir='ltr'><em>ad</em></span> <span class='ocrx_word' id='word_1_368' title='bbox 1038 2614 1276 2649; x_wconf 81' lang='lat' dir='ltr'>Tzamandum</span> <span class='ocrx_word' id='word_1_369' title='bbox 1312 2614 1421 2656; x_wconf 81' lang='lat' dir='ltr'>(urbs</span> <span class='ocrx_word' id='word_1_370' title='bbox 1445 2618 1501 2648; x_wconf 84' lang='lat' dir='ltr'><em>est</em></span> <span class='ocrx_word' id='word_1_371' title='bbox 1523 2613 1622 2647; x_wconf 85' lang='lat' dir='ltr'>Tza-</span> 
     </span>
     <span class='ocr_line' id='line_1_42' title="bbox 147 2660 1621 2710; baseline -0.001 -15"><span class='ocrx_word' id='word_1_372' title='bbox 147 2661 292 2696; x_wconf 73' lang='lat' dir='ltr'>mundus</span> <span class='ocrx_word' id='word_1_373' title='bbox 317 2661 388 2696; x_wconf 83' lang='lat' dir='ltr'>sita</span> <span class='ocrx_word' id='word_1_374' title='bbox 409 2661 446 2696; x_wconf 89' lang='lat' dir='ltr'><em>iu</em></span> <span class='ocrx_word' id='word_1_375' title='bbox 495 2669 660 2710; x_wconf 85' lang='lat' dir='ltr'>raerupto</span> <span class='ocrx_word' id='word_1_376' title='bbox 683 2674 790 2706; x_wconf 89' lang='lat' dir='ltr'>saxo,</span> <span class='ocrx_word' id='word_1_377' title='bbox 814 2662 987 2696; x_wconf 82' lang='lat' dir='ltr'>hominum</span> <span class='ocrx_word' id='word_1_378' title='bbox 1013 2661 1284 2705; x_wconf 77' lang='lat' dir='ltr'>divitiarumque</span> <span class='ocrx_word' id='word_1_379' title='bbox 1307 2660 1517 2703; x_wconf 79' lang='lat' dir='ltr'>abundans)</span> <span class='ocrx_word' id='word_1_380' title='bbox 1539 2671 1621 2706; x_wconf 87' lang='lat' dir='ltr'>per-</span> 
     </span>
     <span class='ocr_line' id='line_1_43' title="bbox 146 2675 1622 2756; baseline -0.001 -15"><span class='ocrx_word' id='word_1_381' title='bbox 146 2706 222 2752; x_wconf 82' lang='lat' dir='ltr'>git,</span> <span class='ocrx_word' id='word_1_382' title='bbox 249 2719 395 2754; x_wconf 82' lang='lat' dir='ltr'>eamque</span> <span class='ocrx_word' id='word_1_383' title='bbox 415 2675 594 2744; x_wconf 70' lang='lat' dir='ltr'>dedpitione</span> <span class='ocrx_word' id='word_1_384' title='bbox 614 2709 730 2756; x_wconf 83' lang='lat' dir='ltr'>capit,</span> <span class='ocrx_word' id='word_1_385' title='bbox 753 2714 789 2743; x_wconf 87' lang='lat' dir='ltr'><em>et</em></span> <span class='ocrx_word' id='word_1_386' title='bbox 811 2709 902 2743; x_wconf 86' lang='lat' dir='ltr'>haud</span> <span class='ocrx_word' id='word_1_387' title='bbox 926 2719 1055 2755; x_wconf 82' lang='lat' dir='ltr'>parvas</span> <span class='ocrx_word' id='word_1_388' title='bbox 1079 2707 1222 2741; x_wconf 84' lang='lat' dir='ltr'>divitias</span> <span class='ocrx_word' id='word_1_389' title='bbox 1246 2705 1390 2751; x_wconf 82' lang='lat' dir='ltr'>colligit.</span> <span class='ocrx_word' id='word_1_390' title='bbox 1435 2705 1523 2740; x_wconf 83' lang='lat' dir='ltr'>haec</span> <span class='ocrx_word' id='word_1_391' title='bbox 1545 2706 1622 2739; x_wconf 87' lang='lat' dir='ltr'>eius</span> 
     </span>
     <span class='ocr_line' id='line_1_44' title="bbox 149 2752 1621 2803; baseline -0.001 -16"><span class='ocrx_word' id='word_1_392' title='bbox 149 2752 301 2789; x_wconf 83' lang='lat' dir='ltr'>victoria</span> <span class='ocrx_word' id='word_1_393' title='bbox 335 2754 460 2790; x_wconf 82' lang='lat' dir='ltr'>multos</span> <span class='ocrx_word' id='word_1_394' title='bbox 491 2755 697 2803; x_wconf 84' lang='lat' dir='ltr'>imperatori</span> <span class='ocrx_word' id='word_1_395' title='bbox 723 2755 826 2790; x_wconf 83' lang='lat' dir='ltr'>fidem</span> <span class='ocrx_word' id='word_1_396' title='bbox 850 2759 1032 2790; x_wconf 83' lang='lat' dir='ltr'>servantes</span> <span class='ocrx_word' id='word_1_397' title='bbox 1058 2752 1256 2797; x_wconf 86' lang='lat' dir='ltr'>concussit,</span> <span class='ocrx_word' id='word_1_398' title='bbox 1291 2755 1400 2797; x_wconf 72' lang='lat' dir='ltr'>utque</span> <span class='ocrx_word' id='word_1_399' title='bbox 1422 2753 1467 2787; x_wconf 84' lang='lat' dir='ltr'><em>ad</em></span> <span class='ocrx_word' id='word_1_400' title='bbox 1491 2753 1621 2786; x_wconf 84' lang='lat' dir='ltr'>Durum</span> 
     </span>
     <span class='ocr_line' id='line_1_45' title="bbox 146 2798 1621 2850; baseline -0.001 -15"><span class='ocrx_word' id='word_1_401' title='bbox 146 2799 339 2836; x_wconf 82' lang='lat' dir='ltr'>transirent</span> <span class='ocrx_word' id='word_1_402' title='bbox 360 2802 498 2848; x_wconf 78' lang='lat' dir='ltr'>effecit,</span> <span class='ocrx_word' id='word_1_403' title='bbox 534 2814 681 2849; x_wconf 84' lang='lat' dir='ltr'>quorum</span> <span class='ocrx_word' id='word_1_404' title='bbox 705 2801 870 2850; x_wconf 83' lang='lat' dir='ltr'>princeps</span> <span class='ocrx_word' id='word_1_405' title='bbox 895 2801 964 2837; x_wconf 79' lang='lat' dir='ltr'>fuit</span> <span class='ocrx_word' id='word_1_406' title='bbox 986 2802 1138 2841; x_wconf 75' lang='lat' dir='ltr'>Bmtza,</span> <span class='ocrx_word' id='word_1_407' title='bbox 1171 2804 1243 2834; x_wconf 89' lang='lat' dir='ltr'><em>tum</em></span> <span class='ocrx_word' id='word_1_408' title='bbox 1265 2798 1484 2834; x_wconf 83' lang='lat' dir='ltr'>Andronicus</span> <span class='ocrx_word' id='word_1_409' title='bbox 1508 2798 1621 2844; x_wconf 71' lang='lat' dir='ltr'>petri-</span> 
     </span>
    </p>
   </div>
  </div>
 </body>
</html>
