1890 3236
297 189 401 237 362-
766 187 1000 232 GEORGII
1033 188 1274 234 GEDRENI
1298 204 1306 219 -·

295 300 574 362 στρατεύματα
591 300 664 356 τὴν
679 300 753 356 μὲν
774 301 938 359 Ταρσὸν
955 306 1177 359 πολιορκεῖν
1198 301 1327 359 ἀφῆκε
1346 303 1510 347 Λέοντα
1528 305 1596 349 τὸν
1617 305 1753 350 &del-w

296 371 395 430 φόν,
431 371 550 420 αὐτὸς
569 370 612 412 δὲ
632 368 677 412 τὸ
698 369 836 412 λοιπὸν
857 368 1056 426 ἀράμενος
1074 374 1146 426 τῆς
1164 363 1356 428 στρατιᾶς
1377 376 1428 430 τῇ
1449 371 1610 427 Μόψου
1627 372 1740 434 ἑστίᾳ

295 440 522 497 προσέσχεν.
590 439 734 495 ἐνεργῷ
766 438 810 480 δὲ
833 436 1088 495 χρησάμενος
1113 443 1164 497 τῇ
1193 441 1428 498 πολιορκίᾳ,
1465 440 1566 495 ἔχων
1597 442 1650 484 δὲ
1671 443 1740 485 καὶ

291 509 361 550 τὸν
391 507 507 560 λιμὸν
536 504 808 561 ἕπαρήγοντα,
842 505 1151 563 παραλαμβάνει
1180 507 1226 550 τὸ
1253 506 1297 549 ἓν
1322 509 1444 564 μέρος
1470 513 1542 564 τῆς
1565 507 1738 560 πόλεως·

290 577 470 629 τέμνεται
503 574 580 630 γὰρ
607 571 633 626 ἦ
662 572 778 624 πόλις
806 573 906 629 αὕτη
934 575 1058 629 μέσον
1081 579 1139 633 τῷ
1163 574 1287 634 Σάρῳ
1308 580 1478 634 ποταμῷ
1487 608 1501 628 ,
1529 575 1586 627 ὥς
1608 578 1773 621 ὖοκεΐνὸ

290 643 362 687 δύο
383 641 518 692 πόλεις
539 640 651 684 εἶναι.
718 646 792 685 τοῦ
813 641 900 693 ἑνὸς
920 637 1011 695 οὖν,
1047 641 1102 694 ὧς
1119 643 1292 701 εἴρηται,
1326 645 1474 700 μέρους
1494 643 1660 695 ἁλόντος
1674 647 1755 688 ἐπὶ
1775 671 1778 674 Δ

290 713 335 754 τὸ
369 711 501 767 ἕτερον
526 711 564 752 οἳ
591 713 818 767 Σαρακηνοὶ
848 710 1168 769 καταφεύγουσι,
1203 711 1249 754 τὸ
1283 711 1460 762 ἑαλωκὸς
1488 712 1756 767 πανταχόθεν

289 779 539 837 ὖφάψαντες.
607 780 861 840 σφοδροτέρα
880 780 922 822 δὲ
934 781 1188 837 χρησαμένου
1206 784 1279 822 τοῦ
1295 781 1493 834 βασιλέως
1508 785 1560 838 τῇ
1577 785 1757 839 πολιορ-ἰ

154 857 180 889 Ρ
203 856 268 891 655
293 850 358 907 κίιιι
388 847 493 890 ἑάλω
525 849 590 889 καὶ
614 848 658 889 τὸ
685 848 820 906 ἕτερον
839 849 980 905 μέρος,
1015 848 1185 904 μηδενὸς
1203 849 1354 891 ἐκεῖθεν
1374 848 1650 905 διαφυγόντος.
1700 847 1741 892 Ᾰὸ

296 918 339 960 δὲ
366 916 438 971 τὴν
469 916 634 972 Ταρσὸν
660 915 1001 973 παρακαθήμενος
1027 918 1151 959 Λέων
1182 915 1203 959 ὅ
1234 922 1308 960 τοῦ
1329 918 1529 970 βασιλέως
1552 916 1740 974 ἀδελφός,
1754 922 1806 958 loz

296 987 358 1028 ἐπὶ
386 986 648 1042 χορτολογίαν
678 986 744 1027 καὶ
761 986 971 1041 4συλλογὴν
997 990 1077 1029 τῶν
1103 986 1331 1039 ἐπιτηδείων
1357 986 1480 1042 μέρος
1507 986 1743 1036 ἀποστείλας

295 1058 368 1109 τῆς
397 1058 587 1110 στρατιᾶς
617 1053 786 1108 ἔξαρχον
815 1052 982 1108 ἐχούσης
1011 1053 1080 1096 τὸν
1109 1052 1483 1110 Μοναστηριώτην,
1519 1053 1740 1109 ἠτύχησεν·

287 1120 540 1179 ἀφυλάκτως
568 1122 645 1179 γὰρ
674 1122 1038 1173 διασκεδασθέντας
1067 1121 1161 1172 τούς
1190 1119 1508 1177 προνομεύοντας
1537 1122 1682 1173 νυκτὸς
1702 1122 1740 1164 οἱ

300 1195 473 1247 Ταρσεῖς
494 1189 744 1246 ἐξελθόντες,
779 1189 835 1240 ὡς
854 1191 994 1245 μηδενὶ
1017 1191 1281 1244 συναίσθησιν
1297 1194 1367 1245 τῆς
1382 1188 1522 1240 ἐξόδου
1538 1198 1740 1247 παρεσχη-

298 1260 428 1310 κέναι,
470 1261 711 1301 ἐπιτίθενται
742 1259 1046 1316 διεσπαρμένοις
1075 1259 1233 1310 αὐτοῖς,
1276 1260 1343 1301 καὶ
1372 1258 1445 1300 οὐκ
1475 1259 1632 1313 ὀλίγους
1655 1259 1737 1301 διέ-
1751 1262 1794 1299 15

298 1332 498 1384 φθειραν,
542 1327 583 1369 ἓν
611 1325 672 1378 οἷς
699 1322 748 1381 ἦν
775 1329 839 1369 καὶ
874 1326 894 1370 ὃ
925 1325 1276 1383 Μοναστηριώτης
1302 1325 1435 1376 αὐτός.
1498 1325 1572 1381 τὴν
1598 1327 1643 1369 δὲ
1666 1330 1741 1382 τῆς

297 1395 459 1450 Πρἶόψου
490 1394 622 1446 ἑστίας
652 1394 803 1438 ἅλωσιν
832 1396 869 1438 οἱ
902 1400 1076 1452 Ταρσεῖς
1103 1393 1339 1450 ἐγνωκότες,
1380 1391 1598 1448 πιεζόμενοι
1623 1395 1668 1438 δὲ
1688 1399 1739 1452 τῇ

295 1465 503 1522 πολιορκία
526 1466 592 1505 καὶ
613 1469 669 1522 τῷ
692 1469 797 1522 λιμῷ
806 1497 818 1516 ,
854 1462 1207 1520 διεπρεσβεύσαντο
1228 1463 1330 1520 πρὸς
1346 1463 1416 1505 τὸν
1434 1463 1620 1515 Λέοντα,
1654 1463 1742 1505 ἔπι-

242 1541 271 1574 Β
297 1531 533 1586 καλούμενοι
565 1533 633 1575 τὸν
661 1534 831 1585 βασιλέα
861 1535 927 1574 καὶ
957 1536 1213 1588 λιπαροῦντες
1241 1532 1416 1582 ἀπαθεῖς
1443 1535 1576 1574 κακῶν
1606 1535 1741 1588 φυλα-

290 1605 444 1656 χθῆναι
464 1602 530 1642 καὶ
546 1602 617 1656 τὴν
634 1600 786 1643 ἑαυτῶν
803 1601 1126 1657 παραδεδωκέναι
1143 1599 1271 1642 πόλιν.
1338 1597 1360 1642 ὃ
1381 1600 1424 1642 δὲ
1441 1598 1561 1657 ῥητόν
1577 1615 1616 1641 τι
1633 1605 1809 1656 φορ-21)Υ

295 1670 378 1710 τίον
401 1669 567 1711 ’ἕκαστον
589 1670 705 1726 ἀφεὶς
726 1669 1002 1726 ἀποφέρεσθαι
1013 1700 1026 1721 ,
1052 1669 1122 1711 τὸν
1139 1667 1261 1710 ἄλλον
1280 1666 1438 1711 ἅπαντα
1454 1671 1627 1710 πλοῦτον
1643 1685 1742 1711 κατ-

296 1738 383 1791 έσχε
411 1741 484 1793 τῆς
506 1736 672 1788 πόλεως.
739 1737 841 1792 μετὰ
872 1738 916 1779 δὲ
943 1744 1048 1795 τρεῖς
1071 1735 1222 1794 ἡμέρας
1248 1740 1321 1780 τοῦ
1347 1735 1420 1791 τὴν
1448 1734 1563 1779 πόλιν
1589 1733 1761 1779 ἁλῶναι-

386 1891 409 1926 8
449 1890 494 1936 τῇ
533 1889 572 1926 δὲ
610 1891 801 1937 πολιορκίᾳ
838 1889 1088 1937 σφοδρότερον
1117 1887 1351 1945 ’χρησαμένου
1387 1890 1458 1926 τοῦ
1495 1888 1672 1936 βασιλέως
1711 1889 1743 1924 C

386 1938 410 1971 9
435 1935 576 1972 ἐκεῖθεν
595 1935 752 1983 μηδενὸς
775 1939 804 1972 C
971 1940 1011 1973 11
1039 1935 1227 1980 ἐκπεμψας
1250 1937 1279 1970 C
1445 1938 1490 1973 12
1513 1935 1583 1980 ἔχει
1605 1937 1649 1971 C.
1697 1948 1744 1970 an

387 1980 504 2062 Ξξιιίνέ
657 1981 681 2028 ’ἡ
710 1981 798 2029 τύχη
824 1983 854 2017 C
1014 1985 1058 2020 16
1080 1982 1142 2017 καὶ
1165 1980 1186 2017 ὁ
1210 1993 1248 2027 μ.
1268 1976 1319 2028 ἦν
1339 1982 1370 2017 C
1531 1983 1576 2018 19
1596 1978 1743 2027 ἀφεθῆ-

298 2170 418 2213 partes
441 2166 594 2201 exercitu
613 2166 764 2202 Leonem
788 2167 831 2202 ad
854 2167 1116 2213 oppugnandam
1137 2167 1287 2202 Tarsum
1309 2176 1384 2202 eum
1407 2163 1517 2200 altera
1537 2167 1640 2211 parte
1660 2163 1740 2199 mit-

299 2214 365 2256 tit,
398 2213 541 2247 alteram
564 2213 640 2259 ipse
662 2215 704 2248 ad
726 2215 972 2260 Mopsuestiam
995 2214 1102 2248 ducit.
1150 2225 1224 2248 eam
1256 2225 1331 2248 cum
1361 2211 1489 2247 acriter
1514 2214 1742 2257 oppugnaret,

300 2259 390 2292 same
420 2259 522 2293 etiam
555 2260 801 2304 oppidanorum
834 2259 972 2294 adiutus
1003 2271 1104 2294 unam
1137 2259 1234 2294 urbis
1269 2263 1400 2304 partem
1428 2257 1535 2302 capit.
1581 2267 1624 2291 ea
1651 2256 1743 2290 enim

300 2305 383 2338 urbs
408 2305 520 2339 media
543 2317 563 2339 a
587 2306 674 2339 Saro
698 2306 839 2339 flumine
862 2311 1017 2349 secatur,
1040 2306 1090 2340 ita
1113 2310 1152 2340 ut
1169 2306 1259 2340 duae
1273 2306 1376 2339 urbes
1389 2303 1586 2338 videantur.
1632 2301 1743 2336 altera

299 2350 424 2394 igitur,
459 2357 497 2384 ut
520 2350 687 2397 diximus,
718 2357 818 2396 parte
842 2356 943 2397 capta
967 2352 1010 2386 ad
1034 2352 1173 2386 alteram
1198 2349 1364 2385 Saraceni
1385 2349 1605 2393 confugiunt,
1638 2346 1764 2382 nudi--

297 2408 365 2439 que
396 2397 487 2440 quod
521 2403 656 2442 captum
692 2402 767 2432 erat
798 2398 1034 2432 incendentes.
1080 2398 1142 2432 sed
1171 2397 1284 2431 acrius
1308 2396 1353 2430 ad
1376 2393 1663 2441 oppugnationem
1687 2393 1742 2426 in-

298 2442 478 2476 cumbente
509 2443 717 2488 imperatore
747 2443 856 2477 altera
884 2454 1021 2488 quoque
1052 2455 1134 2489 pars
1160 2447 1262 2488 capta
1284 2446 1357 2485 est,
1390 2441 1526 2475 nemine
1547 2440 1628 2473 inde
1651 2439 1741 2472 effu·

297 2486 427 2531 giente.
474 2488 548 2522 Leo
572 2495 684 2524 autem
707 2489 924 2535 imperatoris
947 2491 1055 2524 frater
1078 2490 1227 2523 Tarsum
1249 2487 1433 2528 obsidens,
1472 2497 1547 2520 eum
1568 2485 1744 2537 exercitus
1763 2508 1765 2510 -

298 2537 430 2577 partem
454 2534 648 2577 pabulatum
670 2536 980 2580 frumentatumque
1002 2535 1153 2569 misisset
1175 2536 1262 2568 duce
1283 2532 1554 2575 Monasteriote‚
1580 2530 1654 2565 voti
1677 2541 1743 2564 nu-

299 2578 389 2611 nime
414 2589 552 2623 compos
575 2581 660 2615 fuit:
693 2593 769 2615 nam
803 2581 879 2615 sine
903 2582 1045 2615 custode
1067 2581 1253 2626 dissipatos
1277 2579 1500 2624 praedatores
1522 2582 1626 2611 noctu
1649 2576 1743 2609 Tar-

299 2634 418 2656 senses
439 2625 581 2669 egressi,
603 2626 653 2660 ita
677 2631 714 2661 ut
737 2639 834 2661 nemo
857 2639 972 2661 eorum
994 2627 1207 2672 eruptionem
1228 2626 1359 2659 sentire
1377 2623 1540 2670 potuerit,
1562 2622 1744 2664 invadunt,

302 2674 337 2702 et
360 2668 448 2702 haud
473 2681 601 2714 pancos
623 2673 852 2715 interficiunt,
876 2678 913 2707 et
936 2673 973 2706 in
995 2673 1049 2707 his
1072 2672 1367 2708 Monasteriotem.
1414 2670 1609 2703 Tarsenses
1632 2671 1744 2702 autem

302 2713 440 2757 cognita
463 2715 698 2759 ‘mopsuestiae
721 2719 994 2762 expugnatione,
1017 2718 1244 2764 oppressique
1265 2716 1444 2750 obsidione
1463 2720 1500 2748 et
1516 2715 1624 2758 fame,
1647 2713 1746 2757 lega-

303 2766 358 2793 tos
384 2760 427 2793 ad
452 2760 599 2794 Leonem
624 2763 764 2797 mittunt
782 2765 1021 2809 imperatorem
1042 2765 1244 2798 invocantes
1265 2767 1301 2796 et
1317 2761 1545 2807 deprecantes
1559 2786 1570 2804 ,
1592 2764 1632 2793 ut
1648 2758 1746 2792 inco-

305 2805 410 2838 lumes
444 2806 632 2841 dimitteret
663 2811 752 2842 urbe
784 2811 913 2843 dedita.
959 2810 1036 2856 ipse
1068 2814 1179 2843 autem
1211 2820 1284 2842 cum
1314 2806 1531 2852 permisisset
1557 2809 1595 2840 ut
1617 2808 1747 2838 eertum

304 2851 472 2895 quoddam
508 2853 640 2897 pondus
671 2855 869 2899 auferrent,
901 2856 969 2891 alia
995 2856 1110 2890 omnia
1130 2854 1227 2890 urbis
1248 2855 1340 2889 bona
1361 2851 1520 2898 diripuit.
1564 2850 1749 2894 triduoque
