<?xml version="1.0" encoding="UTF-8"?>
<!DOCTYPE html PUBLIC "-//W3C//DTD XHTML 1.0 Transitional//EN"
    "http://www.w3.org/TR/xhtml1/DTD/xhtml1-transitional.dtd">
<html xmlns="http://www.w3.org/1999/xhtml" xml:lang="en" lang="en">
 <head>
  <title>
</title>
<meta http-equiv="Content-Type" content="text/html;charset=utf-8" />
  <meta name='ocr-system' content='tesseract 3.04.00' />
  <meta name='ocr-capabilities' content='ocr_page ocr_carea ocr_par ocr_line ocrx_word'/>
</head>
<body>
  <div class='ocr_page' id='page_1' title='image "./corpusscriptorum14niebuoft/corpusscriptorum14niebuoft_0293.png"; bbox 0 0 1890 3236; ppageno 0'>
   <div class='ocr_carea' id='block_1_1' title="bbox 437 172 1582 259">
    <p class='ocr_par' dir='ltr' id='par_1_1' title="bbox 437 172 1582 259">
     <span class='ocr_line' id='line_1_1' title="bbox 437 172 1582 259; baseline -0.002 -3"><span class='ocrx_word' id='word_1_1' title='bbox 437 209 831 256; x_wconf 82' lang='lat' dir='ltr'><strong>mSToRIARUM</strong></span> <span class='ocrx_word' id='word_1_2' title='bbox 851 172 1254 259; x_wconf 71' lang='grc' dir='ltr'>ἐοΜΡΕΝυιυΜ.</span> <span class='ocrx_word' id='word_1_3' title='bbox 1483 206 1582 255; x_wconf 81' lang='lat'>283</span> 
     </span>
    </p>
   </div>
   <div class='ocr_carea' id='block_1_2' title="bbox 0 0 105 333">
    <p class='ocr_par' dir='ltr' id='par_1_2' title="bbox 0 0 105 333">
     <span class='ocr_line' id='line_1_2' title="bbox 0 0 105 333; baseline 0 2903"><span class='ocrx_word' id='word_1_4' title='bbox 0 0 105 333; x_wconf 95' lang='lat' dir='ltr'> </span> 
     </span>
    </p>
   </div>
   <div class='ocr_carea' id='block_1_3' title="bbox 0 322 1736 1977">
    <p class='ocr_par' dir='ltr' id='par_1_3' title="bbox 0 322 1736 1977">
     <span class='ocr_line' id='line_1_3' title="bbox 185 322 1585 383; baseline -0.005 -10.171"><span class='ocrx_word' id='word_1_5' title='bbox 185 352 188 362; x_wconf 91' lang='lat'>·</span> <span class='ocrx_word' id='word_1_6' title='bbox 223 324 226 329; x_wconf 50' lang='lat'>¹</span> <span class='ocrx_word' id='word_1_7' title='bbox 250 324 342 372; x_wconf 83' lang='grc' dir='ltr'>Τοῢ</span> <span class='ocrx_word' id='word_1_8' title='bbox 361 326 407 372; x_wconf 75' lang='grc' dir='ltr'>δὲ</span> <span class='ocrx_word' id='word_1_9' title='bbox 425 326 627 382; x_wconf 69' lang='grc' dir='ltr'>βασιλέως</span> <span class='ocrx_word' id='word_1_10' title='bbox 646 325 955 370; x_wconf 72' lang='grc' dir='ltr'>Κωνσταντίνου</span> <span class='ocrx_word' id='word_1_11' title='bbox 977 324 1046 369; x_wconf 74' lang='grc' dir='ltr'>διὰ</span> <span class='ocrx_word' id='word_1_12' title='bbox 1069 324 1220 376; x_wconf 81' lang='grc' dir='ltr'>παντὸς</span> <span class='ocrx_word' id='word_1_13' title='bbox 1241 322 1491 383; x_wconf 71' lang='grc' dir='ltr'><em>ὀδυρομένου</em></span> <span class='ocrx_word' id='word_1_14' title='bbox 1512 325 1585 368; x_wconf 71' lang='grc' dir='ltr'>καὶ</span> 
     </span>
     <span class='ocr_line' id='line_1_4' title="bbox 0 379 1585 455; baseline -0.004 -12"><span class='ocrx_word' id='word_1_15' title='bbox 0 379 11 440; x_wconf 61' lang='lat' dir='ltr'><strong>l</strong></span> <span class='ocrx_word' id='word_1_16' title='bbox 113 394 356 455; x_wconf 65' lang='grc' dir='ltr'>τὴνὲαυτοῦ</span> <span class='ocrx_word' id='word_1_17' title='bbox 375 396 705 452; x_wconf 70' lang='grc' dir='ltr'><strong><em>ἀνακαλουμένου</em></strong></span> <span class='ocrx_word' id='word_1_18' title='bbox 722 396 880 452; x_wconf 71' lang='grc' dir='ltr'>μητέρα</span> <span class='ocrx_word' id='word_1_19' title='bbox 901 394 1000 451; x_wconf 74' lang='grc' dir='ltr'>(ἤδη</span> <span class='ocrx_word' id='word_1_20' title='bbox 1026 394 1105 452; x_wconf 76' lang='grc' dir='ltr'>γὰρ</span> <span class='ocrx_word' id='word_1_21' title='bbox 1139 395 1267 451; x_wconf 76' lang='grc' dir='ltr'>αὐτὴν</span> <span class='ocrx_word' id='word_1_22' title='bbox 1285 393 1487 451; x_wconf 80' lang='grc' dir='ltr'><em>κατήγαγε</em></span> <span class='ocrx_word' id='word_1_23' title='bbox 1509 396 1585 437; x_wconf 82' lang='grc' dir='ltr'>τοῦ</span> 
     </span>
     <span class='ocr_line' id='line_1_5' title="bbox 0 458 1587 524; baseline -0.003 -13"><span class='ocrx_word' id='word_1_24' title='bbox 0 458 13 477; x_wconf 26' lang='grc' dir='ltr'><em>ἴ</em></span> <span class='ocrx_word' id='word_1_25' title='bbox 113 467 313 510; x_wconf 73' lang='grc' dir='ltr'>παλατίου</span> <span class='ocrx_word' id='word_1_26' title='bbox 346 466 638 524; x_wconf 60' lang='grc' dir='ltr'>Ἀλεξανδρος)</span> <span class='ocrx_word' id='word_1_27' title='bbox 672 463 966 521; x_wconf 78' lang='grc' dir='ltr'>ἀναβιβάζουσι</span> <span class='ocrx_word' id='word_1_28' title='bbox 998 465 1066 508; x_wconf 87' lang='grc' dir='ltr'>καὶ</span> <span class='ocrx_word' id='word_1_29' title='bbox 1099 462 1265 515; x_wconf 72' lang='grc' dir='ltr'>ἄκοντες</span> <span class='ocrx_word' id='word_1_30' title='bbox 1291 462 1413 507; x_wconf 86' lang='grc' dir='ltr'>πάλιν</span> <span class='ocrx_word' id='word_1_31' title='bbox 1444 461 1587 519; x_wconf 73' lang='grc' dir='ltr'>αὐτήν.</span> 
     </span>
     <span class='ocr_line' id='line_1_6' title="bbox 0 530 1622 592; baseline -0.003 -12"><span class='ocrx_word' id='word_1_32' title='bbox 0 533 9 573; x_wconf 61' lang='lat'>1³?</span> <span class='ocrx_word' id='word_1_33' title='bbox 114 536 349 580; x_wconf 73' lang='grc' dir='ltr'><strong><em>ἀνελθοῦσα</em></strong></span> <span class='ocrx_word' id='word_1_34' title='bbox 370 530 442 580; x_wconf 72' lang='grc' dir='ltr'>οὖν</span> <span class='ocrx_word' id='word_1_35' title='bbox 462 537 530 578; x_wconf 80' lang='grc' dir='ltr'>καὶ</span> <span class='ocrx_word' id='word_1_36' title='bbox 552 535 752 592; x_wconf 74' lang='grc' dir='ltr'>ἐγκρατὴς</span> <span class='ocrx_word' id='word_1_37' title='bbox 776 534 967 591; x_wconf 77' lang='grc' dir='ltr'>γενομένη</span> <span class='ocrx_word' id='word_1_38' title='bbox 994 537 1069 587; x_wconf 79' lang='grc' dir='ltr'>τῆς</span> <span class='ocrx_word' id='word_1_39' title='bbox 1087 535 1300 588; x_wconf 81' lang='grc' dir='ltr'><strong><em>βασιλείας</em></strong></span> <span class='ocrx_word' id='word_1_40' title='bbox 1315 531 1588 591; x_wconf 82' lang='grc' dir='ltr'>προσλαμβά-</span> <span class='ocrx_word' id='word_1_41' title='bbox 1619 551 1622 554; x_wconf 71' lang='grc'><strong>’</strong></span> 
     </span>
     <span class='ocr_line' id='line_1_7' title="bbox 79 601 1639 663; baseline -0.006 -11"><span class='ocrx_word' id='word_1_42' title='bbox 79 614 224 652; x_wconf 66' lang='grc' dir='ltr'>ὕνεται</span> <span class='ocrx_word' id='word_1_43' title='bbox 261 603 334 650; x_wconf 79' lang='grc' dir='ltr'>τὸν</span> <span class='ocrx_word' id='word_1_44' title='bbox 371 602 735 663; x_wconf 82' lang='grc' dir='ltr'>παρακοιμώμενον</span> <span class='ocrx_word' id='word_1_45' title='bbox 764 604 1072 647; x_wconf 86' lang='grc' dir='ltr'>Κωνσταντῒνον</span> <span class='ocrx_word' id='word_1_46' title='bbox 1113 603 1182 645; x_wconf 82' lang='grc' dir='ltr'>καὶ</span> <span class='ocrx_word' id='word_1_47' title='bbox 1216 601 1482 646; x_wconf 80' lang='grc' dir='ltr'>Ἀναστάσιον</span> <span class='ocrx_word' id='word_1_48' title='bbox 1516 602 1584 645; x_wconf 78' lang='grc' dir='ltr'>καὶ</span> <span class='ocrx_word' id='word_1_49' title='bbox 1606 607 1639 643; x_wconf 92' lang='lat' dir='ltr'>D</span> 
     </span>
     <span class='ocr_line' id='line_1_8' title="bbox 114 670 1588 730; baseline -0.002 -12"><span class='ocrx_word' id='word_1_50' title='bbox 114 675 424 719; x_wconf 82' lang='grc' dir='ltr'>Κωνσταντῖνον</span> <span class='ocrx_word' id='word_1_51' title='bbox 458 673 556 724; x_wconf 75' lang='grc' dir='ltr'>τοὺς</span> <span class='ocrx_word' id='word_1_52' title='bbox 586 671 792 730; x_wconf 78' lang='grc' dir='ltr'>αδελφοῦς</span> <span class='ocrx_word' id='word_1_53' title='bbox 822 672 919 722; x_wconf 79' lang='grc' dir='ltr'>τοὺς</span> <span class='ocrx_word' id='word_1_54' title='bbox 956 671 1031 727; x_wconf 83' lang='grc' dir='ltr'>τὴν</span> <span class='ocrx_word' id='word_1_55' title='bbox 1060 670 1291 727; x_wconf 73' lang='grc' dir='ltr'>ἐπωνυμίαν</span> <span class='ocrx_word' id='word_1_56' title='bbox 1325 673 1367 713; x_wconf 96' lang='grc' dir='ltr'><strong>Γ</strong></span> <span class='ocrx_word' id='word_1_57' title='bbox 1363 672 1588 728; x_wconf 74' lang='grc' dir='ltr'>ογγυλιόυς.</span> 
     </span>
     <span class='ocr_line' id='line_1_9' title="bbox 113 739 1589 799; baseline -0.003 -11"><span class='ocrx_word' id='word_1_58' title='bbox 113 741 494 799; x_wconf 75' lang='grc' dir='ltr'>συμβουλεύσαντος</span> <span class='ocrx_word' id='word_1_59' title='bbox 515 743 560 785; x_wconf 80' lang='grc' dir='ltr'>δὲ</span> <span class='ocrx_word' id='word_1_60' title='bbox 582 743 650 785; x_wconf 82' lang='grc' dir='ltr'>καὶ</span> <span class='ocrx_word' id='word_1_61' title='bbox 666 739 855 785; x_wconf 80' lang='grc' dir='ltr'>Ἰωάννου</span> <span class='ocrx_word' id='word_1_62' title='bbox 877 744 950 784; x_wconf 80' lang='grc' dir='ltr'>τοῦ</span> <span class='ocrx_word' id='word_1_63' title='bbox 973 740 1130 783; x_wconf 79' lang='grc' dir='ltr'>Ἐλαὸἄ</span> <span class='ocrx_word' id='word_1_64' title='bbox 1147 739 1468 795; x_wconf 80' lang='grc' dir='ltr'>καταβιβάζουσι</span> <span class='ocrx_word' id='word_1_65' title='bbox 1490 740 1589 792; x_wconf 75' lang='grc' dir='ltr'>τοὺς</span> 
     </span>
     <span class='ocr_line' id='line_1_10' title="bbox 114 808 1589 869; baseline -0.003 -13"><span class='ocrx_word' id='word_1_66' title='bbox 114 814 287 864; x_wconf 76' lang='grc' dir='ltr'>οἶκείους</span> <span class='ocrx_word' id='word_1_67' title='bbox 310 810 594 869; x_wconf 77' lang='grc' dir='ltr'>Ἀλεξάνδρου,</span> <span class='ocrx_word' id='word_1_68' title='bbox 622 809 811 866; x_wconf 85' lang='grc' dir='ltr'>Ἰωάννην</span> <span class='ocrx_word' id='word_1_69' title='bbox 830 810 910 853; x_wconf 80' lang='grc' dir='ltr'>τὸν</span> <span class='ocrx_word' id='word_1_70' title='bbox 921 808 1148 867; x_wconf 77' lang='grc' dir='ltr'>ῥαίκτωρα,</span> <span class='ocrx_word' id='word_1_71' title='bbox 1183 809 1254 853; x_wconf 89' lang='grc' dir='ltr'>τὸν</span> <span class='ocrx_word' id='word_1_72' title='bbox 1274 811 1315 851; x_wconf 96' lang='grc' dir='ltr'><strong>Γ</strong></span> <span class='ocrx_word' id='word_1_73' title='bbox 1313 808 1589 867; x_wconf 82' lang='grc' dir='ltr'>αβριηλόπου-</span> 
     </span>
     <span class='ocr_line' id='line_1_11' title="bbox 113 877 1588 936; baseline -0.003 -11"><span class='ocrx_word' id='word_1_74' title='bbox 113 884 200 934; x_wconf 88' lang='grc' dir='ltr'>λον,</span> <span class='ocrx_word' id='word_1_75' title='bbox 232 880 304 925; x_wconf 77' lang='grc' dir='ltr'>τὸν</span> <span class='ocrx_word' id='word_1_76' title='bbox 321 881 566 936; x_wconf 79' lang='grc' dir='ltr'>Βασιλίτζην</span> <span class='ocrx_word' id='word_1_77' title='bbox 586 881 655 924; x_wconf 80' lang='grc' dir='ltr'>καὶ</span> <span class='ocrx_word' id='word_1_78' title='bbox 675 879 772 930; x_wconf 79' lang='grc' dir='ltr'>τοὺς</span> <span class='ocrx_word' id='word_1_79' title='bbox 793 877 973 930; x_wconf 83' lang='grc' dir='ltr'>λοιπούς.</span> <span class='ocrx_word' id='word_1_80' title='bbox 1038 877 1313 936; x_wconf 81' lang='grc' dir='ltr'>προβάλλεται</span> <span class='ocrx_word' id='word_1_81' title='bbox 1336 880 1380 922; x_wconf 74' lang='grc' dir='ltr'>δὲ</span> <span class='ocrx_word' id='word_1_82' title='bbox 1398 881 1464 922; x_wconf 80' lang='grc' dir='ltr'>καὶ</span> <span class='ocrx_word' id='word_1_83' title='bbox 1488 879 1588 935; x_wconf 85' lang='grc' dir='ltr'>Ζωὴ</span> 
     </span>
     <span class='ocr_line' id='line_1_12' title="bbox 59 946 1589 1008; baseline -0.002 -15"><span class='ocrx_word' id='word_1_84' title='bbox 59 951 339 1008; x_wconf 61' lang='grc' dir='ltr'>ίοΛῦγοῦστα</span> <span class='ocrx_word' id='word_1_85' title='bbox 359 949 583 1005; x_wconf 84' lang='grc' dir='ltr'>Δομίνικον</span> <span class='ocrx_word' id='word_1_86' title='bbox 613 946 893 1006; x_wconf 72' lang='grc' dir='ltr'>ἔταιρειάρχην</span> <span class='ocrx_word' id='word_1_87' title='bbox 923 947 1171 1006; x_wconf 78' lang='grc' dir='ltr'>δραστήριον</span> <span class='ocrx_word' id='word_1_88' title='bbox 1193 950 1390 992; x_wconf 81' lang='grc' dir='ltr'>δοκοῦντα</span> <span class='ocrx_word' id='word_1_89' title='bbox 1411 950 1479 991; x_wconf 82' lang='grc' dir='ltr'>καὶ</span> <span class='ocrx_word' id='word_1_90' title='bbox 1503 954 1589 1000; x_wconf 80' lang='grc' dir='ltr'>τοῖς</span> 
     </span>
     <span class='ocr_line' id='line_1_13' title="bbox 114 1012 1589 1077; baseline -0.002 -14"><span class='ocrx_word' id='word_1_91' title='bbox 114 1019 243 1076; x_wconf 81' lang='grc' dir='ltr'>αὖτῆς</span> <span class='ocrx_word' id='word_1_92' title='bbox 267 1019 555 1077; x_wconf 74' lang='grc' dir='ltr'>προσκείμενον</span> <span class='ocrx_word' id='word_1_93' title='bbox 577 1016 900 1076; x_wconf 78' lang='grc' dir='ltr'>προστάγμασιν,</span> <span class='ocrx_word' id='word_1_94' title='bbox 936 1012 985 1061; x_wconf 75' lang='grc' dir='ltr'>οὗ</span> <span class='ocrx_word' id='word_1_95' title='bbox 1007 1021 1057 1074; x_wconf 82' lang='grc' dir='ltr'>τῇ</span> <span class='ocrx_word' id='word_1_96' title='bbox 1077 1022 1291 1076; x_wconf 82' lang='grc' dir='ltr'>συμβουλῇ</span> <span class='ocrx_word' id='word_1_97' title='bbox 1313 1017 1589 1072; x_wconf 81' lang='grc' dir='ltr'>καταβιβάζε-</span> 
     </span>
     <span class='ocr_line' id='line_1_14' title="bbox 113 1084 1587 1146; baseline -0.003 -13"><span class='ocrx_word' id='word_1_98' title='bbox 113 1105 182 1134; x_wconf 72' lang='lat' dir='ltr'>we</span> <span class='ocrx_word' id='word_1_99' title='bbox 201 1086 224 1132; x_wconf 78' lang='grc' dir='ltr'><strong><em>ὃ</em></strong></span> <span class='ocrx_word' id='word_1_100' title='bbox 240 1085 495 1146; x_wconf 81' lang='grc' dir='ltr'>πατριάρχης</span> <span class='ocrx_word' id='word_1_101' title='bbox 511 1091 586 1132; x_wconf 82' lang='grc' dir='ltr'>τοῦ</span> <span class='ocrx_word' id='word_1_102' title='bbox 606 1089 821 1131; x_wconf 89' lang='grc' dir='ltr'>παλατιόυ.</span> <span class='ocrx_word' id='word_1_103' title='bbox 889 1088 957 1130; x_wconf 86' lang='grc' dir='ltr'>καὶ</span> <span class='ocrx_word' id='word_1_104' title='bbox 986 1084 1007 1128; x_wconf 83' lang='grc' dir='ltr'><strong>ὅ</strong></span> <span class='ocrx_word' id='word_1_105' title='bbox 1029 1085 1252 1144; x_wconf 85' lang='grc' dir='ltr'>μάγιστρος</span> <span class='ocrx_word' id='word_1_106' title='bbox 1282 1089 1327 1131; x_wconf 73' lang='grc' dir='ltr'>δὲ</span> <span class='ocrx_word' id='word_1_107' title='bbox 1351 1086 1538 1143; x_wconf 80' lang='grc' dir='ltr'>Ἰωάννης</span> <span class='ocrx_word' id='word_1_108' title='bbox 1565 1085 1587 1129; x_wconf 80' lang='grc' dir='ltr'><strong>ὃ</strong></span> 
     </span>
     <span class='ocr_line' id='line_1_15' title="bbox 109 1150 1589 1216; baseline -0.001 -15"><span class='ocrx_word' id='word_1_109' title='bbox 109 1157 287 1210; x_wconf 80' lang='grc' dir='ltr'>Ἐλαδᾶς</span> <span class='ocrx_word' id='word_1_110' title='bbox 315 1161 522 1213; x_wconf 76' lang='grc' dir='ltr'>κατῆλθεν</span> <span class='ocrx_word' id='word_1_111' title='bbox 549 1155 742 1208; x_wconf 68' lang='grc' dir='ltr'>ἑκουσίως</span> <span class='ocrx_word' id='word_1_112' title='bbox 750 1189 764 1209; x_wconf 91' lang='grc'>,</span> <span class='ocrx_word' id='word_1_113' title='bbox 798 1154 906 1216; x_wconf 80' lang='grc' dir='ltr'>νόσῳ</span> <span class='ocrx_word' id='word_1_114' title='bbox 924 1157 1126 1213; x_wconf 74' lang='grc' dir='ltr'>ληφθείς,</span> <span class='ocrx_word' id='word_1_115' title='bbox 1163 1155 1221 1200; x_wconf 70' lang='grc' dir='ltr'>δι’</span> <span class='ocrx_word' id='word_1_116' title='bbox 1253 1150 1303 1212; x_wconf 76' lang='grc' dir='ltr'>ἧς</span> <span class='ocrx_word' id='word_1_117' title='bbox 1332 1159 1397 1200; x_wconf 82' lang='grc' dir='ltr'>καὶ</span> <span class='ocrx_word' id='word_1_118' title='bbox 1420 1157 1589 1211; x_wconf 77' lang='grc' dir='ltr'>ἄπεβίω.</span> 
     </span>
     <span class='ocr_line' id='line_1_16' title="bbox 114 1223 1590 1284; baseline -0.001 -13"><span class='ocrx_word' id='word_1_119' title='bbox 114 1229 423 1277; x_wconf 83' lang='grc' dir='ltr'>,Κωνσταντῖνος</span> <span class='ocrx_word' id='word_1_120' title='bbox 441 1227 486 1270; x_wconf 74' lang='grc' dir='ltr'>δὲ</span> <span class='ocrx_word' id='word_1_121' title='bbox 507 1224 529 1269; x_wconf 81' lang='grc' dir='ltr'><strong>ὃ</strong></span> <span class='ocrx_word' id='word_1_122' title='bbox 557 1223 921 1284; x_wconf 83' lang='grc' dir='ltr'>παρακοιμώμενος</span> <span class='ocrx_word' id='word_1_123' title='bbox 937 1223 1018 1284; x_wconf 68' lang='grc' dir='ltr'>ὑφ’</span> <span class='ocrx_word' id='word_1_124' title='bbox 1039 1224 1186 1269; x_wconf 70' lang='grc' dir='ltr'>ἑαυτὸν</span> <span class='ocrx_word' id='word_1_125' title='bbox 1205 1225 1366 1283; x_wconf 74' lang='grc' dir='ltr'>ἀγαγεῖν</span> <span class='ocrx_word' id='word_1_126' title='bbox 1385 1226 1459 1282; x_wconf 84' lang='grc' dir='ltr'>τὴν</span> <span class='ocrx_word' id='word_1_127' title='bbox 1480 1226 1590 1269; x_wconf 80' lang='grc' dir='ltr'>ἅπα-</span> 
     </span>
     <span class='ocr_line' id='line_1_17' title="bbox 60 1293 1592 1353; baseline -0.002 -13"><span class='ocrx_word' id='word_1_128' title='bbox 60 1308 105 1346; x_wconf 81' lang='lat'>1⁵</span> <span class='ocrx_word' id='word_1_129' title='bbox 116 1312 195 1340; x_wconf 84' lang='grc' dir='ltr'>σαν</span> <span class='ocrx_word' id='word_1_130' title='bbox 211 1299 287 1353; x_wconf 81' lang='grc' dir='ltr'>τῆς</span> <span class='ocrx_word' id='word_1_131' title='bbox 303 1295 515 1351; x_wconf 75' lang='grc' dir='ltr'>βασιλείας</span> <span class='ocrx_word' id='word_1_132' title='bbox 531 1293 647 1351; x_wconf 74' lang='grc' dir='ltr'>ἡνίαν</span> <span class='ocrx_word' id='word_1_133' title='bbox 667 1293 916 1350; x_wconf 87' lang='grc' dir='ltr'>βουλόμενος</span> <span class='ocrx_word' id='word_1_134' title='bbox 940 1296 1008 1338; x_wconf 82' lang='grc' dir='ltr'>καὶ</span> <span class='ocrx_word' id='word_1_135' title='bbox 1027 1296 1182 1350; x_wconf 74' lang='grc' dir='ltr'>μηδένα</span> <span class='ocrx_word' id='word_1_136' title='bbox 1207 1295 1310 1350; x_wconf 64' lang='grc' dir='ltr'>ἔχειν</span> <span class='ocrx_word' id='word_1_137' title='bbox 1329 1295 1401 1339; x_wconf 79' lang='grc' dir='ltr'>τὸν</span> <span class='ocrx_word' id='word_1_138' title='bbox 1421 1297 1592 1351; x_wconf 72' lang='grc' dir='ltr'>ἐμποδί-</span> 
     </span>
     <span class='ocr_line' id='line_1_18' title="bbox 116 1363 1736 1423; baseline -0.002 -14"><span class='ocrx_word' id='word_1_139' title='bbox 116 1368 250 1420; x_wconf 83' lang='grc' dir='ltr'>ζοντα,</span> <span class='ocrx_word' id='word_1_140' title='bbox 279 1363 491 1420; x_wconf 72' lang='grc' dir='ltr'>διαβάλλει</span> <span class='ocrx_word' id='word_1_141' title='bbox 511 1364 582 1408; x_wconf 83' lang='grc' dir='ltr'>τὸν</span> <span class='ocrx_word' id='word_1_142' title='bbox 598 1363 876 1422; x_wconf 73' lang='grc' dir='ltr'>ἕταιρειάρχην</span> <span class='ocrx_word' id='word_1_143' title='bbox 894 1366 950 1415; x_wconf 79' lang='grc' dir='ltr'>εἷς</span> <span class='ocrx_word' id='word_1_144' title='bbox 966 1363 1039 1420; x_wconf 77' lang='grc' dir='ltr'>τὴν</span> <span class='ocrx_word' id='word_1_145' title='bbox 1057 1364 1305 1421; x_wconf 79' lang='grc' dir='ltr'>Αὐγοῦσταν</span> <span class='ocrx_word' id='word_1_146' title='bbox 1324 1363 1380 1416; x_wconf 81' lang='grc' dir='ltr'>ὥς</span> <span class='ocrx_word' id='word_1_147' title='bbox 1401 1382 1588 1423; x_wconf 79' lang='grc' dir='ltr'>σφετερι-</span> <span class='ocrx_word' id='word_1_148' title='bbox 1610 1375 1640 1413; x_wconf 85' lang='grc' dir='ltr'><strong>Ρ</strong></span> <span class='ocrx_word' id='word_1_149' title='bbox 1666 1375 1736 1412; x_wconf 73' lang='lat'>612</span> 
     </span>
     <span class='ocr_line' id='line_1_19' title="bbox 116 1428 1593 1491; baseline -0.001 -13"><span class='ocrx_word' id='word_1_150' title='bbox 116 1433 283 1490; x_wconf 82' lang='grc' dir='ltr'>ζόμενον</span> <span class='ocrx_word' id='word_1_151' title='bbox 306 1434 383 1491; x_wconf 82' lang='grc' dir='ltr'>τὴν</span> <span class='ocrx_word' id='word_1_152' title='bbox 402 1435 612 1489; x_wconf 81' lang='grc' dir='ltr'>βασιλείαν</span> <span class='ocrx_word' id='word_1_153' title='bbox 645 1435 701 1485; x_wconf 71' lang='grc' dir='ltr'>εἷς</span> <span class='ocrx_word' id='word_1_154' title='bbox 727 1433 799 1478; x_wconf 87' lang='grc' dir='ltr'>τὸν</span> <span class='ocrx_word' id='word_1_155' title='bbox 834 1432 983 1477; x_wconf 73' lang='grc' dir='ltr'>ἑαυτοῦ</span> <span class='ocrx_word' id='word_1_156' title='bbox 1015 1431 1217 1491; x_wconf 70' lang='grc' dir='ltr'>ἀδελφόν·</span> <span class='ocrx_word' id='word_1_157' title='bbox 1264 1428 1315 1477; x_wconf 76' lang='grc' dir='ltr'>οὗ</span> <span class='ocrx_word' id='word_1_158' title='bbox 1341 1441 1427 1485; x_wconf 80' lang='grc' dir='ltr'>τοῖς</span> <span class='ocrx_word' id='word_1_159' title='bbox 1456 1432 1593 1491; x_wconf 75' lang='grc' dir='ltr'>λόγοις</span> 
     </span>
     <span class='ocr_line' id='line_1_20' title="bbox 115 1501 1591 1564; baseline -0.001 -16"><span class='ocrx_word' id='word_1_160' title='bbox 115 1507 332 1548; x_wconf 74' lang='grc' dir='ltr'>πεισθεῖσα</span> <span class='ocrx_word' id='word_1_161' title='bbox 357 1503 568 1562; x_wconf 77' lang='grc' dir='ltr'>πατρίκιον</span> <span class='ocrx_word' id='word_1_162' title='bbox 594 1502 718 1546; x_wconf 75' lang='grc' dir='ltr'>αὐτὸν</span> <span class='ocrx_word' id='word_1_163' title='bbox 738 1507 838 1564; x_wconf 74' lang='grc' dir='ltr'>τιμᾷ</span> <span class='ocrx_word' id='word_1_164' title='bbox 846 1534 860 1555; x_wconf 90' lang='grc'>,</span> <span class='ocrx_word' id='word_1_165' title='bbox 894 1504 963 1545; x_wconf 82' lang='grc' dir='ltr'>καὶ</span> <span class='ocrx_word' id='word_1_166' title='bbox 985 1501 1240 1546; x_wconf 73' lang='grc' dir='ltr'>κατελθόντα</span> <span class='ocrx_word' id='word_1_167' title='bbox 1259 1501 1314 1554; x_wconf 80' lang='grc' dir='ltr'>ὥς</span> <span class='ocrx_word' id='word_1_168' title='bbox 1332 1502 1430 1555; x_wconf 66' lang='grc' dir='ltr'>ἔθος</span> <span class='ocrx_word' id='word_1_169' title='bbox 1450 1507 1591 1558; x_wconf 79' lang='grc' dir='ltr'>λαβεῖν</span> 
     </span>
     <span class='ocr_line' id='line_1_21' title="bbox 115 1572 1594 1631; baseline -0.001 -14"><span class='ocrx_word' id='word_1_170' title='bbox 115 1572 238 1630; x_wconf 74' lang='grc' dir='ltr'>εὐχὴν</span> <span class='ocrx_word' id='word_1_171' title='bbox 261 1572 364 1617; x_wconf 61' lang='lat' dir='ltr'><strong>oziau</strong></span> <span class='ocrx_word' id='word_1_172' title='bbox 385 1572 517 1628; x_wconf 79' lang='grc' dir='ltr'>μένειν</span> <span class='ocrx_word' id='word_1_173' title='bbox 539 1572 775 1631; x_wconf 74' lang='grc' dir='ltr'>προσέταξε.</span> <span class='ocrx_word' id='word_1_174' title='bbox 807 1573 1099 1630; x_wconf 78' lang='grc' dir='ltr'>προχειρίζεται</span> <span class='ocrx_word' id='word_1_175' title='bbox 1123 1573 1167 1615; x_wconf 76' lang='grc' dir='ltr'>δὲ</span> <span class='ocrx_word' id='word_1_176' title='bbox 1187 1573 1279 1615; x_wconf 72' lang='grc' dir='ltr'>ἄντ’</span> <span class='ocrx_word' id='word_1_177' title='bbox 1308 1573 1435 1617; x_wconf 80' lang='grc' dir='ltr'>αὐτοῦ’</span> <span class='ocrx_word' id='word_1_178' title='bbox 1451 1572 1594 1616; x_wconf 84' lang='grc' dir='ltr'>Ἰωάν-</span> 
     </span>
     <span class='ocr_line' id='line_1_22' title="bbox 60 1639 1596 1701; baseline 0 -15"><span class='ocrx_word' id='word_1_179' title='bbox 60 1655 189 1699; x_wconf 70' lang='grc' dir='ltr'>Ξονην</span> <span class='ocrx_word' id='word_1_180' title='bbox 209 1642 282 1686; x_wconf 79' lang='grc' dir='ltr'>τὸν</span> <span class='ocrx_word' id='word_1_181' title='bbox 301 1643 344 1685; x_wconf 96' lang='grc' dir='ltr'><strong>Γ</strong></span> <span class='ocrx_word' id='word_1_182' title='bbox 340 1643 488 1700; x_wconf 77' lang='grc' dir='ltr'>αριδιῖν</span> <span class='ocrx_word' id='word_1_183' title='bbox 504 1639 798 1700; x_wconf 72' lang='grc' dir='ltr'>ἕταιρειάρχην,</span> <span class='ocrx_word' id='word_1_184' title='bbox 843 1643 913 1685; x_wconf 85' lang='grc' dir='ltr'>καὶ</span> <span class='ocrx_word' id='word_1_185' title='bbox 934 1641 1154 1698; x_wconf 86' lang='grc' dir='ltr'>Δαμιανόν</span> <span class='ocrx_word' id='word_1_186' title='bbox 1173 1642 1363 1698; x_wconf 76' lang='grc' dir='ltr'>εὐνοῦχον</span> <span class='ocrx_word' id='word_1_187' title='bbox 1387 1642 1596 1701; x_wconf 73' lang='grc' dir='ltr'>ἄρτιφανῆ</span> 
     </span>
     <span class='ocr_line' id='line_1_23' title="bbox 114 1708 657 1770; baseline -0.002 -14"><span class='ocrx_word' id='word_1_188' title='bbox 114 1716 189 1768; x_wconf 82' lang='grc' dir='ltr'>τῆς</span> <span class='ocrx_word' id='word_1_189' title='bbox 206 1712 353 1768; x_wconf 77' lang='grc' dir='ltr'>βίγλας</span> <span class='ocrx_word' id='word_1_190' title='bbox 375 1708 657 1770; x_wconf 78' lang='grc' dir='ltr'>δρουγγάριον.</span> 
     </span>
     <span class='ocr_line' id='line_1_24' title="bbox 246 1778 1595 1840; baseline -0.001 -16"><span class='ocrx_word' id='word_1_191' title='bbox 246 1779 436 1838; x_wconf 74' lang='grc' dir='ltr'>’.Άγοντος</span> <span class='ocrx_word' id='word_1_192' title='bbox 459 1781 503 1824; x_wconf 75' lang='grc' dir='ltr'>δὲ</span> <span class='ocrx_word' id='word_1_193' title='bbox 523 1781 591 1823; x_wconf 78' lang='grc' dir='ltr'>καὶ</span> <span class='ocrx_word' id='word_1_194' title='bbox 615 1780 810 1839; x_wconf 69' lang='grc' dir='ltr'>φέροντος</span> <span class='ocrx_word' id='word_1_195' title='bbox 825 1783 901 1823; x_wconf 78' lang='grc' dir='ltr'>τοῦ</span> <span class='ocrx_word' id='word_1_196' title='bbox 919 1778 1090 1835; x_wconf 74' lang='grc' dir='ltr'>Συμεών</span> <span class='ocrx_word' id='word_1_197' title='bbox 1109 1779 1162 1823; x_wconf 78' lang='grc' dir='ltr'>τὰ</span> <span class='ocrx_word' id='word_1_198' title='bbox 1183 1779 1364 1840; x_wconf 75' lang='grc' dir='ltr'>Θρᾳκῷα</span> <span class='ocrx_word' id='word_1_199' title='bbox 1383 1780 1502 1838; x_wconf 70' lang='grc' dir='ltr'>μέρη,</span> <span class='ocrx_word' id='word_1_200' title='bbox 1526 1783 1595 1838; x_wconf 79' lang='grc' dir='ltr'>καὶ</span> 
     </span>
     <span class='ocr_line' id='line_1_25' title="bbox 115 1848 1595 1909; baseline -0.001 -15"><span class='ocrx_word' id='word_1_201' title='bbox 115 1854 190 1907; x_wconf 76' lang='grc' dir='ltr'>τῆς</span> <span class='ocrx_word' id='word_1_202' title='bbox 206 1848 453 1907; x_wconf 77' lang='grc' dir='ltr'>Αὖγοῦστης</span> <span class='ocrx_word' id='word_1_203' title='bbox 473 1849 766 1909; x_wconf 79' lang='grc' dir='ltr'>φροντιζούσης</span> <span class='ocrx_word' id='word_1_204' title='bbox 785 1850 889 1905; x_wconf 78' lang='grc' dir='ltr'>μετὰ</span> <span class='ocrx_word' id='word_1_205' title='bbox 908 1854 989 1893; x_wconf 83' lang='grc' dir='ltr'>τῶν</span> <span class='ocrx_word' id='word_1_206' title='bbox 1016 1850 1058 1892; x_wconf 78' lang='grc' dir='ltr'>ἓν</span> <span class='ocrx_word' id='word_1_207' title='bbox 1077 1851 1181 1893; x_wconf 78' lang='grc' dir='ltr'>τέλει</span> <span class='ocrx_word' id='word_1_208' title='bbox 1207 1849 1317 1900; x_wconf 79' lang='grc' dir='ltr'>ὅπως</span> <span class='ocrx_word' id='word_1_209' title='bbox 1338 1850 1464 1893; x_wconf 76' lang='grc' dir='ltr'>αὐτοῦ</span> <span class='ocrx_word' id='word_1_210' title='bbox 1486 1849 1595 1893; x_wconf 70' lang='grc' dir='ltr'>παῦ-</span> 
     </span>
     <span class='ocr_line' id='line_1_26' title="bbox 116 1917 1594 1977; baseline -0.001 -13"><span class='ocrx_word' id='word_1_211' title='bbox 116 1936 220 1964; x_wconf 87' lang='grc' dir='ltr'>σωσι</span> <span class='ocrx_word' id='word_1_212' title='bbox 238 1918 315 1972; x_wconf 80' lang='grc' dir='ltr'>τὰς</span> <span class='ocrx_word' id='word_1_213' title='bbox 335 1917 583 1977; x_wconf 73' lang='grc' dir='ltr'>ἐπιδρομάς,</span> <span class='ocrx_word' id='word_1_214' title='bbox 611 1917 800 1976; x_wconf 81' lang='grc' dir='ltr'>Ἰωάννης</span> <span class='ocrx_word' id='word_1_215' title='bbox 827 1917 848 1962; x_wconf 83' lang='grc' dir='ltr'><strong>ὅ</strong></span> <span class='ocrx_word' id='word_1_216' title='bbox 867 1922 1006 1976; x_wconf 78' lang='grc' dir='ltr'>Βογᾶς</span> <span class='ocrx_word' id='word_1_217' title='bbox 1029 1917 1224 1975; x_wconf 73' lang='grc' dir='ltr'>ὑπέσχετο</span> <span class='ocrx_word' id='word_1_218' title='bbox 1245 1920 1455 1977; x_wconf 85' lang='grc' dir='ltr'>πατρίκιος</span> <span class='ocrx_word' id='word_1_219' title='bbox 1472 1937 1594 1976; x_wconf 86' lang='grc' dir='ltr'>τιμη-</span> 
     </span>
    </p>
   </div>
   <div class='ocr_carea' id='block_1_4' title="bbox 206 2025 1532 2075">
    <p class='ocr_par' dir='ltr' id='par_1_4' title="bbox 206 2025 1532 2075">
     <span class='ocr_line' id='line_1_27' title="bbox 206 2025 1532 2075; baseline 0.001 -11"><span class='ocrx_word' id='word_1_220' title='bbox 206 2029 231 2065; x_wconf 85' lang='grc'><strong>6</strong></span> <span class='ocrx_word' id='word_1_221' title='bbox 247 2025 508 2074; x_wconf 72' lang='grc' dir='ltr'>αὕταδέλφους</span> <span class='ocrx_word' id='word_1_222' title='bbox 528 2025 621 2070; x_wconf 76' lang='grc' dir='ltr'>τούς</span> <span class='ocrx_word' id='word_1_223' title='bbox 640 2026 729 2063; x_wconf 79' lang='grc' dir='ltr'>κατ’</span> <span class='ocrx_word' id='word_1_224' title='bbox 753 2028 783 2063; x_wconf 86' lang='lat' dir='ltr'>C</span> <span class='ocrx_word' id='word_1_225' title='bbox 905 2028 950 2064; x_wconf 81' lang='lat'>13</span> <span class='ocrx_word' id='word_1_226' title='bbox 971 2027 1125 2074; x_wconf 77' lang='grc' dir='ltr'>βληθείς</span> <span class='ocrx_word' id='word_1_227' title='bbox 1149 2027 1181 2063; x_wconf 86' lang='lat' dir='ltr'>C</span> <span class='ocrx_word' id='word_1_228' title='bbox 1293 2027 1342 2065; x_wconf 76' lang='lat'>24</span> <span class='ocrx_word' id='word_1_229' title='bbox 1362 2028 1476 2075; x_wconf 79' lang='grc' dir='ltr'>βογῆς</span> <span class='ocrx_word' id='word_1_230' title='bbox 1500 2029 1532 2065; x_wconf 85' lang='lat' dir='ltr'>C</span> 
     </span>
    </p>
   </div>
   <div class='ocr_carea' id='block_1_5' title="bbox 114 2119 1604 2960">
    <p class='ocr_par' dir='ltr' id='par_1_5' title="bbox 114 2119 1604 2726">
     <span class='ocr_line' id='line_1_28' title="bbox 168 2119 1594 2166; baseline 0 -10"><span class='ocrx_word' id='word_1_231' title='bbox 168 2126 170 2129; x_wconf 89' lang='lat'>&#39;</span> <span class='ocrx_word' id='word_1_232' title='bbox 205 2119 320 2156; x_wconf 84' lang='lat' dir='ltr'><strong>Porro</strong></span> <span class='ocrx_word' id='word_1_233' title='bbox 342 2120 442 2156; x_wconf 80' lang='lat' dir='ltr'><strong>zoen</strong></span> <span class='ocrx_word' id='word_1_234' title='bbox 462 2120 509 2156; x_wconf 86' lang='lat' dir='ltr'><strong>im</strong></span> <span class='ocrx_word' id='word_1_235' title='bbox 538 2121 689 2156; x_wconf 83' lang='lat' dir='ltr'><strong>cratoris</strong></span> <span class='ocrx_word' id='word_1_236' title='bbox 712 2124 877 2165; x_wconf 89' lang='lat' dir='ltr'><strong>matrem,</strong></span> <span class='ocrx_word' id='word_1_237' title='bbox 909 2131 1012 2166; x_wconf 88' lang='lat' dir='ltr'><strong>quam</strong></span> <span class='ocrx_word' id='word_1_238' title='bbox 1047 2120 1175 2156; x_wconf 86' lang='lat' dir='ltr'><strong>dudum</strong></span> <span class='ocrx_word' id='word_1_239' title='bbox 1209 2121 1288 2156; x_wconf 86' lang='lat' dir='ltr'><strong>aula</strong></span> <span class='ocrx_word' id='word_1_240' title='bbox 1318 2122 1490 2157; x_wconf 83' lang='lat' dir='ltr'><strong>eduxerat</strong></span> <span class='ocrx_word' id='word_1_241' title='bbox 1508 2122 1594 2157; x_wconf 85' lang='lat' dir='ltr'><strong>Ale-</strong></span> 
     </span>
     <span class='ocr_line' id='line_1_29' title="bbox 115 2133 1594 2213; baseline 0 -11"><span class='ocrx_word' id='word_1_242' title='bbox 115 2167 261 2212; x_wconf 82' lang='lat' dir='ltr'><strong>xander,</strong></span> <span class='ocrx_word' id='word_1_243' title='bbox 293 2166 367 2202; x_wconf 85' lang='lat' dir='ltr'><strong>filio</strong></span> <span class='ocrx_word' id='word_1_244' title='bbox 392 2179 467 2203; x_wconf 82' lang='lat' dir='ltr'><strong>cam</strong></span> <span class='ocrx_word' id='word_1_245' title='bbox 490 2133 681 2203; x_wconf 64' lang='lat' dir='ltr'><strong>iXentidem</strong></span> <span class='ocrx_word' id='word_1_246' title='bbox 703 2167 910 2213; x_wconf 82' lang='lat' dir='ltr'><strong>deplorante</strong></span> <span class='ocrx_word' id='word_1_247' title='bbox 934 2180 976 2203; x_wconf 88' lang='lat' dir='ltr'>ac</span> <span class='ocrx_word' id='word_1_248' title='bbox 998 2168 1220 2213; x_wconf 82' lang='lat' dir='ltr'>requirente,</span> <span class='ocrx_word' id='word_1_249' title='bbox 1247 2173 1382 2203; x_wconf 83' lang='lat' dir='ltr'><strong>tutores</strong></span> <span class='ocrx_word' id='word_1_250' title='bbox 1407 2169 1464 2204; x_wconf 83' lang='lat' dir='ltr'><strong>vel</strong></span> <span class='ocrx_word' id='word_1_251' title='bbox 1488 2168 1594 2204; x_wconf 86' lang='lat' dir='ltr'><strong>inviti</strong></span> 
     </span>
     <span class='ocr_line' id='line_1_30' title="bbox 114 2213 1595 2260; baseline 0.001 -12"><span class='ocrx_word' id='word_1_252' title='bbox 114 2213 154 2248; x_wconf 84' lang='lat' dir='ltr'>in</span> <span class='ocrx_word' id='word_1_253' title='bbox 178 2213 345 2260; x_wconf 83' lang='lat' dir='ltr'><strong>palatium</strong></span> <span class='ocrx_word' id='word_1_254' title='bbox 367 2220 550 2250; x_wconf 85' lang='lat' dir='ltr'><strong>revocant.</strong></span> <span class='ocrx_word' id='word_1_255' title='bbox 607 2226 754 2249; x_wconf 88' lang='lat' dir='ltr'><strong>reversa</strong></span> <span class='ocrx_word' id='word_1_256' title='bbox 775 2214 864 2248; x_wconf 85' lang='lat' dir='ltr'><strong>haec</strong></span> <span class='ocrx_word' id='word_1_257' title='bbox 888 2218 925 2248; x_wconf 85' lang='lat' dir='ltr'><strong>et</strong></span> <span class='ocrx_word' id='word_1_258' title='bbox 947 2225 1063 2249; x_wconf 90' lang='lat' dir='ltr'><strong>rerum</strong></span> <span class='ocrx_word' id='word_1_259' title='bbox 1087 2215 1375 2259; x_wconf 79' lang='lat' dir='ltr'>gubernationem</span> <span class='ocrx_word' id='word_1_260' title='bbox 1400 2220 1504 2250; x_wconf 87' lang='lat' dir='ltr'><strong>nacta</strong></span> <span class='ocrx_word' id='word_1_261' title='bbox 1529 2216 1595 2250; x_wconf 88' lang='lat' dir='ltr'>ad-</span> 
     </span>
     <span class='ocr_line' id='line_1_31' title="bbox 117 2259 1596 2305; baseline 0.001 -11"><span class='ocrx_word' id='word_1_262' title='bbox 117 2259 241 2295; x_wconf 80' lang='lat' dir='ltr'><strong>sciscit</strong></span> <span class='ocrx_word' id='word_1_263' title='bbox 261 2260 530 2296; x_wconf 82' lang='lat' dir='ltr'><strong>Constantinum</strong></span> <span class='ocrx_word' id='word_1_264' title='bbox 553 2260 799 2296; x_wconf 85' lang='lat' dir='ltr'><strong>cubicularium</strong></span> <span class='ocrx_word' id='word_1_265' title='bbox 818 2259 988 2305; x_wconf 85' lang='lat' dir='ltr'><strong>intimum,</strong></span> <span class='ocrx_word' id='word_1_266' title='bbox 1020 2260 1242 2295; x_wconf 81' lang='lat' dir='ltr'><strong>Anastasium</strong></span> <span class='ocrx_word' id='word_1_267' title='bbox 1266 2266 1304 2296; x_wconf 85' lang='lat' dir='ltr'><strong>et</strong></span> <span class='ocrx_word' id='word_1_268' title='bbox 1326 2262 1596 2296; x_wconf 81' lang='lat' dir='ltr'><strong>Constantinum</strong></span> 
     </span>
     <span class='ocr_line' id='line_1_32' title="bbox 118 2305 1597 2360; baseline 0.001 -20"><span class='ocrx_word' id='word_1_269' title='bbox 118 2305 331 2360; x_wconf 69' lang='lat' dir='ltr'><strong>Gongylios,</strong></span> <span class='ocrx_word' id='word_1_270' title='bbox 353 2307 615 2351; x_wconf 82' lang='lat' dir='ltr'><strong>cognominatos</strong></span> <span class='ocrx_word' id='word_1_271' title='bbox 637 2317 822 2352; x_wconf 86' lang='lat' dir='ltr'><strong>germanos</strong></span> <span class='ocrx_word' id='word_1_272' title='bbox 844 2307 987 2351; x_wconf 80' lang='lat' dir='ltr'><strong>fratres,</strong></span> <span class='ocrx_word' id='word_1_273' title='bbox 1010 2318 1053 2341; x_wconf 89' lang='lat' dir='ltr'>ac</span> <span class='ocrx_word' id='word_1_274' title='bbox 1074 2307 1239 2341; x_wconf 86' lang='lat' dir='ltr'><strong>Ioannem</strong></span> <span class='ocrx_word' id='word_1_275' title='bbox 1262 2307 1423 2342; x_wconf 83' lang='lat' dir='ltr'><strong>Eladam.</strong></span> <span class='ocrx_word' id='word_1_276' title='bbox 1473 2308 1597 2342; x_wconf 85' lang='lat' dir='ltr'><strong>horum</strong></span> 
     </span>
     <span class='ocr_line' id='line_1_33' title="bbox 118 2351 1601 2399; baseline 0.002 -13"><span class='ocrx_word' id='word_1_277' title='bbox 118 2351 266 2387; x_wconf 82' lang='lat' dir='ltr'><strong>consllio</strong></span> <span class='ocrx_word' id='word_1_278' title='bbox 292 2351 372 2387; x_wconf 75' lang='lat' dir='ltr'><strong>aula</strong></span> <span class='ocrx_word' id='word_1_279' title='bbox 393 2352 582 2388; x_wconf 74' lang='lat' dir='ltr'><strong>eiiciantur</strong></span> <span class='ocrx_word' id='word_1_280' title='bbox 603 2352 794 2388; x_wconf 81' lang='lat' dir='ltr'>Alexandri</span> <span class='ocrx_word' id='word_1_281' title='bbox 817 2352 984 2397; x_wconf 85' lang='lat' dir='ltr'><strong>asseclae,</strong></span> <span class='ocrx_word' id='word_1_282' title='bbox 1018 2352 1170 2387; x_wconf 86' lang='lat' dir='ltr'><strong>Ioannes</strong></span> <span class='ocrx_word' id='word_1_283' title='bbox 1193 2358 1324 2398; x_wconf 86' lang='lat' dir='ltr'><strong>rector,</strong></span> <span class='ocrx_word' id='word_1_284' title='bbox 1360 2354 1601 2399; x_wconf 82' lang='lat' dir='ltr'><strong>Gabrielopu-</strong></span> 
     </span>
     <span class='ocr_line' id='line_1_34' title="bbox 117 2397 1602 2446; baseline 0.002 -13"><span class='ocrx_word' id='word_1_285' title='bbox 117 2398 196 2443; x_wconf 89' lang='lat' dir='ltr'><strong>lus,</strong></span> <span class='ocrx_word' id='word_1_286' title='bbox 220 2397 408 2434; x_wconf 80' lang='lat' dir='ltr'><strong>Basilitzes</strong></span> <span class='ocrx_word' id='word_1_287' title='bbox 432 2410 474 2433; x_wconf 87' lang='lat' dir='ltr'>ac</span> <span class='ocrx_word' id='word_1_288' title='bbox 497 2398 640 2444; x_wconf 83' lang='lat' dir='ltr'>reliqui.</span> <span class='ocrx_word' id='word_1_289' title='bbox 687 2398 906 2433; x_wconf 86' lang='lat' dir='ltr'><strong>Dominicum</strong></span> <span class='ocrx_word' id='word_1_290' title='bbox 931 2399 1037 2434; x_wconf 85' lang='lat' dir='ltr'><strong>etiam</strong></span> <span class='ocrx_word' id='word_1_291' title='bbox 1062 2399 1260 2434; x_wconf 80' lang='lat' dir='ltr'><strong>sodalitatis</strong></span> <span class='ocrx_word' id='word_1_292' title='bbox 1283 2401 1499 2446; x_wconf 86' lang='lat' dir='ltr'><strong>praefectum</strong></span> <span class='ocrx_word' id='word_1_293' title='bbox 1524 2401 1602 2435; x_wconf 85' lang='lat' dir='ltr'><strong>Zoe</strong></span> 
     </span>
     <span class='ocr_line' id='line_1_35' title="bbox 118 2444 1603 2492; baseline 0.002 -13"><span class='ocrx_word' id='word_1_294' title='bbox 118 2444 279 2490; x_wconf 77' lang='lat' dir='ltr'><strong>Augusta</strong></span> <span class='ocrx_word' id='word_1_295' title='bbox 300 2445 480 2491; x_wconf 81' lang='lat' dir='ltr'><strong>provehit,</strong></span> <span class='ocrx_word' id='word_1_296' title='bbox 505 2445 679 2480; x_wconf 89' lang='lat' dir='ltr'><strong>hominem</strong></span> <span class='ocrx_word' id='word_1_297' title='bbox 703 2450 883 2480; x_wconf 82' lang='lat' dir='ltr'><strong>strenuum</strong></span> <span class='ocrx_word' id='word_1_298' title='bbox 911 2445 1066 2481; x_wconf 85' lang='lat' dir='ltr'><strong>habitum</strong></span> <span class='ocrx_word' id='word_1_299' title='bbox 1090 2446 1234 2491; x_wconf 85' lang='lat' dir='ltr'><strong>suisque</strong></span> <span class='ocrx_word' id='word_1_300' title='bbox 1255 2453 1434 2492; x_wconf 87' lang='lat' dir='ltr'><strong>parentem</strong></span> <span class='ocrx_word' id='word_1_301' title='bbox 1458 2448 1603 2482; x_wconf 79' lang='lat' dir='ltr'><strong>manda-</strong></span> 
     </span>
     <span class='ocr_line' id='line_1_36' title="bbox 118 2490 1604 2538; baseline 0.002 -12"><span class='ocrx_word' id='word_1_302' title='bbox 118 2491 181 2526; x_wconf 83' lang='lat' dir='ltr'><strong>tis.</strong></span> <span class='ocrx_word' id='word_1_303' title='bbox 229 2490 307 2526; x_wconf 86' lang='lat' dir='ltr'><strong>eius</strong></span> <span class='ocrx_word' id='word_1_304' title='bbox 333 2490 481 2526; x_wconf 87' lang='lat' dir='ltr'><strong>consilio</strong></span> <span class='ocrx_word' id='word_1_305' title='bbox 515 2491 718 2538; x_wconf 83' lang='lat' dir='ltr'><strong>patriarcha</strong></span> <span class='ocrx_word' id='word_1_306' title='bbox 744 2490 875 2538; x_wconf 84' lang='lat' dir='ltr'><strong>palatio</strong></span> <span class='ocrx_word' id='word_1_307' title='bbox 897 2492 1054 2538; x_wconf 82' lang='lat' dir='ltr'><strong>pellitur.</strong></span> <span class='ocrx_word' id='word_1_308' title='bbox 1101 2492 1269 2537; x_wconf 83' lang='lat' dir='ltr'><strong>magister</strong></span> <span class='ocrx_word' id='word_1_309' title='bbox 1293 2493 1444 2529; x_wconf 88' lang='lat' dir='ltr'><strong>Ioannes</strong></span> <span class='ocrx_word' id='word_1_310' title='bbox 1470 2494 1604 2529; x_wconf 83' lang='lat' dir='ltr'><strong>Eladas</strong></span> 
     </span>
     <span class='ocr_line' id='line_1_37' title="bbox 118 2537 1604 2585; baseline 0.002 -13"><span class='ocrx_word' id='word_1_311' title='bbox 118 2537 212 2572; x_wconf 85' lang='lat' dir='ltr'><strong>ultro</strong></span> <span class='ocrx_word' id='word_1_312' title='bbox 234 2537 320 2573; x_wconf 87' lang='lat' dir='ltr'><strong>inde</strong></span> <span class='ocrx_word' id='word_1_313' title='bbox 342 2537 495 2573; x_wconf 83' lang='lat' dir='ltr'><strong>discedit</strong></span> <span class='ocrx_word' id='word_1_314' title='bbox 517 2539 563 2573; x_wconf 91' lang='lat' dir='ltr'>ob</span> <span class='ocrx_word' id='word_1_315' title='bbox 589 2539 758 2583; x_wconf 89' lang='lat' dir='ltr'><strong>morbum,</strong></span> <span class='ocrx_word' id='word_1_316' title='bbox 785 2549 855 2583; x_wconf 91' lang='lat' dir='ltr'>quo</span> <span class='ocrx_word' id='word_1_317' title='bbox 879 2544 915 2573; x_wconf 91' lang='lat' dir='ltr'><strong>et</strong></span> <span class='ocrx_word' id='word_1_318' title='bbox 939 2539 1060 2585; x_wconf 85' lang='lat' dir='ltr'><strong>periit.</strong></span> <span class='ocrx_word' id='word_1_319' title='bbox 1109 2544 1147 2573; x_wconf 86' lang='lat' dir='ltr'>at</span> <span class='ocrx_word' id='word_1_320' title='bbox 1173 2539 1425 2575; x_wconf 75' lang='lat' dir='ltr'><strong>Constantinus</strong></span> <span class='ocrx_word' id='word_1_321' title='bbox 1458 2541 1604 2576; x_wconf 86' lang='lat' dir='ltr'><strong>cubicu-</strong></span> 
     </span>
     <span class='ocr_line' id='line_1_38' title="bbox 117 2583 1603 2633; baseline 0.003 -15"><span class='ocrx_word' id='word_1_322' title='bbox 117 2583 227 2618; x_wconf 82' lang='lat' dir='ltr'><strong>larius</strong></span> <span class='ocrx_word' id='word_1_323' title='bbox 250 2583 305 2619; x_wconf 84' lang='lat' dir='ltr'>uti</span> <span class='ocrx_word' id='word_1_324' title='bbox 327 2583 422 2619; x_wconf 82' lang='lat' dir='ltr'><strong>solus</strong></span> <span class='ocrx_word' id='word_1_325' title='bbox 445 2585 563 2621; x_wconf 79' lang='lat' dir='ltr'><strong>omnia</strong></span> <span class='ocrx_word' id='word_1_326' title='bbox 586 2584 727 2631; x_wconf 88' lang='lat' dir='ltr'><strong>imperii</strong></span> <span class='ocrx_word' id='word_1_327' title='bbox 751 2585 951 2629; x_wconf 84' lang='lat' dir='ltr'><strong>gubernare</strong></span> <span class='ocrx_word' id='word_1_328' title='bbox 982 2589 1105 2632; x_wconf 83' lang='lat' dir='ltr'><strong>posset</strong></span> <span class='ocrx_word' id='word_1_329' title='bbox 1137 2597 1252 2631; x_wconf 86' lang='lat' dir='ltr'><strong>neque</strong></span> <span class='ocrx_word' id='word_1_330' title='bbox 1283 2598 1304 2622; x_wconf 89' lang='lat' dir='ltr'><strong>a</strong></span> <span class='ocrx_word' id='word_1_331' title='bbox 1330 2598 1502 2633; x_wconf 84' lang='lat' dir='ltr'><strong>quoquam</strong></span> <span class='ocrx_word' id='word_1_332' title='bbox 1534 2587 1603 2622; x_wconf 86' lang='lat' dir='ltr'><strong>im-</strong></span> 
     </span>
     <span class='ocr_line' id='line_1_39' title="bbox 117 2629 1601 2680; baseline 0.003 -17"><span class='ocrx_word' id='word_1_333' title='bbox 117 2629 322 2676; x_wconf 82' lang='lat' dir='ltr'><strong>pediretur,</strong></span> <span class='ocrx_word' id='word_1_334' title='bbox 357 2630 556 2666; x_wconf 68' lang='lat' dir='ltr'><strong>sodalitatis</strong></span> <span class='ocrx_word' id='word_1_335' title='bbox 588 2631 803 2679; x_wconf 76' lang='lat' dir='ltr'><strong>praefectum</strong></span> <span class='ocrx_word' id='word_1_336' title='bbox 835 2632 929 2678; x_wconf 84' lang='lat' dir='ltr'><strong>apud</strong></span> <span class='ocrx_word' id='word_1_337' title='bbox 958 2632 1151 2678; x_wconf 84' lang='lat' dir='ltr'><strong>Augustam</strong></span> <span class='ocrx_word' id='word_1_338' title='bbox 1182 2633 1408 2679; x_wconf 84' lang='lat' dir='ltr'><strong>criminatur,</strong></span> <span class='ocrx_word' id='word_1_339' title='bbox 1443 2634 1545 2680; x_wconf 87' lang='lat' dir='ltr'><strong>quasi</strong></span> <span class='ocrx_word' id='word_1_340' title='bbox 1568 2634 1601 2668; x_wconf 85' lang='lat' dir='ltr'>is</span> 
     </span>
     <span class='ocr_line' id='line_1_40' title="bbox 118 2675 1602 2726; baseline 0.003 -16"><span class='ocrx_word' id='word_1_341' title='bbox 118 2675 225 2711; x_wconf 78' lang='lat' dir='ltr'><strong>fratri</strong></span> <span class='ocrx_word' id='word_1_342' title='bbox 253 2687 318 2711; x_wconf 84' lang='lat' dir='ltr'>suo</span> <span class='ocrx_word' id='word_1_343' title='bbox 352 2676 539 2723; x_wconf 86' lang='lat' dir='ltr'><strong>imperium</strong></span> <span class='ocrx_word' id='word_1_344' title='bbox 573 2678 756 2713; x_wconf 84' lang='lat' dir='ltr'><strong>vindicare</strong></span> <span class='ocrx_word' id='word_1_345' title='bbox 793 2684 993 2714; x_wconf 85' lang='lat' dir='ltr'><strong>conaretur.</strong></span> <span class='ocrx_word' id='word_1_346' title='bbox 1041 2679 1135 2724; x_wconf 88' lang='lat' dir='ltr'><strong>quod</strong></span> <span class='ocrx_word' id='word_1_347' title='bbox 1168 2690 1212 2714; x_wconf 84' lang='lat' dir='ltr'><strong>ea</strong></span> <span class='ocrx_word' id='word_1_348' title='bbox 1241 2678 1294 2715; x_wconf 84' lang='lat' dir='ltr'>ita</span> <span class='ocrx_word' id='word_1_349' title='bbox 1326 2692 1405 2715; x_wconf 86' lang='lat' dir='ltr'><strong>esse</strong></span> <span class='ocrx_word' id='word_1_350' title='bbox 1439 2682 1602 2726; x_wconf 84' lang='lat' dir='ltr'><strong>credens,</strong></span> 
     </span>
    </p>

    <p class='ocr_par' dir='ltr' id='par_1_6' title="bbox 118 2721 1600 2960">
     <span class='ocr_line' id='line_1_41' title="bbox 146 2721 1600 2771; baseline 0.003 -14"><span class='ocrx_word' id='word_1_351' title='bbox 146 2721 310 2758; x_wconf 63' lang='lat' dir='ltr'><strong>ati-icium</strong></span> <span class='ocrx_word' id='word_1_352' title='bbox 332 2734 411 2759; x_wconf 85' lang='lat' dir='ltr'>eum</span> <span class='ocrx_word' id='word_1_353' title='bbox 431 2730 550 2760; x_wconf 84' lang='lat' dir='ltr'><strong>creat:</strong></span> <span class='ocrx_word' id='word_1_354' title='bbox 586 2737 628 2760; x_wconf 90' lang='lat' dir='ltr'>ac</span> <span class='ocrx_word' id='word_1_355' title='bbox 651 2725 696 2759; x_wconf 86' lang='lat' dir='ltr'><strong>de</strong></span> <span class='ocrx_word' id='word_1_356' title='bbox 722 2735 818 2758; x_wconf 82' lang='lat' dir='ltr'><strong>more</strong></span> <span class='ocrx_word' id='word_1_357' title='bbox 842 2730 1021 2771; x_wconf 88' lang='lat' dir='ltr'><strong>precatum</strong></span> <span class='ocrx_word' id='word_1_358' title='bbox 1045 2725 1314 2761; x_wconf 84' lang='lat' dir='ltr'>descendentem</span> <span class='ocrx_word' id='word_1_359' title='bbox 1339 2726 1432 2762; x_wconf 87' lang='lat' dir='ltr'><strong>domi</strong></span> <span class='ocrx_word' id='word_1_360' title='bbox 1457 2739 1600 2762; x_wconf 82' lang='lat' dir='ltr'><strong>manere</strong></span> 
     </span>
     <span class='ocr_line' id='line_1_42' title="bbox 118 2769 1598 2818; baseline 0.004 -15"><span class='ocrx_word' id='word_1_361' title='bbox 118 2770 233 2804; x_wconf 71' lang='lat' dir='ltr'><strong>nubet.</strong></span> <span class='ocrx_word' id='word_1_362' title='bbox 279 2769 461 2806; x_wconf 82' lang='lat' dir='ltr'><strong>sodalitati</strong></span> <span class='ocrx_word' id='word_1_363' title='bbox 483 2771 648 2818; x_wconf 84' lang='lat' dir='ltr'><strong>praeficit</strong></span> <span class='ocrx_word' id='word_1_364' title='bbox 673 2771 841 2807; x_wconf 86' lang='lat' dir='ltr'><strong>Ioannem</strong></span> <span class='ocrx_word' id='word_1_365' title='bbox 865 2771 1033 2807; x_wconf 73' lang='lat' dir='ltr'><strong>Garidam</strong></span> <span class='ocrx_word' id='word_1_366' title='bbox 1048 2797 1059 2818; x_wconf 90' lang='lat'>,</span> <span class='ocrx_word' id='word_1_367' title='bbox 1095 2783 1138 2807; x_wconf 89' lang='lat' dir='ltr'>ac</span> <span class='ocrx_word' id='word_1_368' title='bbox 1165 2772 1371 2809; x_wconf 82' lang='lat' dir='ltr'><strong>Damianum</strong></span> <span class='ocrx_word' id='word_1_369' title='bbox 1403 2774 1598 2810; x_wconf 88' lang='lat' dir='ltr'><strong>eunuchum</strong></span> 
     </span>
     <span class='ocr_line' id='line_1_43' title="bbox 118 2814 636 2862; baseline 0.006 -11"><span class='ocrx_word' id='word_1_370' title='bbox 118 2814 346 2860; x_wconf 81' lang='lat' dir='ltr'><strong>drungarium</strong></span> <span class='ocrx_word' id='word_1_371' title='bbox 368 2816 515 2862; x_wconf 82' lang='lat' dir='ltr'><strong>vigiliae</strong></span> <span class='ocrx_word' id='word_1_372' title='bbox 535 2818 636 2854; x_wconf 80' lang='lat' dir='ltr'><strong>facit.</strong></span> 
     </span>
     <span class='ocr_line' id='line_1_44' title="bbox 213 2861 1598 2911; baseline 0.005 -16"><span class='ocrx_word' id='word_1_373' title='bbox 213 2861 379 2897; x_wconf 81' lang='lat' dir='ltr'><strong>Ceterum</strong></span> <span class='ocrx_word' id='word_1_374' title='bbox 411 2864 576 2900; x_wconf 85' lang='lat' dir='ltr'><strong>Simeone</strong></span> <span class='ocrx_word' id='word_1_375' title='bbox 610 2863 798 2899; x_wconf 83' lang='lat' dir='ltr'><strong>Thraciam</strong></span> <span class='ocrx_word' id='word_1_376' title='bbox 837 2864 1051 2911; x_wconf 87' lang='lat' dir='ltr'><strong>populante,</strong></span> <span class='ocrx_word' id='word_1_377' title='bbox 1089 2863 1248 2911; x_wconf 80' lang='lat' dir='ltr'><strong>Augusta</strong></span> <span class='ocrx_word' id='word_1_378' title='bbox 1281 2877 1357 2901; x_wconf 90' lang='lat' dir='ltr'><strong>cum</strong></span> <span class='ocrx_word' id='word_1_379' title='bbox 1389 2866 1598 2911; x_wconf 83' lang='lat' dir='ltr'><strong>proceribus</strong></span> 
     </span>
     <span class='ocr_line' id='line_1_45' title="bbox 121 2907 1599 2960; baseline 0.004 -17"><span class='ocrx_word' id='word_1_380' title='bbox 121 2907 297 2945; x_wconf 83' lang='lat' dir='ltr'><strong>consultat</strong></span> <span class='ocrx_word' id='word_1_381' title='bbox 317 2920 388 2956; x_wconf 87' lang='lat' dir='ltr'>quo</span> <span class='ocrx_word' id='word_1_382' title='bbox 411 2917 516 2959; x_wconf 88' lang='lat' dir='ltr'><strong>pacto</strong></span> <span class='ocrx_word' id='word_1_383' title='bbox 539 2912 617 2949; x_wconf 82' lang='lat' dir='ltr'><strong>cius</strong></span> <span class='ocrx_word' id='word_1_384' title='bbox 642 2911 892 2959; x_wconf 79' lang='lat' dir='ltr'><strong>impressiones</strong></span> <span class='ocrx_word' id='word_1_385' title='bbox 925 2918 1178 2960; x_wconf 84' lang='lat' dir='ltr'><strong>compesceret.</strong></span> <span class='ocrx_word' id='word_1_386' title='bbox 1225 2911 1278 2949; x_wconf 86' lang='lat' dir='ltr'>ibi</span> <span class='ocrx_word' id='word_1_387' title='bbox 1307 2914 1458 2949; x_wconf 86' lang='lat' dir='ltr'><strong>Ioannes</strong></span> <span class='ocrx_word' id='word_1_388' title='bbox 1480 2914 1599 2960; x_wconf 72' lang='lat' dir='ltr'><strong>Bogus</strong></span> 
     </span>
    </p>
   </div>
  </div>
 </body>
</html>
