1890 3236
303 175 405 223 206
781 173 1023 220 GEORGII
1049 173 1294 220 -REM

301 290 349 333 δὲ
367 287 486 346 τρίτῳ
514 283 590 330 ἴτει
613 290 686 342 τῆς
705 287 929 343 μοναρχίας
950 285 1181 344 ἀναγορεύει
1201 288 1268 331 καὶ
1287 287 1547 348 Ἀλέξανδρον
1563 289 1637 336 τῧν
1654 289 1758 341 υἷῦν.

301 358 371 402 τὸν
390 357 434 399 δὲ
453 354 643 411 νεώτερον
663 353 823 397 πάντων
842 355 1050 413 Στέφανον
1070 357 1177 414 ἷεροῖ
1189 358 1256 399 καὶ
1274 361 1325 415 τῇ
1341 362 1414 401 τοῦ
1430 362 1534 401 θεοῦ
1548 361 1757 418 καταλέγει

299 424 500 483 ἐκκλησία.
568 424 649 465 ἐπεὶ
679 424 724 466 δὲ
756 425 823 466 καὶ
855 423 1047 483 τέσσαρες
1077 420 1181 481 ἦσαν
1209 425 1321 483 αὐτῷ
1351 427 1595 485 θυγατέρες,
1635 428 1678 471 ἔν
1697 433 1758 488 τῷ

297 493 398 551 θείῳ
434 491 600 551 σεμνείῳ
626 495 701 548 τῆς
727 491 994 550 πανευφήμου
1019 491 1228 553 μάρτυρος
1257 494 1478 553 Εὗφημίας
1509 497 1578 540 καὶ
1605 493 1757 549 ταύτας

298 564 499 618 καθιεροῖ.
1715 583 1738 601 ,,
1765 573 1789 610 5

441 648 560 695 Οὕτω
581 648 627 692 δ’
650 647 706 701 ὥς
725 648 852 694 ἐδόκει
877 646 921 695 εὖ
939 653 1097 703 διαθεὶς
1116 651 1168 696 τὰ
1187 653 1312 696 οῗκεῖα
1321 685 1335 706 ,
1370 655 1440 697 καὶ
1462 652 1565 698 κατὰ
1585 658 1665 706 τῶν
1678 653 1759 706 ’ἂν-
1777 677 1779 680 ·

298 719 594 774 τιτασσομένων
618 724 668 776 τῇ
698 717 901 781 Ῥωμανῖᾳ
927 720 1115 764 ἔσπευσεν
1139 723 1438 779 ἐκστρατεῦσαι.
1503 725 1570 766 καὶ
1591 722 1643 779 δὴ
1663 719 1760 776 τοὺς

299 787 611 845 στρατιωτικοὺς
629 787 878 845 καταλόγους
897 790 1197 841 ἓλαττωθέντας
1214 791 1326 848 παρὰ
1344 796 1416 834 τοῦ
1432 790 1572 850 πρῴην
1587 795 1759 848 βεβασιὲ

152 861 184 896 Ρ
208 861 276 898 570
299 855 487 907 λευκότος
506 856 684 912 Μιχαὴλ
705 858 748 899 ἐκ
770 863 844 900 τοῦ
861 860 1100 914 διακοπῆναι
1126 859 1200 909 τὰς
1228 858 1351 916 ρόγας
1379 860 1512 904 αὐτῶν
1532 862 1600 904 καὶ
1620 861 1671 904 τὰ
1693 864 1758 905 σι’-

296 926 477 983 τηρέσια,
500 925 568 967 διὰ
590 926 687 968 νέων
706 930 903 983 συλλογῆς
923 926 1309 985 ἀναπληρώσαςτὰς
1326 928 1537 986 φάλαγγας
1556 929 1661 972 κατὰ
1677 934 1758 974 τῶν
1768 938 1813 974 10

297 993 523 1052 βαρβάρων
541 985 776 1050 ἐστράτευσε
786 1027 799 1047 ,
834 997 901 1038 καὶ
924 995 1119 1053 πρότερον
1137 997 1211 1051 μὲν
1229 997 1333 1040 κατὰ
1353 1002 1425 1053 τῆς
1445 1002 1683 1056 Τεφρικῆς,
1707 992 1758 1055 ἧς

297 1060 320 1106 ὅ
341 1061 573 1120 Χρυσόχειρ
601 1061 757 1119 ἡγεῖτο,
798 1063 863 1106 ἐπ’
889 1064 1035 1125 ἀνδρίᾳ
1054 1066 1121 1107 καὶ
1143 1066 1295 1109 συνέσει
1317 1067 1520 1126 διαφέρειν
1539 1067 1669 1110 δοκῶν
1688 1070 1756 1110 καὶ

297 1130 462 1189 σφόδρα
491 1131 543 1174 τὰ
566 1129 776 1186 Ῥωμαίων
805 1134 1062 1191 κατατρέχων
1092 1135 1159 1176 καὶ
1178 1132 1422 1189 ληϊζόμενος.
1488 1134 1755 1179 κατᾶτοῦτου

297 1202 364 1242 καὶ
394 1205 468 1255 τῆς
491 1198 643 1250 πόλεως
668 1200 921 1257 ἓκστρατεύει
947 1199 968 1244 ὅ
995 1201 1200 1256 βασιλεύς.
1265 1208 1338 1247 τοῦ
1361 1204 1406 1246 δὲ
1428 1203 1486 1259 μὴ
1508 1201 1757 1255 ὖποστάντος

295 1268 370 1324 τὴν
390 1269 590 1312 ἕπε’λευσιν
612 1270 704 1311 ἀλλ’
731 1270 824 1313 εἴσω
856 1274 996 1325 τειχῶν
1021 1271 1255 1327 γενομένου,
1299 1271 1570 1330 καταδραμὼν
1587 1271 1660 1327 τὴν
1678 1270 1752 1316 ὕπ’
1766 1279 1809 1315 15

295 1337 420 1380 αὐτὸν
446 1337 610 1380 ἅπασαν
628 1336 770 1395 χώραν
793 1336 814 1380 ὃ
832 1339 1025 1394 βασιλεὺς
1043 1342 1111 1383 καὶ
1130 1337 1391 1395 ληϊσάμενος,
1425 1342 1493 1383 καὶ
1519 1339 1622 1398 πρὸς
1645 1340 1756 1398 αὗτῷ

293 1410 351 1463 τῷ
372 1407 489 1461 τείχει
513 1410 585 1461 τῆς
608 1410 814 1464 Τεφρικῆς
841 1408 958 1451 ἔθετο
989 1408 1063 1464 τὴν
1092 1407 1366 1466 παρεμβολήν,
1400 1409 1470 1452 διὰ
1495 1409 1756 1468 προσεδρείας

292 1479 453 1532 μακρᾶς
487 1472 588 1517 ἑλεῖν
619 1476 665 1518 τὸ
698 1475 828 1532 ἔρυμα
859 1478 1028 1532 οἰηθείς.
1104 1478 1187 1520 ἐπεὶ
1223 1478 1267 1520 δὲ
1302 1475 1516 1533 κατενόησε
1551 1476 1755 1520 πάντοθεν

240 1554 270 1589 Β
294 1544 636 1600 κατωχυρωμένον
673 1542 794 1597 αὐτό,
851 1547 917 1588 καὶ
950 1545 1182 1588 ἀνέλπιστον
1211 1540 1262 1601 ἦν
1297 1544 1511 1600 ἆλωθῆναι
1542 1546 1755 1606 πολιορκίᾳ

293 1611 393 1667 (ἤδη
411 1612 489 1669 γὰρ
510 1614 577 1655 καὶ
597 1611 728 1655 πάντα
747 1613 798 1656 τὰ
822 1614 864 1656 ἕν
884 1618 934 1671 τῇ
952 1612 1072 1673 χώρᾳ
1094 1614 1292 1670 ἆναγκαΐα
1311 1613 1576 1670 κατεδήδοτο)
1586 1646 1599 1666 ,
1637 1612 1810 1658 ἔλυσε20

291 1681 367 1736 τὴν
386 1682 633 1739 πολιορκίαν,
653 1681 704 1725 τὰ
721 1680 991 1738 πλησιάζοντα
1009 1687 1060 1742 τῇ
1076 1687 1261 1742 Τεφρικῇ
1283 1682 1460 1742 φρούρια
1480 1680 1753 1742 ἐκπορθήσας,

383 1822 408 1857 4
429 1821 522 1866 θείῳ
549 1833 604 1857 om
627 1822 658 1857 C
783 1825 805 1859 8
824 1817 1053 1868 καταλόγους
1073 1821 1177 1868 παρὰ
1199 1823 1269 1859 τοῦ
1291 1821 1424 1869 μιχαήλ
1445 1821 1753 1880 καταφρονηθέν-

383 1879 451 1907 τας
488 1866 551 1902 καὶ
588 1866 866 1910 ἐλαττωθέντας
901 1870 945 1903 C.
992 1870 1114 1915 utique
1151 1871 1346 1906 addendum
1385 1870 1511 1917 λαβών
1549 1882 1580 1905 s.
1621 1867 1753 1913 ευριιίν.

384 1914 407 1948 9
431 1911 661 1957 ἐκκοπῆναιῖ
797 1918 843 1951 10
864 1913 959 1950 νέων
981 1915 1175 1960 πληρώσας
1198 1918 1228 1951 C
1385 1919 1427 1952 11
1451 1912 1609 1964 Ἀράβων
1630 1918 1752 1960 χωρεῖ.

386 1958 450 1993 καὶ
472 1960 602 2003 πρῶτα
627 1960 658 1994 C
812 1962 858 1998 13
878 1962 999 1997 ταῦτα
1021 1961 1052 1996 C
1190 1963 1234 1999 19
1255 1955 1305 2008 ἦν
1328 1974 1383 1998 om
1407 1962 1438 1998 C
1574 1963 1619 1999 21
1644 1959 1754 1998 ἔκπο-

383 2004 580 2050 λιορκήσας
601 2006 632 2042 C

295 2129 560 2164 Constantinum
585 2142 628 2166 ac
649 2130 824 2176 Leonem,
858 2142 900 2167 ac
931 2131 1036 2166 tertio
1060 2131 1115 2166 sui
1135 2131 1274 2178 imperii
1297 2143 1387 2167 anno
1408 2130 1641 2167 Alexandrum
1663 2141 1753 2176 quo-

294 2187 376 2220 que,
412 2175 502 2211 lilios
522 2188 617 2222 suos,
653 2177 848 2213 diademate
872 2177 1039 2223 insignit:
1075 2182 1158 2213 natu
1180 2178 1345 2213 minorem
1366 2178 1432 2214 reli
1459 2178 1513 2213 uis
1539 2177 1752 2223 Stephanum

295 2221 607 2258 ecclesiasticorum
639 2224 785 2269 collegio
821 2224 1002 2259 adscribit.
1048 2229 1085 2259 et
1112 2229 1277 2271 quattuor
1306 2235 1387 2260 suas
1418 2225 1509 2259 fi'as
1542 2223 1753 2259 monasterio

293 2272 434 2303 sanctae
457 2269 674 2314 Euphemiae
697 2270 863 2315 martyris
889 2275 1082 2305 consecrat.

383 2337 438 2371 Ad
472 2337 564 2373 hunc
595 2339 731 2373 modum
763 2340 868 2374 rebus
901 2339 1102 2375 domesticis
1127 2338 1233 2383 satis,
1271 2342 1311 2374 ut
1331 2338 1538 2384 videbatur,
1575 2337 1752 2374 commode

292 2383 504 2428 constitutis,
530 2385 784 2430 expeditionem
810 2386 913 2420 etiam
938 2386 975 2420 in
1002 2386 1149 2421 Romani
1170 2384 1308 2430 imperii
1331 2385 1450 2419 hostes
1474 2384 1654 2431 suscipere
1676 2389 1751 2419 sta-

290 2428 371 2462 tuit.
420 2441 566 2474 cumque
599 2431 878 2477 deprehenderet
912 2444 1088 2466 numerum
1120 2432 1264 2466 militum
1287 2442 1308 2465 a
1330 2430 1502 2465 Michaelo
1525 2430 1751 2473 imminutum,

291 2474 385 2518 quod
408 2474 438 2508 is
462 2476 638 2521 stipendia
662 2477 867 2521 accidisset,
900 2479 1060 2513 cohortes
1083 2478 1256 2513 tironibus
1280 2477 1414 2512 allectis
1436 2475 1615 2523 implevit,
1645 2481 1682 2510 et
1714 2475 1751 2509 in

290 2519 460 2554 barbaros
483 2521 595 2560 duxit.
643 2523 756 2568 prima
778 2524 956 2569 expeditio
980 2525 1023 2559 ad
1048 2525 1258 2569 Tephricam
1280 2525 1400 2558 urbem
1422 2522 1513 2567 fuit,
1551 2522 1609 2557 cui
1631 2521 1750 2566 Chry-

291 2565 409 2599 sochir
431 2573 613 2611 praeerat,
648 2570 749 2604 homo
783 2569 943 2605 laudatae
973 2570 1189 2605 fortitudinis
1213 2576 1318 2616 atque
1341 2567 1561 2613 calliditatis,
1595 2567 1656 2613 qui
1677 2577 1751 2602 rem

289 2611 479 2646 Romanam
504 2614 637 2648 crebris
660 2616 814 2650 vexabat
837 2617 1125 2661 grassationibus.
1171 2616 1202 2650 is
1227 2627 1301 2650 cum
1324 2615 1499 2649 Romanos
1522 2613 1750 2648 adventantes

290 2669 359 2691 non
384 2659 610 2703 subsisteret,
634 2662 695 2696 sed
719 2662 825 2696 muris
849 2662 984 2697 clausus
1006 2675 1046 2698 se
1069 2663 1283 2706 contineret,
1310 2660 1460 2696 Basilius
1484 2671 1615 2694 omnem
1639 2659 1751 2705 ipsius

290 2703 464 2738 dicionem
487 2706 670 2750 populatus
696 2707 908 2752 Tephricam
933 2709 1090 2752 obsedit,
1125 2709 1287 2743 diuturna
1311 2707 1491 2741 obsidione
1519 2717 1560 2740 se
1589 2716 1633 2740 ea
1654 2704 1749 2751 poti-

290 2754 404 2785 turum
429 2751 589 2795 opinans.
636 2753 698 2787 sed
721 2759 760 2788 ut
783 2766 857 2788 eam
881 2755 993 2790 sensit
1016 2755 1168 2800 undique
1191 2753 1447 2796 communitam,
1481 2756 1518 2786 et
1547 2763 1629 2797 spes
1653 2750 1748 2785 obsi-

291 2795 396 2830 dione
419 2797 579 2842 potiundi
603 2799 768 2844 evanuit‚
803 2800 958 2835 omnibus
988 2801 1159 2836 alimentis
1191 2810 1280 2845 quae
1310 2799 1346 2833 in
1379 2810 1421 2833 ea
1442 2798 1582 2832 fuerant
1604 2797 1748 2842 regione

290 2842 361 2878 iam
389 2843 600 2890 absumptis,
638 2844 775 2881 obsidio
800 2846 915 2882 soluto
941 2846 1058 2883 vicina
1080 2846 1281 2895 Tephricae
1299 2844 1442 2882 castella
1463 2844 1502 2880 vi
1524 2843 1748 2891 expugnavit,
