<?xml version="1.0" encoding="UTF-8"?>
<!DOCTYPE html PUBLIC "-//W3C//DTD XHTML 1.0 Transitional//EN"
    "http://www.w3.org/TR/xhtml1/DTD/xhtml1-transitional.dtd">
<html xmlns="http://www.w3.org/1999/xhtml" xml:lang="en" lang="en">
 <head>
  <title>
</title>
<meta http-equiv="Content-Type" content="text/html;charset=utf-8" />
  <meta name='ocr-system' content='tesseract 3.04.00' />
  <meta name='ocr-capabilities' content='ocr_page ocr_carea ocr_par ocr_line ocrx_word'/>
</head>
<body>
  <div class='ocr_page' id='page_1' title='image "./corpusscriptorum14niebuoft/corpusscriptorum14niebuoft_0552.png"; bbox 0 0 1916 3210; ppageno 0'>
   <div class='ocr_carea' id='block_1_1' title="bbox 294 167 1267 248">
    <p class='ocr_par' dir='ltr' id='par_1_1' title="bbox 294 167 1267 248">
     <span class='ocr_line' id='line_1_1' title="bbox 294 167 1267 248; baseline -0.005 0"><span class='ocrx_word' id='word_1_1' title='bbox 294 197 390 248; x_wconf 77' lang='lat'><strong><em>542</em></strong></span> <span class='ocrx_word' id='word_1_2' title='bbox 761 167 1008 244; x_wconf 44' lang='lat' dir='ltr'><strong>GEoRGn‘</strong></span> <span class='ocrx_word' id='word_1_3' title='bbox 1026 197 1267 244; x_wconf 70' lang='lat' dir='ltr'><strong>emmam</strong></span> 
     </span>
    </p>
   </div>
   <div class='ocr_carea' id='block_1_2' title="bbox 166 307 1811 1866">
    <p class='ocr_par' dir='ltr' id='par_1_2' title="bbox 293 307 1805 778">
     <span class='ocr_line' id='line_1_2' title="bbox 295 307 1734 374; baseline -0.001 -16"><span class='ocrx_word' id='word_1_4' title='bbox 295 310 523 374; x_wconf 83' lang='grc' dir='ltr'><strong><em>φαρμάκοις</em></strong></span> <span class='ocrx_word' id='word_1_5' title='bbox 541 307 669 367; x_wconf 74' lang='grc' dir='ltr'><strong><em>ἐξάγει</em></strong></span> <span class='ocrx_word' id='word_1_6' title='bbox 690 314 764 355; x_wconf 79' lang='grc' dir='ltr'><strong><em>τοῦ</em></strong></span> <span class='ocrx_word' id='word_1_7' title='bbox 778 311 894 366; x_wconf 87' lang='grc' dir='ltr'><strong><em>βίου,</em></strong></span> <span class='ocrx_word' id='word_1_8' title='bbox 927 309 1000 355; x_wconf 81' lang='grc' dir='ltr'><strong><em>οὗκ</em></strong></span> <span class='ocrx_word' id='word_1_9' title='bbox 1019 310 1153 367; x_wconf 67' lang='grc' dir='ltr'><strong><em>ἐπειδὴ</em></strong></span> <span class='ocrx_word' id='word_1_10' title='bbox 1173 307 1431 369; x_wconf 81' lang='grc' dir='ltr'><strong><em>ἂποστόργως</em></strong></span> <span class='ocrx_word' id='word_1_11' title='bbox 1445 309 1523 368; x_wconf 73' lang='grc' dir='ltr'><strong><em>εἶχε</em></strong></span> <span class='ocrx_word' id='word_1_12' title='bbox 1537 311 1640 372; x_wconf 72' lang='grc' dir='ltr'><strong><em>πρὸς</em></strong></span> <span class='ocrx_word' id='word_1_13' title='bbox 1656 310 1734 356; x_wconf 76' lang='grc' dir='ltr'><strong><em>αὗ·-</em></strong></span> 
     </span>
     <span class='ocr_line' id='line_1_3' title="bbox 293 376 1736 437; baseline -0.003 -10"><span class='ocrx_word' id='word_1_14' title='bbox 293 383 383 435; x_wconf 90' lang='grc' dir='ltr'><strong><em>τόν,</em></strong></span> <span class='ocrx_word' id='word_1_15' title='bbox 417 380 510 424; x_wconf 74' lang='grc' dir='ltr'><strong><em>ἀλλ’</em></strong></span> <span class='ocrx_word' id='word_1_16' title='bbox 530 378 664 434; x_wconf 78' lang='grc' dir='ltr'><strong><em>ἐπειδὴ</em></strong></span> <span class='ocrx_word' id='word_1_17' title='bbox 684 377 820 434; x_wconf 60' lang='grc' dir='ltr'><strong><em>Ξζιιελλε</em></strong></span> <span class='ocrx_word' id='word_1_18' title='bbox 841 376 985 423; x_wconf 75' lang='grc' dir='ltr'><strong><em>τούτου</em></strong></span> <span class='ocrx_word' id='word_1_19' title='bbox 1003 378 1059 424; x_wconf 74' lang='grc' dir='ltr'><strong><em>ἕτι</em></strong></span> <span class='ocrx_word' id='word_1_20' title='bbox 1078 381 1185 432; x_wconf 83' lang='grc' dir='ltr'><strong><em>ζῶσα</em></strong></span> <span class='ocrx_word' id='word_1_21' title='bbox 1205 380 1498 437; x_wconf 71' lang='grc' dir='ltr'><strong><em>στερίσκεσθαι.</em></strong></span> <span class='ocrx_word' id='word_1_22' title='bbox 1540 407 1543 410; x_wconf 87' lang='lat'><em>-</em></span> <span class='ocrx_word' id='word_1_23' title='bbox 1564 383 1630 424; x_wconf 74' lang='grc' dir='ltr'><strong><em>καὶ</em></strong></span> <span class='ocrx_word' id='word_1_24' title='bbox 1642 384 1736 424; x_wconf 78' lang='grc' dir='ltr'><strong><em>λοι-</em></strong></span> 
     </span>
     <span class='ocr_line' id='line_1_4' title="bbox 293 444 1740 504; baseline -0.001 -11"><span class='ocrx_word' id='word_1_25' title='bbox 293 452 368 493; x_wconf 86' lang='grc' dir='ltr'><strong><em>πὸν</em></strong></span> <span class='ocrx_word' id='word_1_26' title='bbox 397 445 656 502; x_wconf 82' lang='grc' dir='ltr'><strong><em>ἀστοχήσασα</em></strong></span> <span class='ocrx_word' id='word_1_27' title='bbox 684 444 711 501; x_wconf 81' lang='grc' dir='ltr'><strong><em>ἦ</em></strong></span> <span class='ocrx_word' id='word_1_28' title='bbox 742 450 903 501; x_wconf 79' lang='grc' dir='ltr'><strong><em>βασιλὶς</em></strong></span> <span class='ocrx_word' id='word_1_29' title='bbox 934 451 1008 491; x_wconf 78' lang='grc' dir='ltr'><strong><em>τοῦ</em></strong></span> <span class='ocrx_word' id='word_1_30' title='bbox 1037 452 1214 500; x_wconf 81' lang='grc' dir='ltr'><strong><em>σκοποῦ,</em></strong></span> <span class='ocrx_word' id='word_1_31' title='bbox 1244 447 1538 503; x_wconf 73' lang='grc' dir='ltr'><strong><em>μεταπέμπεται</em></strong></span> <span class='ocrx_word' id='word_1_32' title='bbox 1561 447 1640 492; x_wconf 73' lang='grc' dir='ltr'><strong><em>ἀπὸ</em></strong></span> <span class='ocrx_word' id='word_1_33' title='bbox 1662 447 1740 504; x_wconf 65' lang='grc' dir='ltr'><strong><em>τῆς</em></strong></span> 
     </span>
     <span class='ocr_line' id='line_1_5' title="bbox 294 513 1736 574; baseline -0.002 -13"><span class='ocrx_word' id='word_1_34' title='bbox 294 518 448 574; x_wconf 69' lang='grc' dir='ltr'><strong><em>ἓξορίας</em></strong></span> <span class='ocrx_word' id='word_1_35' title='bbox 472 515 773 558; x_wconf 84' lang='grc' dir='ltr'><strong><em>Κωνσταντΐνον</em></strong></span> <span class='ocrx_word' id='word_1_36' title='bbox 795 515 865 558; x_wconf 85' lang='grc' dir='ltr'><strong><em>τὸν</em></strong></span> <span class='ocrx_word' id='word_1_37' title='bbox 887 513 1162 571; x_wconf 85' lang='grc' dir='ltr'><strong><em>Μονομάχον,</em></strong></span> <span class='ocrx_word' id='word_1_38' title='bbox 1195 515 1308 573; x_wconf 76' lang='grc' dir='ltr'><strong><em>παρὰ</em></strong></span> <span class='ocrx_word' id='word_1_39' title='bbox 1335 520 1407 559; x_wconf 80' lang='grc' dir='ltr'><strong><em>τοῦ</em></strong></span> <span class='ocrx_word' id='word_1_40' title='bbox 1430 513 1736 574; x_wconf 78' lang='grc' dir='ltr'><strong><em>ὀρφανοτρόφου</em></strong></span> 
     </span>
     <span class='ocr_line' id='line_1_6' title="bbox 293 580 1771 642; baseline -0.002 -13"><span class='ocrx_word' id='word_1_41' title='bbox 293 586 368 640; x_wconf 86' lang='grc' dir='ltr'><strong><em>τὴν</em></strong></span> <span class='ocrx_word' id='word_1_42' title='bbox 400 588 521 639; x_wconf 82' lang='grc' dir='ltr'><strong><em>νῆσον</em></strong></span> <span class='ocrx_word' id='word_1_43' title='bbox 549 580 793 638; x_wconf 81' lang='grc' dir='ltr'><strong><em>Μιτυλήνην</em></strong></span> <span class='ocrx_word' id='word_1_44' title='bbox 822 584 1114 642; x_wconf 79' lang='grc' dir='ltr'><strong><em>κατακριθέντα</em></strong></span> <span class='ocrx_word' id='word_1_45' title='bbox 1144 585 1263 627; x_wconf 83' lang='grc' dir='ltr'><strong><em>οῗκεΐν</em></strong></span> <span class='ocrx_word' id='word_1_46' title='bbox 1292 584 1362 627; x_wconf 80' lang='grc' dir='ltr'><strong><em>διὰ</em></strong></span> <span class='ocrx_word' id='word_1_47' title='bbox 1381 582 1427 627; x_wconf 79' lang='grc' dir='ltr'><strong><em>τὸ</em></strong></span> <span class='ocrx_word' id='word_1_48' title='bbox 1449 581 1771 641; x_wconf 72' lang='grc' dir='ltr'><strong><em>παρὰπάντωνὸ</em></strong></span> 
     </span>
     <span class='ocr_line' id='line_1_7' title="bbox 296 648 1805 711; baseline -0.001 -16"><span class='ocrx_word' id='word_1_49' title='bbox 296 654 542 711; x_wconf 83' lang='grc' dir='ltr'><strong><em>φημίζεσθαι</em></strong></span> <span class='ocrx_word' id='word_1_50' title='bbox 561 648 619 707; x_wconf 70' lang='grc' dir='ltr'><strong><em>ὥς</em></strong></span> <span class='ocrx_word' id='word_1_51' title='bbox 634 650 769 706; x_wconf 78' lang='grc' dir='ltr'><strong><em>μέλλει</em></strong></span> <span class='ocrx_word' id='word_1_52' title='bbox 787 656 984 709; x_wconf 82' lang='grc' dir='ltr'><strong><em>κρατῆσαι</em></strong></span> <span class='ocrx_word' id='word_1_53' title='bbox 1002 656 1074 707; x_wconf 81' lang='grc' dir='ltr'><strong><em>τῆς</em></strong></span> <span class='ocrx_word' id='word_1_54' title='bbox 1088 652 1307 707; x_wconf 74' lang='grc' dir='ltr'><strong><em>βασιλείας.</em></strong></span> <span class='ocrx_word' id='word_1_55' title='bbox 1350 656 1491 695; x_wconf 78' lang='grc' dir='ltr'><strong><em>τοῦτον</em></strong></span> <span class='ocrx_word' id='word_1_56' title='bbox 1510 648 1610 710; x_wconf 88' lang='grc' dir='ltr'><strong><em>γάρ,</em></strong></span> <span class='ocrx_word' id='word_1_57' title='bbox 1638 649 1741 707; x_wconf 50' lang='grc' dir='ltr'><strong><em>ὅπη*</em></strong></span> <span class='ocrx_word' id='word_1_58' title='bbox 1802 668 1805 671; x_wconf 88' lang='grc'><strong>’</strong></span> 
     </span>
     <span class='ocr_line' id='line_1_8' title="bbox 296 716 1742 778; baseline -0.002 -14"><span class='ocrx_word' id='word_1_59' title='bbox 296 723 385 769; x_wconf 86' lang='grc' dir='ltr'><strong><em>νίκα</em></strong></span> <span class='ocrx_word' id='word_1_60' title='bbox 404 719 474 763; x_wconf 84' lang='grc' dir='ltr'><strong><em>τὸν</em></strong></span> <span class='ocrx_word' id='word_1_61' title='bbox 493 719 624 776; x_wconf 70' lang='grc' dir='ltr'><strong><em>ἕτερον</em></strong></span> <span class='ocrx_word' id='word_1_62' title='bbox 642 717 870 773; x_wconf 71' lang='grc' dir='ltr'><strong><em>ἐβουλεύετο</em></strong></span> <span class='ocrx_word' id='word_1_63' title='bbox 891 721 1193 764; x_wconf 85' lang='grc' dir='ltr'><strong><em>Κωνσταντῖνον</em></strong></span> <span class='ocrx_word' id='word_1_64' title='bbox 1212 721 1268 771; x_wconf 77' lang='grc' dir='ltr'><strong><em>εἷς</em></strong></span> <span class='ocrx_word' id='word_1_65' title='bbox 1290 719 1360 763; x_wconf 82' lang='grc' dir='ltr'><strong><em>τὸν</em></strong></span> <span class='ocrx_word' id='word_1_66' title='bbox 1375 721 1577 774; x_wconf 87' lang='grc' dir='ltr'><strong><em>βασίλειον</em></strong></span> <span class='ocrx_word' id='word_1_67' title='bbox 1591 716 1742 778; x_wconf 82' lang='grc' dir='ltr'><strong><em>θρόνον</em></strong></span> 
     </span>
    </p>

    <p class='ocr_par' dir='ltr' id='par_1_3' title="bbox 246 785 1802 1594">
     <span class='ocr_line' id='line_1_9' title="bbox 246 785 1743 846; baseline -0.002 -13"><span class='ocrx_word' id='word_1_68' title='bbox 246 798 277 833; x_wconf 93' lang='lat' dir='ltr'>D</span> <span class='ocrx_word' id='word_1_69' title='bbox 302 789 532 844; x_wconf 79' lang='grc' dir='ltr'><strong><em>ἀναγαγεῖν,</em></strong></span> <span class='ocrx_word' id='word_1_70' title='bbox 562 787 752 842; x_wconf 83' lang='grc' dir='ltr'><strong><em>δικαστὴν</em></strong></span> <span class='ocrx_word' id='word_1_71' title='bbox 767 785 968 843; x_wconf 81' lang='grc' dir='ltr'><strong><em>Ἑλλήνων</em></strong></span> <span class='ocrx_word' id='word_1_72' title='bbox 988 789 1309 846; x_wconf 87' lang='grc' dir='ltr'><strong><em>προεχειρίσατο·</em></strong></span> <span class='ocrx_word' id='word_1_73' title='bbox 1339 787 1472 843; x_wconf 73' lang='grc' dir='ltr'><strong><em>ἐπειδὴ</em></strong></span> <span class='ocrx_word' id='word_1_74' title='bbox 1491 787 1535 830; x_wconf 78' lang='grc' dir='ltr'><strong><em>δὲ</em></strong></span> <span class='ocrx_word' id='word_1_75' title='bbox 1553 786 1743 838; x_wconf 75' lang='grc' dir='ltr'><strong><em>κάκεῖνος,</em></strong></span> 
     </span>
     <span class='ocr_line' id='line_1_10' title="bbox 301 853 1744 914; baseline -0.002 -14"><span class='ocrx_word' id='word_1_76' title='bbox 301 855 356 908; x_wconf 81' lang='grc' dir='ltr'><strong><em>ὥς</em></strong></span> <span class='ocrx_word' id='word_1_77' title='bbox 385 855 568 910; x_wconf 73' lang='grc' dir='ltr'><strong><em>εἴπομεν,</em></strong></span> <span class='ocrx_word' id='word_1_78' title='bbox 610 853 884 913; x_wconf 75' lang='grc' dir='ltr'><strong><em>κατειργάσθη</em></strong></span> <span class='ocrx_word' id='word_1_79' title='bbox 916 856 1142 914; x_wconf 79' lang='grc' dir='ltr'><strong><em>φαρμάκῳ,</em></strong></span> <span class='ocrx_word' id='word_1_80' title='bbox 1176 854 1197 899; x_wconf 85' lang='grc' dir='ltr'><strong>ὅ</strong></span> <span class='ocrx_word' id='word_1_81' title='bbox 1231 855 1369 913; x_wconf 79' lang='grc' dir='ltr'><strong><em>ῥηθεὶς</em></strong></span> <span class='ocrx_word' id='word_1_82' title='bbox 1395 853 1648 911; x_wconf 87' lang='grc' dir='ltr'><strong><em>Μονομάχος</em></strong></span> <span class='ocrx_word' id='word_1_83' title='bbox 1676 855 1744 898; x_wconf 80' lang='grc' dir='ltr'><strong><em>καὶ</em></strong></span> 
     </span>
     <span class='ocr_line' id='line_1_11' title="bbox 300 921 1799 982; baseline -0.002 -15"><span class='ocrx_word' id='word_1_84' title='bbox 300 929 358 982; x_wconf 72' lang='grc' dir='ltr'><strong><em>τῷ</em></strong></span> <span class='ocrx_word' id='word_1_85' title='bbox 380 922 550 967; x_wconf 75' lang='grc' dir='ltr'><strong><em>θανόντι</em></strong></span> <span class='ocrx_word' id='word_1_86' title='bbox 574 921 784 978; x_wconf 82' lang='grc' dir='ltr'><strong><em>ὁμώνυμος</em></strong></span> <span class='ocrx_word' id='word_1_87' title='bbox 804 923 907 981; x_wconf 80' lang='grc' dir='ltr'><strong><em>πρὸς</em></strong></span> <span class='ocrx_word' id='word_1_88' title='bbox 925 923 1075 982; x_wconf 88' lang='grc' dir='ltr'><strong><em>τρόπου</em></strong></span> <span class='ocrx_word' id='word_1_89' title='bbox 1095 925 1289 980; x_wconf 72' lang='grc' dir='ltr'><strong><em>ἐνομίσθη</em></strong></span> <span class='ocrx_word' id='word_1_90' title='bbox 1308 928 1359 982; x_wconf 86' lang='grc' dir='ltr'><strong><em>τῇ</em></strong></span> <span class='ocrx_word' id='word_1_91' title='bbox 1373 924 1566 978; x_wconf 79' lang='grc' dir='ltr'><strong><em>βασιλίδι.</em></strong></span> <span class='ocrx_word' id='word_1_92' title='bbox 1629 921 1742 979; x_wconf 76' lang='grc' dir='ltr'><strong><em>ἤχθη</em></strong></span> <span class='ocrx_word' id='word_1_93' title='bbox 1756 929 1799 978; x_wconf 67' lang='grc'><strong><em>10</em></strong></span> 
     </span>
     <span class='ocr_line' id='line_1_12' title="bbox 306 989 1747 1049; baseline -0.001 -13"><span class='ocrx_word' id='word_1_94' title='bbox 306 989 375 1036; x_wconf 73' lang='grc' dir='ltr'><strong><em>οὖν</em></strong></span> <span class='ocrx_word' id='word_1_95' title='bbox 394 992 494 1047; x_wconf 87' lang='grc' dir='ltr'><strong><em>πρὸς</em></strong></span> <span class='ocrx_word' id='word_1_96' title='bbox 510 991 578 1034; x_wconf 88' lang='grc' dir='ltr'><strong><em>τὸν</em></strong></span> <span class='ocrx_word' id='word_1_97' title='bbox 595 990 765 1048; x_wconf 71' lang='grc' dir='ltr'><strong><em>ἄγχιστα</em></strong></span> <span class='ocrx_word' id='word_1_98' title='bbox 783 997 855 1036; x_wconf 78' lang='grc' dir='ltr'><strong><em>τοῦ</em></strong></span> <span class='ocrx_word' id='word_1_99' title='bbox 868 990 1043 1049; x_wconf 75' lang='grc' dir='ltr'><strong><em>Ἀθῦρος</em></strong></span> <span class='ocrx_word' id='word_1_100' title='bbox 1060 993 1302 1047; x_wconf 78' lang='grc' dir='ltr'><strong><em>διακείμενον</em></strong></span> <span class='ocrx_word' id='word_1_101' title='bbox 1319 992 1416 1035; x_wconf 86' lang='grc' dir='ltr'><strong><em>ναὸν</em></strong></span> <span class='ocrx_word' id='word_1_102' title='bbox 1435 996 1506 1035; x_wconf 82' lang='grc' dir='ltr'><strong><em>τοῦ</em></strong></span> <span class='ocrx_word' id='word_1_103' title='bbox 1527 991 1747 1049; x_wconf 83' lang='grc' dir='ltr'><strong><em>ἀρχιστρα-</em></strong></span> 
     </span>
     <span class='ocr_line' id='line_1_13' title="bbox 304 1057 1746 1120; baseline -0.003 -16"><span class='ocrx_word' id='word_1_104' title='bbox 304 1059 426 1117; x_wconf 84' lang='grc' dir='ltr'><strong><em>τήγου</em></strong></span> <span class='ocrx_word' id='word_1_105' title='bbox 455 1060 525 1103; x_wconf 83' lang='grc' dir='ltr'><strong><em>τὸν</em></strong></span> <span class='ocrx_word' id='word_1_106' title='bbox 552 1060 594 1102; x_wconf 72' lang='grc' dir='ltr'><strong><em>ἓν</em></strong></span> <span class='ocrx_word' id='word_1_107' title='bbox 622 1060 928 1120; x_wconf 71' lang='grc' dir='ltr'><strong><em>Δαμοκρανείᾳ·</em></strong></span> <span class='ocrx_word' id='word_1_108' title='bbox 959 1062 1027 1103; x_wconf 84' lang='grc' dir='ltr'><strong><em>καὶ</em></strong></span> <span class='ocrx_word' id='word_1_109' title='bbox 1054 1062 1254 1117; x_wconf 80' lang='grc' dir='ltr'><strong><em>πεμφθεὶς</em></strong></span> <span class='ocrx_word' id='word_1_110' title='bbox 1280 1061 1493 1119; x_wconf 79' lang='grc' dir='ltr'><strong><em>Στέφανος</em></strong></span> <span class='ocrx_word' id='word_1_111' title='bbox 1508 1057 1564 1110; x_wconf 79' lang='grc' dir='ltr'><strong><em>εἷς</em></strong></span> <span class='ocrx_word' id='word_1_112' title='bbox 1587 1057 1642 1103; x_wconf 74' lang='grc' dir='ltr'><strong><em>ὢν</em></strong></span> <span class='ocrx_word' id='word_1_113' title='bbox 1666 1063 1746 1102; x_wconf 82' lang='grc' dir='ltr'><strong><em>τῶν</em></strong></span> 
     </span>
     <span class='ocr_line' id='line_1_14' title="bbox 305 1125 1748 1186; baseline -0.003 -14"><span class='ocrx_word' id='word_1_114' title='bbox 305 1126 609 1183; x_wconf 86' lang='grc' dir='ltr'><strong><em>θαλαμηπόλων</em></strong></span> <span class='ocrx_word' id='word_1_115' title='bbox 633 1126 828 1183; x_wconf 75' lang='grc' dir='ltr'><strong><em>εὖνούχων</em></strong></span> <span class='ocrx_word' id='word_1_116' title='bbox 852 1133 924 1184; x_wconf 83' lang='grc' dir='ltr'><strong><em>τῆς</em></strong></span> <span class='ocrx_word' id='word_1_117' title='bbox 946 1129 1154 1183; x_wconf 81' lang='grc' dir='ltr'><strong><em>βασιλίδος</em></strong></span> <span class='ocrx_word' id='word_1_118' title='bbox 1176 1126 1478 1186; x_wconf 83' lang='grc' dir='ltr'><strong><em>ὄΠεργαμηνὸς</em></strong></span> <span class='ocrx_word' id='word_1_119' title='bbox 1492 1125 1748 1172; x_wconf 74' lang='grc' dir='ltr'><strong><em>ἅποδιδῦσκει</em></strong></span> 
     </span>
     <span class='ocr_line' id='line_1_15' title="bbox 305 1194 1749 1254; baseline -0.001 -15"><span class='ocrx_word' id='word_1_120' title='bbox 305 1198 378 1252; x_wconf 76' lang='grc' dir='ltr'><strong><em>μὲν</em></strong></span> <span class='ocrx_word' id='word_1_121' title='bbox 399 1196 520 1240; x_wconf 77' lang='grc' dir='ltr'><strong><em>αὐτὸν</em></strong></span> <span class='ocrx_word' id='word_1_122' title='bbox 537 1195 610 1251; x_wconf 84' lang='grc' dir='ltr'><strong><em>τὴν</em></strong></span> <span class='ocrx_word' id='word_1_123' title='bbox 629 1196 831 1252; x_wconf 82' lang='grc' dir='ltr'><strong><em>ἲδιωτικὴν</em></strong></span> <span class='ocrx_word' id='word_1_124' title='bbox 850 1194 1021 1252; x_wconf 84' lang='grc' dir='ltr'><strong><em>στολήν,</em></strong></span> <span class='ocrx_word' id='word_1_125' title='bbox 1054 1195 1290 1253; x_wconf 76' lang='grc' dir='ltr'><strong><em>ἀμφιέννυσι</em></strong></span> <span class='ocrx_word' id='word_1_126' title='bbox 1312 1198 1356 1239; x_wconf 78' lang='grc' dir='ltr'><strong><em>δὲ</em></strong></span> <span class='ocrx_word' id='word_1_127' title='bbox 1378 1197 1610 1254; x_wconf 78' lang='grc' dir='ltr'><strong><em>πορφυρίδα</em></strong></span> <span class='ocrx_word' id='word_1_128' title='bbox 1627 1199 1749 1249; x_wconf 84' lang='grc' dir='ltr'><strong><em>βασι-</em></strong></span> 
     </span>
     <span class='ocr_line' id='line_1_16' title="bbox 307 1257 1802 1322; baseline -0.004 -14"><span class='ocrx_word' id='word_1_129' title='bbox 307 1264 442 1320; x_wconf 87' lang='grc' dir='ltr'><strong><em>λικήν,</em></strong></span> <span class='ocrx_word' id='word_1_130' title='bbox 477 1266 544 1307; x_wconf 84' lang='grc' dir='ltr'><strong><em>καὶ</em></strong></span> <span class='ocrx_word' id='word_1_131' title='bbox 570 1262 747 1321; x_wconf 85' lang='grc' dir='ltr'><strong><em>δρόμωνι</em></strong></span> <span class='ocrx_word' id='word_1_132' title='bbox 773 1263 999 1320; x_wconf 74' lang='grc' dir='ltr'><strong><em>ἐμβιβάσας</em></strong></span> <span class='ocrx_word' id='word_1_133' title='bbox 1024 1263 1110 1321; x_wconf 75' lang='grc' dir='ltr'><strong><em>ἄγει</em></strong></span> <span class='ocrx_word' id='word_1_134' title='bbox 1138 1264 1237 1321; x_wconf 84' lang='grc' dir='ltr'><strong><em>πρὸς</em></strong></span> <span class='ocrx_word' id='word_1_135' title='bbox 1265 1265 1316 1307; x_wconf 81' lang='grc' dir='ltr'><strong><em>τὰ</em></strong></span> <span class='ocrx_word' id='word_1_136' title='bbox 1346 1266 1544 1318; x_wconf 84' lang='grc' dir='ltr'><strong><em>βασίλεια.</em></strong></span> <span class='ocrx_word' id='word_1_137' title='bbox 1609 1257 1643 1322; x_wconf 76' lang='grc' dir='ltr'><em>ᾧ</em></span> <span class='ocrx_word' id='word_1_138' title='bbox 1671 1264 1746 1306; x_wconf 77' lang='grc' dir='ltr'><strong><em>τινὶ</em></strong></span> <span class='ocrx_word' id='word_1_139' title='bbox 1761 1267 1802 1303; x_wconf 82' lang='lat'><strong><em>15</em></strong></span> 
     </span>
     <span class='ocr_line' id='line_1_17' title="bbox 306 1330 1752 1389; baseline -0.002 -13"><span class='ocrx_word' id='word_1_140' title='bbox 306 1333 474 1388; x_wconf 77' lang='grc' dir='ltr'><strong><em>ἀχθέντι</em></strong></span> <span class='ocrx_word' id='word_1_141' title='bbox 491 1330 728 1376; x_wconf 78' lang='grc' dir='ltr'><strong><em>συνάπτεται</em></strong></span> <span class='ocrx_word' id='word_1_142' title='bbox 747 1334 803 1384; x_wconf 86' lang='grc' dir='ltr'><strong><em>εἲς</em></strong></span> <span class='ocrx_word' id='word_1_143' title='bbox 818 1334 1024 1376; x_wconf 82' lang='grc' dir='ltr'><strong><em>κοινωνίαν</em></strong></span> <span class='ocrx_word' id='word_1_144' title='bbox 1039 1331 1171 1389; x_wconf 85' lang='grc' dir='ltr'><strong><em>γάμου</em></strong></span> <span class='ocrx_word' id='word_1_145' title='bbox 1189 1330 1215 1387; x_wconf 78' lang='grc' dir='ltr'>ἦ</span> <span class='ocrx_word' id='word_1_146' title='bbox 1233 1334 1413 1386; x_wconf 86' lang='grc' dir='ltr'><strong><em>βασιλίς,</em></strong></span> <span class='ocrx_word' id='word_1_147' title='bbox 1444 1337 1517 1388; x_wconf 83' lang='grc' dir='ltr'><strong><em>τῆς</em></strong></span> <span class='ocrx_word' id='word_1_148' title='bbox 1534 1330 1752 1388; x_wconf 81' lang='grc' dir='ltr'><strong><em>ἷερολογίας</em></strong></span> 
     </span>
     <span class='ocr_line' id='line_1_18' title="bbox 307 1399 1753 1458; baseline -0.001 -14"><span class='ocrx_word' id='word_1_149' title='bbox 307 1401 517 1458; x_wconf 76' lang='grc' dir='ltr'><strong><em>γενομένης</em></strong></span> <span class='ocrx_word' id='word_1_150' title='bbox 541 1400 652 1458; x_wconf 79' lang='grc' dir='ltr'><strong><em>παρὰ</em></strong></span> <span class='ocrx_word' id='word_1_151' title='bbox 669 1405 742 1444; x_wconf 81' lang='grc' dir='ltr'><strong><em>τοῦ</em></strong></span> <span class='ocrx_word' id='word_1_152' title='bbox 761 1400 922 1458; x_wconf 82' lang='grc' dir='ltr'><strong><em>πρώτου</em></strong></span> <span class='ocrx_word' id='word_1_153' title='bbox 943 1406 1022 1444; x_wconf 83' lang='grc' dir='ltr'><strong><em>τῶν</em></strong></span> <span class='ocrx_word' id='word_1_154' title='bbox 1041 1401 1317 1458; x_wconf 71' lang='grc' dir='ltr'><strong><em>πρεσβυτέρων</em></strong></span> <span class='ocrx_word' id='word_1_155' title='bbox 1338 1406 1410 1457; x_wconf 82' lang='grc' dir='ltr'><strong><em>τῆς</em></strong></span> <span class='ocrx_word' id='word_1_156' title='bbox 1428 1402 1541 1454; x_wconf 79' lang='grc' dir='ltr'><strong><em>νέας,</em></strong></span> <span class='ocrx_word' id='word_1_157' title='bbox 1572 1399 1618 1451; x_wconf 78' lang='grc' dir='ltr'><strong><em>ὃς</em></strong></span> <span class='ocrx_word' id='word_1_158' title='bbox 1644 1402 1753 1443; x_wconf 80' lang='grc' dir='ltr'><strong><em>Στυ-</em></strong></span> 
     </span>
     <span class='ocr_line' id='line_1_19' title="bbox 309 1464 1752 1527; baseline -0.001 -16"><span class='ocrx_word' id='word_1_159' title='bbox 309 1474 388 1524; x_wconf 78' lang='grc' dir='ltr'><strong><em>πῆς</em></strong></span> <span class='ocrx_word' id='word_1_160' title='bbox 418 1467 665 1523; x_wconf 82' lang='grc' dir='ltr'><strong><em>ὠνομάζετο,</em></strong></span> <span class='ocrx_word' id='word_1_161' title='bbox 700 1466 753 1511; x_wconf 85' lang='grc' dir='ltr'><strong><em>ια’</em></strong></span> <span class='ocrx_word' id='word_1_162' title='bbox 783 1467 872 1512; x_wconf 90' lang='grc' dir='ltr'><strong><em>τότε</em></strong></span> <span class='ocrx_word' id='word_1_163' title='bbox 900 1473 972 1511; x_wconf 85' lang='grc' dir='ltr'><strong><em>τοῦ</em></strong></span> <span class='ocrx_word' id='word_1_164' title='bbox 995 1469 1158 1511; x_wconf 86' lang='grc' dir='ltr'><strong><em>Ἰουνίου</em></strong></span> <span class='ocrx_word' id='word_1_165' title='bbox 1185 1469 1310 1523; x_wconf 83' lang='grc' dir='ltr'><strong><em>μηνὸς</em></strong></span> <span class='ocrx_word' id='word_1_166' title='bbox 1338 1468 1525 1525; x_wconf 62' lang='grc' dir='ltr'><strong><em>ἄγοντος,</em></strong></span> <span class='ocrx_word' id='word_1_167' title='bbox 1558 1471 1632 1512; x_wconf 80' lang='grc' dir='ltr'><strong><em>τοῦ</em></strong></span> <span class='ocrx_word' id='word_1_168' title='bbox 1650 1464 1752 1527; x_wconf 48' lang='lat' dir='ltr'><strong><em>&#39;aput&#39;</em></strong></span> 
     </span>
     <span class='ocr_line' id='line_1_20' title="bbox 309 1534 1536 1594; baseline 0.001 -14"><span class='ocrx_word' id='word_1_169' title='bbox 309 1535 434 1588; x_wconf 59' lang='grc' dir='ltr'><strong><em>ἔτους.</em></strong></span> <span class='ocrx_word' id='word_1_170' title='bbox 502 1537 689 1594; x_wconf 78' lang='grc' dir='ltr'><strong><em>στέφεται</em></strong></span> <span class='ocrx_word' id='word_1_171' title='bbox 711 1537 754 1579; x_wconf 76' lang='grc' dir='ltr'><strong><em>δὲ</em></strong></span> <span class='ocrx_word' id='word_1_172' title='bbox 774 1541 822 1594; x_wconf 84' lang='grc' dir='ltr'><strong><em>τῇ</em></strong></span> <span class='ocrx_word' id='word_1_173' title='bbox 842 1534 1031 1594; x_wconf 73' lang='grc' dir='ltr'><strong><em>ἐπαύριον</em></strong></span> <span class='ocrx_word' id='word_1_174' title='bbox 1052 1535 1163 1593; x_wconf 81' lang='grc' dir='ltr'><strong><em>παρὰ</em></strong></span> <span class='ocrx_word' id='word_1_175' title='bbox 1182 1541 1253 1579; x_wconf 84' lang='grc' dir='ltr'><strong><em>τοῦ</em></strong></span> <span class='ocrx_word' id='word_1_176' title='bbox 1272 1535 1536 1594; x_wconf 86' lang='grc' dir='ltr'><strong><em>πατριάρχου.</em></strong></span> 
     </span>
    </p>

    <p class='ocr_par' dir='ltr' id='par_1_4' title="bbox 166 1602 1811 1866">
     <span class='ocr_line' id='line_1_21' title="bbox 166 1602 1811 1662; baseline -0.001 -12"><span class='ocrx_word' id='word_1_177' title='bbox 166 1613 194 1650; x_wconf 81' lang='grc' dir='ltr'>Ρ</span> <span class='ocrx_word' id='word_1_178' title='bbox 218 1611 287 1649; x_wconf 85' lang='grc'><strong><em>754</em></strong></span> <span class='ocrx_word' id='word_1_179' title='bbox 445 1606 527 1646; x_wconf 84' lang='grc' dir='ltr'><strong><em>Καὶ</em></strong></span> <span class='ocrx_word' id='word_1_180' title='bbox 547 1604 626 1660; x_wconf 75' lang='grc' dir='ltr'><strong><em>ἤδη</em></strong></span> <span class='ocrx_word' id='word_1_181' title='bbox 647 1608 727 1647; x_wconf 84' lang='grc' dir='ltr'><strong><em>τῶν</em></strong></span> <span class='ocrx_word' id='word_1_182' title='bbox 747 1603 958 1662; x_wconf 83' lang='grc' dir='ltr'><strong><em>σκήπτρων</em></strong></span> <span class='ocrx_word' id='word_1_183' title='bbox 976 1602 1180 1660; x_wconf 86' lang='grc' dir='ltr'><strong><em>γενόμενος</em></strong></span> <span class='ocrx_word' id='word_1_184' title='bbox 1198 1605 1391 1662; x_wconf 69' lang='grc' dir='ltr'><strong><em>ἐγκρατὴς</em></strong></span> <span class='ocrx_word' id='word_1_185' title='bbox 1407 1603 1558 1655; x_wconf 86' lang='grc' dir='ltr'><strong><em>πάντας</em></strong></span> <span class='ocrx_word' id='word_1_186' title='bbox 1573 1603 1647 1659; x_wconf 72' lang='grc' dir='ltr'><strong><em>μὲν</em></strong></span> <span class='ocrx_word' id='word_1_187' title='bbox 1660 1602 1811 1654; x_wconf 71' lang='grc' dir='ltr'><strong><em>τοὺςΞΟ</em></strong></span> 
     </span>
     <span class='ocr_line' id='line_1_22' title="bbox 310 1671 1758 1729; baseline -0.001 -14"><span class='ocrx_word' id='word_1_188' title='bbox 310 1673 594 1729; x_wconf 72' lang='grc' dir='ltr'><strong><em>συγκλητικοὺς</em></strong></span> <span class='ocrx_word' id='word_1_189' title='bbox 620 1676 802 1727; x_wconf 77' lang='grc' dir='ltr'><strong><em>βαθμοῖς</em></strong></span> <span class='ocrx_word' id='word_1_190' title='bbox 828 1671 1066 1726; x_wconf 77' lang='grc' dir='ltr'><strong><em>ἀξιωμάτων</em></strong></span> <span class='ocrx_word' id='word_1_191' title='bbox 1089 1671 1192 1714; x_wconf 80' lang='grc' dir='ltr'><strong><em>κατὰ</em></strong></span> <span class='ocrx_word' id='word_1_192' title='bbox 1215 1673 1288 1727; x_wconf 81' lang='grc' dir='ltr'><strong><em>τὴν</em></strong></span> <span class='ocrx_word' id='word_1_193' title='bbox 1307 1671 1476 1716; x_wconf 71' lang='grc' dir='ltr'><strong><em>ἑκάστου</em></strong></span> <span class='ocrx_word' id='word_1_194' title='bbox 1495 1672 1758 1729; x_wconf 83' lang='grc' dir='ltr'><strong><em>προεβίβασεν</em></strong></span> 
     </span>
     <span class='ocr_line' id='line_1_23' title="bbox 312 1738 1759 1799; baseline -0.001 -16"><span class='ocrx_word' id='word_1_195' title='bbox 312 1740 447 1792; x_wconf 80' lang='grc' dir='ltr'><strong><em>ἀξίαν,</em></strong></span> <span class='ocrx_word' id='word_1_196' title='bbox 476 1742 543 1783; x_wconf 88' lang='grc' dir='ltr'><strong><em>καὶ</em></strong></span> <span class='ocrx_word' id='word_1_197' title='bbox 556 1742 725 1798; x_wconf 83' lang='grc' dir='ltr'><strong><em>χρυσίου</em></strong></span> <span class='ocrx_word' id='word_1_198' title='bbox 747 1741 789 1783; x_wconf 79' lang='grc' dir='ltr'><strong><em>δὲ</em></strong></span> <span class='ocrx_word' id='word_1_199' title='bbox 809 1742 1016 1795; x_wconf 76' lang='grc' dir='ltr'><strong><em>διανομαῖς</em></strong></span> <span class='ocrx_word' id='word_1_200' title='bbox 1032 1739 1076 1782; x_wconf 86' lang='grc' dir='ltr'><strong><em>τὸ</em></strong></span> <span class='ocrx_word' id='word_1_201' title='bbox 1093 1744 1252 1795; x_wconf 80' lang='grc' dir='ltr'><strong><em>πλῆθος</em></strong></span> <span class='ocrx_word' id='word_1_202' title='bbox 1267 1738 1591 1799; x_wconf 71' lang='grc' dir='ltr'><strong><em>ἐφιλοτιμήσατο.</em></strong></span> <span class='ocrx_word' id='word_1_203' title='bbox 1636 1739 1759 1792; x_wconf 73' lang='grc' dir='ltr'><strong><em>ἐξαπ-</em></strong></span> 
     </span>
     <span class='ocr_line' id='line_1_24' title="bbox 314 1804 1760 1866; baseline -0.002 -14"><span class='ocrx_word' id='word_1_204' title='bbox 314 1809 458 1853; x_wconf 74' lang='grc' dir='ltr'><strong><em>έστειλε</em></strong></span> <span class='ocrx_word' id='word_1_205' title='bbox 495 1809 539 1851; x_wconf 81' lang='grc' dir='ltr'><strong><em>δὲ</em></strong></span> <span class='ocrx_word' id='word_1_206' title='bbox 573 1810 641 1851; x_wconf 85' lang='grc' dir='ltr'><strong><em>καὶ</em></strong></span> <span class='ocrx_word' id='word_1_207' title='bbox 675 1808 885 1866; x_wconf 78' lang='grc' dir='ltr'><strong><em>ἀναφορὰς</em></strong></span> <span class='ocrx_word' id='word_1_208' title='bbox 905 1809 946 1852; x_wconf 76' lang='grc' dir='ltr'><strong><em>ἓν</em></strong></span> <span class='ocrx_word' id='word_1_209' title='bbox 963 1813 1061 1851; x_wconf 81' lang='grc' dir='ltr'><strong><em>πᾶσι</em></strong></span> <span class='ocrx_word' id='word_1_210' title='bbox 1076 1814 1159 1859; x_wconf 80' lang='grc' dir='ltr'><strong><em>τοῖς</em></strong></span> <span class='ocrx_word' id='word_1_211' title='bbox 1175 1809 1350 1864; x_wconf 76' lang='grc' dir='ltr'><strong><em>θέμασι,</em></strong></span> <span class='ocrx_word' id='word_1_212' title='bbox 1383 1808 1457 1865; x_wconf 83' lang='grc' dir='ltr'><strong><em>τήν</em></strong></span> <span class='ocrx_word' id='word_1_213' title='bbox 1478 1825 1519 1851; x_wconf 89' lang='grc' dir='ltr'><strong><em>τε</em></strong></span> <span class='ocrx_word' id='word_1_214' title='bbox 1541 1804 1760 1866; x_wconf 84' lang='grc' dir='ltr'><strong><em>ἀνάρρησιν</em></strong></span> 
     </span>
    </p>
   </div>
   <div class='ocr_carea' id='block_1_3' title="bbox 405 1924 1758 1972">
    <p class='ocr_par' dir='ltr' id='par_1_5' title="bbox 405 1924 1758 1972">
     <span class='ocr_line' id='line_1_25' title="bbox 405 1924 1758 1972; baseline -0.003 -8"><span class='ocrx_word' id='word_1_215' title='bbox 405 1928 428 1964; x_wconf 78' lang='lat'><em>2</em></span> <span class='ocrx_word' id='word_1_216' title='bbox 450 1927 587 1970; x_wconf 71' lang='grc' dir='ltr'><strong><em>ζῶντος</em></strong></span> <span class='ocrx_word' id='word_1_217' title='bbox 606 1926 637 1962; x_wconf 84' lang='lat' dir='ltr'>C</span> <span class='ocrx_word' id='word_1_218' title='bbox 726 1926 750 1963; x_wconf 86' lang='lat'>5</span> <span class='ocrx_word' id='word_1_219' title='bbox 771 1924 1058 1972; x_wconf 75' lang='grc' dir='ltr'><strong><em>κατακριθέντος</em></strong></span> <span class='ocrx_word' id='word_1_220' title='bbox 1076 1925 1161 1963; x_wconf 85' lang='lat' dir='ltr'><strong>libri</strong></span> <span class='ocrx_word' id='word_1_221' title='bbox 1248 1928 1272 1963; x_wconf 88' lang='grc'><strong>6</strong></span> <span class='ocrx_word' id='word_1_222' title='bbox 1290 1924 1427 1972; x_wconf 76' lang='grc' dir='ltr'><strong><em>μέλλων</em></strong></span> <span class='ocrx_word' id='word_1_223' title='bbox 1443 1925 1474 1962; x_wconf 83' lang='lat' dir='ltr'>C</span> <span class='ocrx_word' id='word_1_224' title='bbox 1564 1928 1587 1964; x_wconf 89' lang='lat'>8</span> <span class='ocrx_word' id='word_1_225' title='bbox 1602 1924 1643 1962; x_wconf 78' lang='grc' dir='ltr'><strong><em>δὲ</em></strong></span> <span class='ocrx_word' id='word_1_226' title='bbox 1658 1937 1713 1962; x_wconf 88' lang='lat' dir='ltr'><strong>om</strong></span> <span class='ocrx_word' id='word_1_227' title='bbox 1728 1925 1758 1960; x_wconf 89' lang='lat' dir='ltr'>C</span> 
     </span>
    </p>
   </div>
   <div class='ocr_carea' id='block_1_4' title="bbox 317 2028 1771 2899">
    <p class='ocr_par' dir='ltr' id='par_1_6' title="bbox 317 2028 1770 2715">
     <span class='ocr_line' id='line_1_26' title="bbox 318 2028 1760 2075; baseline 0 -12"><span class='ocrx_word' id='word_1_228' title='bbox 318 2028 510 2064; x_wconf 78' lang='lat' dir='ltr'><strong>dicebatur.</strong></span> <span class='ocrx_word' id='word_1_229' title='bbox 555 2029 619 2064; x_wconf 86' lang='lat' dir='ltr'><strong><em>sed</em></strong></span> <span class='ocrx_word' id='word_1_230' title='bbox 650 2040 727 2063; x_wconf 87' lang='lat' dir='ltr'><strong><em>eum</em></strong></span> <span class='ocrx_word' id='word_1_231' title='bbox 755 2039 843 2064; x_wconf 89' lang='lat' dir='ltr'><strong>uxor</strong></span> <span class='ocrx_word' id='word_1_232' title='bbox 874 2041 1009 2065; x_wconf 84' lang='lat' dir='ltr'><strong>veneno</strong></span> <span class='ocrx_word' id='word_1_233' title='bbox 1043 2029 1201 2073; x_wconf 81' lang='lat' dir='ltr'>necavit,</span> <span class='ocrx_word' id='word_1_234' title='bbox 1234 2040 1304 2063; x_wconf 89' lang='lat' dir='ltr'><strong><em>non</em></strong></span> <span class='ocrx_word' id='word_1_235' title='bbox 1326 2029 1419 2075; x_wconf 88' lang='lat' dir='ltr'><strong>quod</strong></span> <span class='ocrx_word' id='word_1_236' title='bbox 1441 2028 1475 2065; x_wconf 89' lang='lat' dir='ltr'><strong><em>ei</em></strong></span> <span class='ocrx_word' id='word_1_237' title='bbox 1496 2028 1633 2064; x_wconf 82' lang='lat' dir='ltr'><strong>infensa</strong></span> <span class='ocrx_word' id='word_1_238' title='bbox 1654 2031 1760 2071; x_wconf 87' lang='lat' dir='ltr'><strong>esset,</strong></span> 
     </span>
     <span class='ocr_line' id='line_1_27' title="bbox 317 2074 1761 2121; baseline -0.001 -11"><span class='ocrx_word' id='word_1_239' title='bbox 317 2075 380 2110; x_wconf 74' lang='lat' dir='ltr'><strong><em>sed</em></strong></span> <span class='ocrx_word' id='word_1_240' title='bbox 410 2075 502 2119; x_wconf 89' lang='lat' dir='ltr'><strong>quod</strong></span> <span class='ocrx_word' id='word_1_241' title='bbox 535 2086 574 2108; x_wconf 89' lang='lat' dir='ltr'><strong><em>se</em></strong></span> <span class='ocrx_word' id='word_1_242' title='bbox 603 2074 719 2109; x_wconf 84' lang='lat' dir='ltr'><strong>vivam</strong></span> <span class='ocrx_word' id='word_1_243' title='bbox 750 2087 792 2110; x_wconf 89' lang='lat' dir='ltr'><strong><em>eo</em></strong></span> <span class='ocrx_word' id='word_1_244' title='bbox 824 2076 994 2121; x_wconf 87' lang='lat' dir='ltr'><strong>privatum</strong></span> <span class='ocrx_word' id='word_1_245' title='bbox 1018 2075 1063 2110; x_wconf 87' lang='lat' dir='ltr'><strong><em>iri</em></strong></span> <span class='ocrx_word' id='word_1_246' title='bbox 1084 2075 1312 2120; x_wconf 76' lang='lat' dir='ltr'><strong>intelligebat.</strong></span> <span class='ocrx_word' id='word_1_247' title='bbox 1356 2075 1432 2109; x_wconf 87' lang='lat' dir='ltr'><strong><em>Zoe</em></strong></span> <span class='ocrx_word' id='word_1_248' title='bbox 1460 2075 1526 2110; x_wconf 89' lang='lat' dir='ltr'><strong>hoc</strong></span> <span class='ocrx_word' id='word_1_249' title='bbox 1548 2074 1692 2109; x_wconf 83' lang='lat' dir='ltr'><strong>consilio</strong></span> <span class='ocrx_word' id='word_1_250' title='bbox 1717 2075 1761 2108; x_wconf 86' lang='lat' dir='ltr'><strong>ad</strong></span> 
     </span>
     <span class='ocr_line' id='line_1_28' title="bbox 317 2120 1762 2166; baseline 0.001 -13"><span class='ocrx_word' id='word_1_251' title='bbox 317 2120 453 2154; x_wconf 89' lang='lat' dir='ltr'><strong>irritum</strong></span> <span class='ocrx_word' id='word_1_252' title='bbox 482 2120 619 2165; x_wconf 89' lang='lat' dir='ltr'><strong>relapso</strong></span> <span class='ocrx_word' id='word_1_253' title='bbox 651 2121 911 2156; x_wconf 86' lang='lat' dir='ltr'><strong>Constantinum</strong></span> <span class='ocrx_word' id='word_1_254' title='bbox 943 2121 1206 2157; x_wconf 82' lang='lat' dir='ltr'><strong>Monomachum</strong></span> <span class='ocrx_word' id='word_1_255' title='bbox 1239 2123 1283 2156; x_wconf 87' lang='lat' dir='ltr'><strong>ab</strong></span> <span class='ocrx_word' id='word_1_256' title='bbox 1315 2121 1438 2156; x_wconf 84' lang='lat' dir='ltr'><strong>exsilio</strong></span> <span class='ocrx_word' id='word_1_257' title='bbox 1466 2124 1628 2166; x_wconf 79' lang='lat' dir='ltr'><strong>revocat,</strong></span> <span class='ocrx_word' id='word_1_258' title='bbox 1661 2131 1762 2166; x_wconf 84' lang='lat' dir='ltr'><strong>quem</strong></span> 
     </span>
     <span class='ocr_line' id='line_1_29' title="bbox 320 2166 1764 2213; baseline -0.001 -13"><span class='ocrx_word' id='word_1_259' title='bbox 320 2166 619 2211; x_wconf 77' lang='lat' dir='ltr'><strong>orphanotrophus</strong></span> <span class='ocrx_word' id='word_1_260' title='bbox 656 2166 860 2210; x_wconf 85' lang='lat' dir='ltr'><strong>Mitylenam</strong></span> <span class='ocrx_word' id='word_1_261' title='bbox 896 2167 1073 2213; x_wconf 86' lang='lat' dir='ltr'><strong>deportari</strong></span> <span class='ocrx_word' id='word_1_262' title='bbox 1110 2167 1278 2211; x_wconf 81' lang='lat' dir='ltr'><strong>iusserat,</strong></span> <span class='ocrx_word' id='word_1_263' title='bbox 1317 2167 1411 2212; x_wconf 87' lang='lat' dir='ltr'><strong>quod</strong></span> <span class='ocrx_word' id='word_1_264' title='bbox 1447 2167 1596 2203; x_wconf 89' lang='lat' dir='ltr'><strong>omnium</strong></span> <span class='ocrx_word' id='word_1_265' title='bbox 1626 2176 1764 2201; x_wconf 76' lang='lat' dir='ltr'><strong>rumore</strong></span> 
     </span>
     <span class='ocr_line' id='line_1_30' title="bbox 320 2210 1764 2258; baseline 0 -14"><span class='ocrx_word' id='word_1_266' title='bbox 320 2211 561 2257; x_wconf 77' lang='lat' dir='ltr'><strong>perhiberetur</strong></span> <span class='ocrx_word' id='word_1_267' title='bbox 591 2211 735 2256; x_wconf 86' lang='lat' dir='ltr'><strong>imperio</strong></span> <span class='ocrx_word' id='word_1_268' title='bbox 765 2212 952 2258; x_wconf 86' lang='lat' dir='ltr'><strong>potiturus.</strong></span> <span class='ocrx_word' id='word_1_269' title='bbox 997 2213 1088 2247; x_wconf 89' lang='lat' dir='ltr'><strong>hunc</strong></span> <span class='ocrx_word' id='word_1_270' title='bbox 1110 2213 1206 2255; x_wconf 84' lang='lat' dir='ltr'><strong>zoe,</strong></span> <span class='ocrx_word' id='word_1_271' title='bbox 1243 2213 1322 2247; x_wconf 88' lang='lat' dir='ltr'><strong>dum</strong></span> <span class='ocrx_word' id='word_1_272' title='bbox 1356 2212 1467 2248; x_wconf 84' lang='lat' dir='ltr'><strong>adhuc</strong></span> <span class='ocrx_word' id='word_1_273' title='bbox 1499 2213 1544 2247; x_wconf 85' lang='lat' dir='ltr'><strong><em>de</em></strong></span> <span class='ocrx_word' id='word_1_274' title='bbox 1573 2211 1682 2247; x_wconf 82' lang='lat' dir='ltr'><strong>altero</strong></span> <span class='ocrx_word' id='word_1_275' title='bbox 1705 2210 1764 2245; x_wconf 91' lang='lat' dir='ltr'><strong>illo</strong></span> 
     </span>
     <span class='ocr_line' id='line_1_31' title="bbox 322 2257 1766 2304; baseline 0.001 -14"><span class='ocrx_word' id='word_1_276' title='bbox 322 2257 551 2291; x_wconf 86' lang='lat' dir='ltr'><strong>Constantino</strong></span> <span class='ocrx_word' id='word_1_277' title='bbox 587 2258 630 2292; x_wconf 87' lang='lat' dir='ltr'><strong>ad</strong></span> <span class='ocrx_word' id='word_1_278' title='bbox 662 2257 800 2303; x_wconf 89' lang='lat' dir='ltr'><strong>imperii</strong></span> <span class='ocrx_word' id='word_1_279' title='bbox 833 2259 965 2293; x_wconf 88' lang='lat' dir='ltr'><strong>culmen</strong></span> <span class='ocrx_word' id='word_1_280' title='bbox 996 2259 1173 2294; x_wconf 80' lang='lat' dir='ltr'><strong>evehendo</strong></span> <span class='ocrx_word' id='word_1_281' title='bbox 1202 2258 1396 2304; x_wconf 81' lang='lat' dir='ltr'><strong>cogitaret,</strong></span> <span class='ocrx_word' id='word_1_282' title='bbox 1431 2263 1626 2304; x_wconf 81' lang='lat' dir='ltr'><strong>praetorem</strong></span> <span class='ocrx_word' id='word_1_283' title='bbox 1651 2257 1766 2292; x_wconf 79' lang='lat' dir='ltr'><strong>Grae-</strong></span> 
     </span>
     <span class='ocr_line' id='line_1_32' title="bbox 322 2302 1766 2350; baseline 0.001 -14"><span class='ocrx_word' id='word_1_284' title='bbox 322 2314 437 2337; x_wconf 87' lang='lat' dir='ltr'><strong>corum</strong></span> <span class='ocrx_word' id='word_1_285' title='bbox 469 2302 680 2347; x_wconf 85' lang='lat' dir='ltr'><strong>designarat.</strong></span> <span class='ocrx_word' id='word_1_286' title='bbox 726 2315 846 2338; x_wconf 88' lang='lat' dir='ltr'><strong>verum</strong></span> <span class='ocrx_word' id='word_1_287' title='bbox 878 2309 916 2339; x_wconf 89' lang='lat' dir='ltr'><strong><em>ut</em></strong></span> <span class='ocrx_word' id='word_1_288' title='bbox 943 2304 974 2338; x_wconf 88' lang='lat' dir='ltr'><strong><em>is</em></strong></span> <span class='ocrx_word' id='word_1_289' title='bbox 1005 2316 1138 2339; x_wconf 84' lang='lat' dir='ltr'><strong>veneno</strong></span> <span class='ocrx_word' id='word_1_290' title='bbox 1172 2304 1238 2339; x_wconf 85' lang='lat' dir='ltr'><strong>fuit</strong></span> <span class='ocrx_word' id='word_1_291' title='bbox 1270 2304 1449 2348; x_wconf 81' lang='lat' dir='ltr'><strong>sublatus,</strong></span> <span class='ocrx_word' id='word_1_292' title='bbox 1482 2303 1577 2350; x_wconf 48' lang='lat' dir='ltr'><strong>quod*</strong></span> <span class='ocrx_word' id='word_1_293' title='bbox 1596 2303 1654 2338; x_wconf 88' lang='lat' dir='ltr'><strong><em>hic</em></strong></span> <span class='ocrx_word' id='word_1_294' title='bbox 1674 2303 1766 2337; x_wconf 76' lang='lat' dir='ltr'><strong>idem</strong></span> 
     </span>
     <span class='ocr_line' id='line_1_33' title="bbox 322 2348 1767 2395; baseline 0 -13"><span class='ocrx_word' id='word_1_295' title='bbox 322 2360 445 2382; x_wconf 90' lang='lat' dir='ltr'><strong>nomen</strong></span> <span class='ocrx_word' id='word_1_296' title='bbox 467 2350 633 2392; x_wconf 82' lang='lat' dir='ltr'><strong>gerebat,</strong></span> <span class='ocrx_word' id='word_1_297' title='bbox 667 2350 842 2393; x_wconf 82' lang='lat' dir='ltr'><strong>Augustae</strong></span> <span class='ocrx_word' id='word_1_298' title='bbox 865 2351 1058 2385; x_wconf 89' lang='lat' dir='ltr'><strong>commodus</strong></span> <span class='ocrx_word' id='word_1_299' title='bbox 1082 2351 1191 2385; x_wconf 88' lang='lat' dir='ltr'><strong>visus.</strong></span> <span class='ocrx_word' id='word_1_300' title='bbox 1237 2361 1320 2395; x_wconf 88' lang='lat' dir='ltr'><strong>ergo</strong></span> <span class='ocrx_word' id='word_1_301' title='bbox 1345 2349 1512 2384; x_wconf 79' lang='lat' dir='ltr'><strong>adductus</strong></span> <span class='ocrx_word' id='word_1_302' title='bbox 1535 2354 1590 2384; x_wconf 87' lang='lat' dir='ltr'><strong><em>est</em></strong></span> <span class='ocrx_word' id='word_1_303' title='bbox 1611 2348 1655 2383; x_wconf 86' lang='lat' dir='ltr'><strong>ad</strong></span> <span class='ocrx_word' id='word_1_304' title='bbox 1677 2352 1767 2382; x_wconf 87' lang='lat' dir='ltr'><strong>tem-</strong></span> 
     </span>
     <span class='ocr_line' id='line_1_34' title="bbox 321 2394 1767 2441; baseline 0.001 -15"><span class='ocrx_word' id='word_1_305' title='bbox 321 2394 412 2439; x_wconf 84' lang='lat' dir='ltr'><strong>plum</strong></span> <span class='ocrx_word' id='word_1_306' title='bbox 437 2394 604 2439; x_wconf 88' lang='lat' dir='ltr'><strong>principis</strong></span> <span class='ocrx_word' id='word_1_307' title='bbox 628 2396 838 2430; x_wconf 87' lang='lat' dir='ltr'><strong>exercituum</strong></span> <span class='ocrx_word' id='word_1_308' title='bbox 853 2422 862 2440; x_wconf 97' lang='lat'><strong>,</strong></span> <span class='ocrx_word' id='word_1_309' title='bbox 892 2397 983 2441; x_wconf 87' lang='lat' dir='ltr'><strong>quod</strong></span> <span class='ocrx_word' id='word_1_310' title='bbox 1008 2396 1045 2430; x_wconf 90' lang='lat' dir='ltr'><strong><em>in</em></strong></span> <span class='ocrx_word' id='word_1_311' title='bbox 1067 2396 1301 2430; x_wconf 79' lang='lat' dir='ltr'><strong>Damocranea</strong></span> <span class='ocrx_word' id='word_1_312' title='bbox 1325 2400 1378 2430; x_wconf 86' lang='lat' dir='ltr'><strong><em>est</em></strong></span> <span class='ocrx_word' id='word_1_313' title='bbox 1399 2395 1533 2439; x_wconf 86' lang='lat' dir='ltr'><strong>Athyro</strong></span> <span class='ocrx_word' id='word_1_314' title='bbox 1557 2394 1767 2440; x_wconf 81' lang='lat' dir='ltr'><strong>proximum3</strong></span> 
     </span>
     <span class='ocr_line' id='line_1_35' title="bbox 321 2439 1767 2487; baseline 0 -14"><span class='ocrx_word' id='word_1_315' title='bbox 321 2439 514 2483; x_wconf 85' lang='lat' dir='ltr'><strong>missusque</strong></span> <span class='ocrx_word' id='word_1_316' title='bbox 535 2440 730 2486; x_wconf 80' lang='lat' dir='ltr'><strong>Stephanus</strong></span> <span class='ocrx_word' id='word_1_317' title='bbox 752 2442 1004 2487; x_wconf 85' lang='lat' dir='ltr'><strong>Pergamenus,</strong></span> <span class='ocrx_word' id='word_1_318' title='bbox 1036 2453 1123 2476; x_wconf 85' lang='lat' dir='ltr'><strong>unus</strong></span> <span class='ocrx_word' id='word_1_319' title='bbox 1144 2442 1189 2476; x_wconf 89' lang='lat' dir='ltr'><strong><em>de</em></strong></span> <span class='ocrx_word' id='word_1_320' title='bbox 1213 2440 1430 2476; x_wconf 80' lang='lat' dir='ltr'><strong>cubiculariis</strong></span> <span class='ocrx_word' id='word_1_321' title='bbox 1453 2443 1681 2485; x_wconf 83' lang='lat' dir='ltr'><strong>Augustarum</strong></span> <span class='ocrx_word' id='word_1_322' title='bbox 1704 2450 1767 2473; x_wconf 88' lang='lat' dir='ltr'><strong><em>eu-</em></strong></span> 
     </span>
     <span class='ocr_line' id='line_1_36' title="bbox 323 2484 1768 2533; baseline 0.001 -15"><span class='ocrx_word' id='word_1_323' title='bbox 323 2484 463 2528; x_wconf 87' lang='lat' dir='ltr'><strong>nuchis,</strong></span> <span class='ocrx_word' id='word_1_324' title='bbox 497 2484 556 2530; x_wconf 89' lang='lat' dir='ltr'><strong><em>qui</em></strong></span> <span class='ocrx_word' id='word_1_325' title='bbox 588 2497 663 2520; x_wconf 88' lang='lat' dir='ltr'><strong><em>eum</em></strong></span> <span class='ocrx_word' id='word_1_326' title='bbox 693 2486 832 2532; x_wconf 88' lang='lat' dir='ltr'><strong>privato</strong></span> <span class='ocrx_word' id='word_1_327' title='bbox 862 2487 983 2522; x_wconf 88' lang='lat' dir='ltr'><strong>habitu</strong></span> <span class='ocrx_word' id='word_1_328' title='bbox 1013 2493 1150 2522; x_wconf 86' lang='lat' dir='ltr'><strong>exutum</strong></span> <span class='ocrx_word' id='word_1_329' title='bbox 1182 2486 1405 2533; x_wconf 84' lang='lat' dir='ltr'><strong>imperatoria</strong></span> <span class='ocrx_word' id='word_1_330' title='bbox 1435 2485 1592 2521; x_wconf 87' lang='lat' dir='ltr'><strong>amiciret</strong></span> <span class='ocrx_word' id='word_1_331' title='bbox 1613 2495 1768 2531; x_wconf 77' lang='lat' dir='ltr'><strong>purpura</strong></span> 
     </span>
     <span class='ocr_line' id='line_1_37' title="bbox 324 2530 1769 2579; baseline 0 -15"><span class='ocrx_word' id='word_1_332' title='bbox 324 2535 361 2564; x_wconf 89' lang='lat' dir='ltr'><strong><em>et</em></strong></span> <span class='ocrx_word' id='word_1_333' title='bbox 384 2530 491 2564; x_wconf 87' lang='lat' dir='ltr'><strong>celoci</strong></span> <span class='ocrx_word' id='word_1_334' title='bbox 511 2531 704 2576; x_wconf 89' lang='lat' dir='ltr'><strong>impositum</strong></span> <span class='ocrx_word' id='word_1_335' title='bbox 728 2532 764 2566; x_wconf 92' lang='lat' dir='ltr'><strong><em>in</em></strong></span> <span class='ocrx_word' id='word_1_336' title='bbox 789 2532 950 2579; x_wconf 83' lang='lat' dir='ltr'><strong>palatium</strong></span> <span class='ocrx_word' id='word_1_337' title='bbox 968 2533 1168 2567; x_wconf 84' lang='lat' dir='ltr'><strong>adduceret.</strong></span> <span class='ocrx_word' id='word_1_338' title='bbox 1216 2534 1364 2568; x_wconf 90' lang='lat' dir='ltr'><strong>adducto</strong></span> <span class='ocrx_word' id='word_1_339' title='bbox 1381 2532 1537 2576; x_wconf 78' lang='lat' dir='ltr'><strong>Augusta</strong></span> <span class='ocrx_word' id='word_1_340' title='bbox 1550 2531 1624 2566; x_wconf 86' lang='lat' dir='ltr'><strong><em>Zoe</em></strong></span> <span class='ocrx_word' id='word_1_341' title='bbox 1638 2530 1769 2577; x_wconf 78' lang='lat' dir='ltr'><strong>nupsit,</strong></span> 
     </span>
     <span class='ocr_line' id='line_1_38' title="bbox 325 2576 1770 2624; baseline 0.001 -16"><span class='ocrx_word' id='word_1_342' title='bbox 325 2581 547 2610; x_wconf 82' lang='lat' dir='ltr'><strong>consecrante</strong></span> <span class='ocrx_word' id='word_1_343' title='bbox 578 2578 823 2613; x_wconf 85' lang='lat' dir='ltr'><strong>matrimonium</strong></span> <span class='ocrx_word' id='word_1_344' title='bbox 855 2578 964 2624; x_wconf 90' lang='lat' dir='ltr'><strong>primo</strong></span> <span class='ocrx_word' id='word_1_345' title='bbox 993 2579 1117 2613; x_wconf 86' lang='lat' dir='ltr'><strong>Novae</strong></span> <span class='ocrx_word' id='word_1_346' title='bbox 1141 2579 1272 2613; x_wconf 85' lang='lat' dir='ltr'><strong>Romae</strong></span> <span class='ocrx_word' id='word_1_347' title='bbox 1300 2578 1526 2624; x_wconf 84' lang='lat' dir='ltr'><strong>presbytero,</strong></span> <span class='ocrx_word' id='word_1_348' title='bbox 1561 2576 1617 2611; x_wconf 88' lang='lat' dir='ltr'><strong><em>cui</em></strong></span> <span class='ocrx_word' id='word_1_349' title='bbox 1639 2577 1770 2621; x_wconf 81' lang='lat' dir='ltr'><strong>Stypes</strong></span> 
     </span>
     <span class='ocr_line' id='line_1_39' title="bbox 326 2622 1770 2670; baseline 0.001 -16"><span class='ocrx_word' id='word_1_350' title='bbox 326 2626 401 2654; x_wconf 88' lang='lat' dir='ltr'><strong>erat</strong></span> <span class='ocrx_word' id='word_1_351' title='bbox 434 2633 574 2666; x_wconf 86' lang='lat' dir='ltr'><strong>nomen,</strong></span> <span class='ocrx_word' id='word_1_352' title='bbox 613 2622 670 2656; x_wconf 86' lang='lat' dir='ltr'><strong><em>die</em></strong></span> <span class='ocrx_word' id='word_1_353' title='bbox 704 2624 795 2659; x_wconf 89' lang='lat' dir='ltr'><strong>Iunii</strong></span> <span class='ocrx_word' id='word_1_354' title='bbox 825 2624 1006 2658; x_wconf 86' lang='lat' dir='ltr'><strong>undecima</strong></span> <span class='ocrx_word' id='word_1_355' title='bbox 1037 2624 1118 2658; x_wconf 86' lang='lat' dir='ltr'><strong>anni</strong></span> <span class='ocrx_word' id='word_1_356' title='bbox 1151 2624 1226 2659; x_wconf 88' lang='lat' dir='ltr'><strong>eius</strong></span> <span class='ocrx_word' id='word_1_357' title='bbox 1262 2635 1362 2670; x_wconf 85' lang='lat' dir='ltr'><strong>quem</strong></span> <span class='ocrx_word' id='word_1_358' title='bbox 1392 2634 1499 2669; x_wconf 81' lang='lat' dir='ltr'><strong>supra</strong></span> <span class='ocrx_word' id='word_1_359' title='bbox 1529 2622 1770 2658; x_wconf 75' lang='lat' dir='ltr'><strong>indicavimus.</strong></span> 
     </span>
     <span class='ocr_line' id='line_1_40' title="bbox 328 2666 1365 2715; baseline 0.008 -17"><span class='ocrx_word' id='word_1_360' title='bbox 328 2666 496 2711; x_wconf 85' lang='lat' dir='ltr'><strong>postridie</strong></span> <span class='ocrx_word' id='word_1_361' title='bbox 519 2670 700 2703; x_wconf 80' lang='lat' dir='ltr'><strong>coronatus</strong></span> <span class='ocrx_word' id='word_1_362' title='bbox 724 2674 777 2703; x_wconf 84' lang='lat' dir='ltr'><strong><em>est</em></strong></span> <span class='ocrx_word' id='word_1_363' title='bbox 799 2681 819 2704; x_wconf 86' lang='lat' dir='ltr'><strong>a</strong></span> <span class='ocrx_word' id='word_1_364' title='bbox 841 2669 1051 2715; x_wconf 84' lang='lat' dir='ltr'><strong>patriarcha.</strong></span> <span class='ocrx_word' id='word_1_365' title='bbox 1363 2678 1365 2680; x_wconf 81' lang='grc'>’</span> 
     </span>
    </p>

    <p class='ocr_par' dir='ltr' id='par_1_7' title="bbox 330 2710 1771 2899">
     <span class='ocr_line' id='line_1_41' title="bbox 417 2710 1771 2760; baseline 0 -16"><span class='ocrx_word' id='word_1_366' title='bbox 417 2711 662 2748; x_wconf 82' lang='lat' dir='ltr'><strong>Monomachus</strong></span> <span class='ocrx_word' id='word_1_367' title='bbox 694 2721 837 2760; x_wconf 83' lang='lat' dir='ltr'><strong>eccepto</strong></span> <span class='ocrx_word' id='word_1_368' title='bbox 870 2715 1015 2760; x_wconf 86' lang='lat' dir='ltr'><strong>imperio</strong></span> <span class='ocrx_word' id='word_1_369' title='bbox 1044 2718 1080 2750; x_wconf 92' lang='lat' dir='ltr'><strong><em>et</em></strong></span> <span class='ocrx_word' id='word_1_370' title='bbox 1111 2714 1304 2749; x_wconf 82' lang='lat' dir='ltr'><strong>senatorios</strong></span> <span class='ocrx_word' id='word_1_371' title='bbox 1331 2713 1449 2758; x_wconf 82' lang='lat' dir='ltr'><strong>viros,</strong></span> <span class='ocrx_word' id='word_1_372' title='bbox 1482 2715 1587 2758; x_wconf 86' lang='lat' dir='ltr'><strong>prout</strong></span> <span class='ocrx_word' id='word_1_373' title='bbox 1606 2710 1771 2755; x_wconf 80' lang='lat' dir='ltr'><strong>cuiusque</strong></span> 
     </span>
     <span class='ocr_line' id='line_1_42' title="bbox 330 2755 1769 2805; baseline -0.001 -15"><span class='ocrx_word' id='word_1_374' title='bbox 330 2755 478 2800; x_wconf 84' lang='lat' dir='ltr'><strong>dignitas</strong></span> <span class='ocrx_word' id='word_1_375' title='bbox 508 2758 663 2803; x_wconf 81' lang='lat' dir='ltr'><strong>ferebat,</strong></span> <span class='ocrx_word' id='word_1_376' title='bbox 700 2761 743 2794; x_wconf 86' lang='lat' dir='ltr'><strong>ad</strong></span> <span class='ocrx_word' id='word_1_377' title='bbox 774 2760 990 2795; x_wconf 85' lang='lat' dir='ltr'><strong>sublimiores</strong></span> <span class='ocrx_word' id='word_1_378' title='bbox 1014 2760 1132 2795; x_wconf 83' lang='lat' dir='ltr'><strong>evexit</strong></span> <span class='ocrx_word' id='word_1_379' title='bbox 1152 2760 1321 2805; x_wconf 82' lang='lat' dir='ltr'><strong>honores,</strong></span> <span class='ocrx_word' id='word_1_380' title='bbox 1354 2764 1390 2795; x_wconf 86' lang='lat' dir='ltr'><strong><em>et</em></strong></span> <span class='ocrx_word' id='word_1_381' title='bbox 1410 2758 1580 2804; x_wconf 85' lang='lat' dir='ltr'><strong>pecuniae</strong></span> <span class='ocrx_word' id='word_1_382' title='bbox 1603 2755 1769 2792; x_wconf 83' lang='lat' dir='ltr'><strong>distribu-</strong></span> 
     </span>
     <span class='ocr_line' id='line_1_43' title="bbox 330 2802 1771 2850; baseline -0.001 -15"><span class='ocrx_word' id='word_1_383' title='bbox 330 2802 428 2836; x_wconf 85' lang='lat' dir='ltr'><strong>tione</strong></span> <span class='ocrx_word' id='word_1_384' title='bbox 461 2813 556 2837; x_wconf 88' lang='lat' dir='ltr'><strong>suam</strong></span> <span class='ocrx_word' id='word_1_385' title='bbox 588 2804 623 2837; x_wconf 93' lang='lat' dir='ltr'><strong><em>in</em></strong></span> <span class='ocrx_word' id='word_1_386' title='bbox 655 2805 815 2850; x_wconf 86' lang='lat' dir='ltr'><strong>populum</strong></span> <span class='ocrx_word' id='word_1_387' title='bbox 845 2806 1086 2840; x_wconf 81' lang='lat' dir='ltr'><strong>liberalitatem</strong></span> <span class='ocrx_word' id='word_1_388' title='bbox 1114 2806 1318 2840; x_wconf 83' lang='lat' dir='ltr'><strong>declaravit.</strong></span> <span class='ocrx_word' id='word_1_389' title='bbox 1365 2805 1479 2840; x_wconf 85' lang='lat' dir='ltr'><strong>emisit</strong></span> <span class='ocrx_word' id='word_1_390' title='bbox 1504 2804 1610 2838; x_wconf 64' lang='lat' dir='ltr'><strong><em>&gt;etiam</em></strong></span> <span class='ocrx_word' id='word_1_391' title='bbox 1631 2803 1771 2837; x_wconf 77' lang='lat' dir='ltr'><strong>decreta</strong></span> 
     </span>
     <span class='ocr_line' id='line_1_44' title="bbox 331 2845 1770 2899; baseline -0.001 -18"><span class='ocrx_word' id='word_1_392' title='bbox 331 2858 396 2892; x_wconf 86' lang='lat' dir='ltr'><strong><em>per</em></strong></span> <span class='ocrx_word' id='word_1_393' title='bbox 420 2859 535 2883; x_wconf 84' lang='lat' dir='ltr'><strong>omnes</strong></span> <span class='ocrx_word' id='word_1_394' title='bbox 558 2850 774 2895; x_wconf 81' lang='lat' dir='ltr'><strong>provincias,</strong></span> <span class='ocrx_word' id='word_1_395' title='bbox 810 2862 900 2896; x_wconf 83' lang='lat' dir='ltr'><strong>quae</strong></span> <span class='ocrx_word' id='word_1_396' title='bbox 930 2857 967 2887; x_wconf 86' lang='lat' dir='ltr'><strong><em>et</em></strong></span> <span class='ocrx_word' id='word_1_397' title='bbox 994 2851 1106 2898; x_wconf 89' lang='lat' dir='ltr'><strong>ipsum</strong></span> <span class='ocrx_word' id='word_1_398' title='bbox 1127 2862 1205 2887; x_wconf 86' lang='lat' dir='ltr'><strong>esse</strong></span> <span class='ocrx_word' id='word_1_399' title='bbox 1227 2852 1467 2899; x_wconf 85' lang='lat' dir='ltr'><strong>imperatorem</strong></span> <span class='ocrx_word' id='word_1_400' title='bbox 1488 2850 1616 2884; x_wconf 79' lang='lat' dir='ltr'><strong>factum</strong></span> <span class='ocrx_word' id='word_1_401' title='bbox 1637 2845 1770 2882; x_wconf 81' lang='lat' dir='ltr'><strong>indica-</strong></span> 
     </span>
    </p>
   </div>
  </div>
 </body>
</html>
