1916 3210
261 228 266 235 Χ
301 167 402 218 478
640 199 645 205 .
778 165 1018 211 saonen
1046 165 1290 211 cannam

302 283 467 338 δέσμιον
486 279 588 338 πρὸς
607 278 680 335 τὴν
701 279 893 334 βασιλίδα
915 278 1017 338 πρὸς
1038 276 1237 336 Ἰωάννην
1259 278 1336 324 τὸν
1350 278 1687 341 προπονοπὶριον,
1722 279 1769 333 ὃς

302 354 346 395 ἓν
365 355 416 408 τῇ
434 347 544 407 νήσῳ
563 353 635 391 τοῦ
653 346 877 404 Ἀντιγόνου
899 348 1080 403 μοναχὸν
1103 349 1228 392 αὐτὸν
1250 348 1463 407 ἀποκείρει.
1524 348 1553 394 ὃ
1576 351 1767 406 defidat-

301 419 396 469 λεῦς
416 421 489 460 τοῦ
515 419 595 459 τῶν
616 415 854 460 ἀποστατῶν
882 416 1105 468 ἀπολυθεὶς
1126 417 1241 469 δέους
1267 413 1597 474 συμβάλλειτοΐς
1607 418 1765 475 Ἄβασ-

298 494 409 544 γοΐς,
460 486 528 528 καὶ
567 487 708 526 πολλοὶ
747 485 938 529 πίπτουσι
965 490 1047 529 τῶν
1070 484 1295 541 Ῥωμαίων.
1371 485 1491 541 ὅμως
1514 485 1764 544 διελύθησαν

301 555 428 612 ἄμφω
448 553 499 595 τὰ
518 550 822 610 στρατεύματα,
856 556 925 597 καὶ
941 551 967 610 ἡ
985 555 1071 610 νίκη
1094 555 1325 613 ἀμφίβολος
1342 549 1406 610 ἦν.
1451 555 1557 611 μετὰ
1574 555 1763 600 δὲταῧτα
1775 564 1799 600 ⁵

301 622 492 679 δευτέρας
523 625 758 677 συμπλοκῆς
785 623 1019 679 γενομένης,
1062 627 1113 681 τῇ
1142 622 1195 666 ια’
1229 627 1305 666 τοῦ
1324 623 1602 682 Σεπτεμβρίου
1623 621 1765 680 μηνός,
1786 652 1789 655 ⁴

300 693 547 740 ῗνδικτιῶνος
575 688 635 743 ς’,
660 691 662 693 ’
684 690 788 735 κατὰ
820 691 865 734 τὸ
900 689 1033 750 Ιςφλῶ
1066 691 1176 744 ἔτος,
1220 693 1354 734 πίπτει
1380 692 1466 748 μὲν·
1485 689 1506 735 ὅ
1528 693 1768 751 Λιπαρίιὴς

305 754 443 816 (οὗτος
461 758 539 816 γὰρ
559 753 609 814 ἦν
629 756 948 817 ἀρχιστράτηγος
967 765 1024 818 τῷ
1046 762 1087 801 Γ
1084 760 1256 819 εωργίῳ)
1284 761 1353 803 καὶ
1379 759 1455 804 σὺν
1479 760 1590 820 αὐτῷ
1616 765 1698 804 πᾶν
1717 759 1766 803 τὸ

252 830 285 867 D
309 831 566 886 κρατιστεῦον
593 827 634 870 ἓν
657 828 890 885 Ἀβασγοῖς,
925 826 1062 887 φεύγει
1089 829 1217 872 δὲκαὶ
1241 826 1262 870 ὅ
1281 830 1322 870 Γ
1319 826 1483 887 εῶργιος
1506 831 1562 881 εἷς
1578 829 1630 873 τὰ
1652 827 1767 874 ἐνδό-

302 914 400 954 τερα
423 895 497 955 ι’)’ρη
524 899 597 952 τῆς
619 896 820 955 Ἰβηρίας.
886 896 978 952 μετ’
1002 897 1135 954 ὀλίγον
1155 898 1200 940 δὲ
1222 896 1661 956 διαπρεσβευσάμενος,
1694 899 1763 941 καὶ
1775 902 1820 940 10

303 970 362 1024 τῷ
389 966 554 1019 βασιλεῖ
577 966 721 1016 ἐκστὰς
745 963 886 1022 χώρας
915 963 1066 1021 ὁπόσης
1093 965 1303 1020 ἐβούλετο,
1344 967 1576 1019 σπένδεται,
1611 966 1766 1024 ὅμηρον

309 1033 408 1084 δοὺς
423 1034 493 1076 τὸν
510 1033 598 1076 υἱὸν
621 1034 747 1082 αὐτοῦ
765 1031 1052 1092 Παγκράτιον·
1098 1034 1144 1078 ὃν
1164 1033 1387 1093 μάγιστρον
1405 1033 1578 1091 ποιήσας
1599 1033 1621 1078 ὃ
1642 1039 1768 1090 βασι-

309 1102 401 1152 λεὺς
422 1100 662 1158 ὑπέστρεψε.
729 1102 825 1154 τοὺς
844 1103 917 1157 μὲν
937 1097 1008 1146 οὖν
1030 1102 1178 1154 ἄλλους
1197 1109 1277 1146 τῶν
1304 1107 1363 1163 τῷ
1384 1102 1516 1164 Ξιφίᾳ
1537 1099 1768 1162 συναραμέ-

307 1187 387 1213 νων
406 1172 472 1213 καὶ
492 1175 549 1229 τῷ
572 1173 700 1231 Φωκᾷ
716 1176 796 1214 τῶν
816 1169 1079 1228 ὖπαρχόντων
1100 1171 1315 1228 γυμνώσας
1335 1176 1545 1230 καθεῖρξε,
1579 1171 1704 1228 μόνον
1724 1172 1769 1215 δὲ

306 1239 378 1282 τὸν
396 1241 602 1296 πατρίκιον
625 1241 786 1296 Φέρσην
808 1240 1030 1292 ἀπέκτεινε,
1064 1239 1142 1298 πρὸ
1165 1239 1325 1284 πάντων
1344 1258 1387 1284 τε
1409 1241 1664 1299 προσρυέντα
1685 1247 1768 1291 τοῖς
1781 1246 1824 1285 15

306 1306 578 1360 ἀποστάταις,
613 1311 680 1351 καὶ
707 1309 908 1367 τέσσαρας
933 1307 1140 1366 ἀρχόντων
1165 1308 1351 1365 γειτόνων
1378 1307 1642 1367 κουράτωρας
1666 1309 1771 1352 ἄπο-

306 1378 536 1429 κτείναντα,
589 1379 656 1419 καὶ
687 1378 875 1432 ἕκτομίαν
900 1377 989 1420 τινὰ
1019 1378 1232 1432 βασιλικὸν
1262 1378 1505 1434 αὖτοχείρως
1533 1375 1772 1436 καρατομή-

163 1449 194 1486 P
217 1451 285 1488 719
309 1462 452 1488 σαντα.
520 1443 646 1501 ἐδόθη
671 1447 714 1488 δὲ
733 1448 800 1488 καὶ
822 1446 955 1489 λέουσι
973 1450 1200 1500 βασιλικοῖς
1218 1464 1279 1498 τις
1294 1444 1592 1502 θαλαμηπόλος
1606 1451 1772 1504 βρῶμα,

308 1515 512 1570 ἐλεγχθεὶς
532 1512 762 1572 φαρμάκοις
784 1513 1051 1569 ἐπιβουλεύων
1071 1519 1128 1573 τῷ
1150 1519 1316 1568 βασιλεῖ
1329 1515 1397 1558 διὰ
1415 1515 1485 1559 τὸν
1500 1512 1670 1573 Ξιφίαν.

445 1583 529 1625 Καὶ
543 1581 684 1638 Ἄννης
704 1584 748 1625 δὲ
765 1587 836 1638 τῆς
855 1587 928 1625 τοῦ
947 1583 1147 1637 βασιλέως
1167 1583 1346 1641 ἀδελφῆς
1369 1584 1410 1626 ἓν
1429 1582 1577 1643 Ῥωσίᾳ
1602 1583 1828 1628 &nesta-20

307 1648 476 1706 νούσης,
500 1654 568 1693 καὶ
586 1652 663 1707 πρὸ
685 1652 810 1706 αὐτῆς
829 1655 902 1694 τοῦ
920 1650 1067 1708 ἀνδρὸς
1082 1651 1209 1706 αὐτῆς
1227 1654 1510 1710 Βλαδιμηροῦ,
1537 1649 1770 1709 Χρυσόχειρ

309 1717 502 1776 συγγενής
528 1737 588 1770 τις
619 1718 675 1762 ὢν
705 1723 779 1763 τοῦ
802 1717 1133 1776 τελευτήσαντος,
1169 1719 1322 1778 ἄνδρας
1345 1720 1604 1771 ὀκτακοσίους
1623 1737 1773 1778 προσε-

309 1787 591 1847 ταιρισάμενος
609 1790 676 1831 καὶ
695 1789 847 1840 πλοίοις
864 1787 1103 1843 ἐμβιβάσας,
1125 1782 1253 1843 ἦλθεν
1274 1791 1329 1840 εἰς
1348 1786 1773 1832 Κωνσταντινούπολιν

401 1884 424 1920 1
446 1881 501 1924 εἰς
521 1883 551 1919 C
691 1885 736 1920 16
755 1881 941 1929 κράτορας
965 1884 996 1920 C
1131 1885 1178 1921 20
1199 1881 1462 1930 τελευτησάσης
1484 1884 1516 1920 C

310 1962 518 2007 Byzantium
550 1962 594 1997 ad
624 1962 788 1999 Ioannem
818 1963 958 2009 ablegat
980 1963 1270 2010 protonotarium.
1317 1963 1348 1999 is
1375 1974 1451 1998 eum
1472 1973 1588 1998 rasum
1610 1962 1648 1998 in
1670 1961 1772 1999 Anti-

310 2008 397 2054 goni
428 2008 542 2043 insula
573 2010 774 2044 monachum
796 2010 894 2045 facit.
942 2010 1132 2056 imperator
1154 2010 1302 2057 proinde
1325 2015 1417 2045 metu
1440 2009 1619 2044 rebellium
1640 2009 1772 2044 libera-

249 2074 258 2083 ·
311 2060 369 2090 tus
388 2054 627 2100 cumAbasgis
650 2067 799 2101 pugnam
821 2056 1020 2099 committit3
1045 2062 1081 2091 et
1104 2056 1261 2102 quamvis
1285 2055 1382 2090 multi
1397 2055 1544 2090 Romani
1563 2056 1770 2096 occubuere,

315 2105 432 2135 tamen
462 2099 598 2136 incerta
629 2101 781 2137 victoria
813 2101 1004 2137 discessum
1036 2106 1101 2137 est.
1148 2102 1292 2137 alterum
1314 2101 1440 2136 deinde
1459 2100 1630 2156 praelium
1651 2100 1775 2137 initum

313 2146 373 2181 die
391 2147 610 2191 Septembris
633 2148 826 2193 undecima,
851 2147 1042 2182 indictione
1064 2151 1176 2192 sexta,
1200 2159 1290 2182 anno
1313 2148 1356 2181 ab
1380 2147 1516 2192 origine
1538 2146 1656 2182 mundi
1669 2147 1774 2182 6531.

312 2191 352 2227 in
375 2203 417 2226 eo
441 2193 537 2227 cadit
557 2193 748 2247 Liparites,
774 2193 922 2239 Georgii
946 2195 1123 2241 copiarum
1145 2195 1215 2228 dux
1239 2193 1434 2240 primarius,
1458 2198 1494 2227 et
1519 2204 1594 2228 cum
1618 2204 1660 2228 eo
1684 2191 1777 2227 vali-

313 2238 457 2273 dissima
479 2239 648 2284 Abasgici
671 2239 846 2275 exercitus
870 2251 964 2286 pars.
1012 2240 1188 2285 Georgius
1212 2239 1249 2274 in
1272 2244 1405 2274 montes
1427 2238 1568 2274 Iberiae
1590 2238 1776 2274 interiores

312 2285 398 2329 fuga
429 2284 569 2330 elapsus
602 2285 705 2331 paulo
728 2291 810 2332 post
830 2286 944 2321 missis
967 2286 1091 2331 legatis
1114 2298 1191 2320 cum
1213 2286 1424 2331 imperatore
1447 2296 1566 2330 pacem
1589 2285 1778 2331 componit,

313 2332 443 2365 cedens
468 2330 503 2365 ei
527 2341 610 2375 sua,
635 2338 798 2377 quantum
822 2332 896 2366 eius
920 2332 987 2367 hoc
1009 2333 1197 2378 imperator
1218 2331 1380 2376 volebat,
1413 2331 1572 2374 dicione,
1599 2331 1779 2377 filiumque

315 2387 415 2412 suum
438 2377 659 2412 Pancratium
680 2379 766 2413 dans
791 2379 961 2413 obsidem.
1009 2390 1110 2424 quem
1132 2378 1323 2424 imperator
1341 2377 1539 2422 magistrum
1566 2377 1712 2422 creavit,
1735 2387 1778 2411 ac

313 2422 451 2456 ‹lomum
474 2423 593 2458 rediit.
640 2423 702 2469 qui
727 2436 766 2458 se
785 2424 940 2469 Xiphiae
962 2435 1004 2458 ac
1027 2425 1166 2459 Phocae
1189 2423 1372 2458 seditionis
1396 2423 1511 2458 socios
1532 2424 1776 2468 praebuerant,

316 2479 378 2502 eos
409 2468 511 2503 bonis
543 2469 615 2504 suis
646 2469 807 2504 multatos
838 2470 876 2504 in
898 2481 1071 2505 carcerem
1096 2470 1249 2505 abdidit:
1273 2469 1381 2504 solum
1405 2469 1587 2515 patricium
1608 2469 1777 2503 Phersam

315 2513 504 2559 interfecit,
530 2515 591 2560 qui
615 2520 651 2550 et
673 2516 803 2562 primus
825 2516 973 2550 omnium
997 2528 1036 2551 se
1058 2516 1292 2562 perduellibus
1315 2515 1531 2561 adiunxerat,
1557 2519 1594 2549 et
1613 2519 1779 2566 quattuor

316 2564 496 2594 curatores
521 2561 715 2596 vicinorum
738 2561 933 2608 principum
957 2567 1156 2607 necaverat,
1191 2572 1324 2606 suaque
1347 2572 1448 2595 manu
1470 2559 1620 2606 spadoni
1641 2559 1778 2595 cuidam

317 2604 543 2649 :imperatorio
568 2612 673 2651 caput
695 2612 948 2654 amputaverat.
1008 2612 1062 2643 est
1085 2614 1121 2643 et
1144 2606 1374 2643 cubicularius
1397 2606 1536 2653 quidam
1556 2605 1778 2653 imperatoris

316 2649 476 2686 leonibus
499 2653 679 2695 obiectus,
717 2654 896 2689 convictus
920 2655 1014 2700 quod
1034 2655 1278 2701 imperatorem
1304 2652 1342 2687 in
1364 2652 1520 2700 Xiphiae
1543 2652 1691 2698 gratiam
1714 2662 1775 2687 co-

316 2700 419 2730 natus
440 2703 534 2732 esset
555 2710 690 2733 veneno
713 2699 850 2735 tollere.
1281 2741 1283 2743 ,

408 2742 549 2778 Mortua
570 2745 670 2779 Anna
691 2745 912 2790 imperatoris
934 2757 1055 2781 sorore
1077 2745 1114 2780 in
1136 2745 1285 2791 Bossia,
1311 2745 1474 2780 defuncto
1495 2743 1565 2780 iam
1590 2747 1671 2779 ante
1691 2741 1773 2777 Bla-

318 2786 448 2822 dimero
473 2790 618 2835 marito,
649 2790 867 2835 Chrysochir
894 2793 1033 2836 quidam
1055 2791 1243 2826 Bladimeri
1265 2795 1431 2836 cognatus
1454 2791 1522 2826 800
1540 2789 1636 2824 viros
1658 2786 1774 2824 adscim

320 2831 391 2878 vit,
423 2833 537 2880 iisque
568 2836 605 2870 in
636 2847 744 2872 naves
773 2836 947 2883 impositis
978 2837 1107 2884 Cpolin
1139 2837 1256 2883 venit,
1289 2837 1463 2884 stipendia
1484 2847 1524 2874 se
1543 2836 1660 2871 facere
1683 2831 1771 2868 velle
