1890 3236
312 175 412 224 366
785 134 1020 219 GEORGn
1048 172 1290 218 CEDRENI

306 289 522 349 Ἀντιοχείᾳ
557 290 740 344 γειτονῶν
778 288 846 329 καὶ
884 286 1004 337 κλέος
1034 283 1166 346 ἑαυτῷ
1197 285 1394 341 ἄσβεστον
1421 286 1761 345 περιποιήσασθαι

314 357 559 415 ἷμειρόμενος
569 387 583 407 ,
616 355 741 411 μικρὰ
768 355 988 413 φροντίσας
1012 359 1093 398 τῶν
1112 359 1184 398 τοῦ
1204 356 1403 410 βασιλέως
1418 353 1761 412 ὗποθηκῶν,·»νύ-

313 443 420 482 κτωρ
453 426 518 468 καὶ
547 423 650 478 μεθ’
680 421 835 480 ἡμέραν
854 423 1062 466 ἐσκέπτετο
1085 423 1125 466 εἴ
1137 439 1222 474 πως
1247 425 1437 479 δυνηθείη
1458 422 1761 480 κατασχεῖντὴν

309 493 438 537 πόλιν.
507 490 625 548 ἀπῄει
654 486 724 533 οὖν
753 496 927 545 συνεχῶς
945 492 1012 534 καὶ
1031 489 1175 548 λόγους
1190 492 1293 546 μετὰ
1309 496 1389 534 τῶν
1405 493 1633 547 Ἀντιοχέων
1643 491 1762 536 ἐκίνει

309 558 596 615 συμβατικούς.
664 559 1009 613 ἀλαζονευομένων
1042 558 1100 602 ’δ’
1148 561 1305 603 ἐκείνων
1338 562 1404 602 καὶ
1435 561 1509 610 τὰς
1539 557 1795 615 amputatam

310 628 616 682 διωθουμένων,
666 626 815 671 ἔλαθεν
854 629 999 678 ἐκεῖνος
1039 630 1249 685 φιλιωθείς
1286 645 1362 671 τινι
1401 632 1481 671 τῶν
1517 631 1778 685 Σαρακηνῶν.

311 696 485 753 (Λῦλαξ
506 691 622 746 οὗτος
640 690 741 751 ἦν),
777 695 822 739 ὃν
844 695 1080 751 ὖποκλέψας
1102 694 1249 752 δώροις
1268 698 1334 739 καὶ
1352 694 1611 751 ὑποσχέσεσιν
1627 696 1764 751 ἴσχυσε

311 770 448 819 λαβεῖν
483 765 529 808 τὸ
563 764 715 821 μέτρον
738 762 827 816 ἑνὸς
856 768 936 808 τῶν
963 764 1064 822 πρὸς
1090 763 1206 808 δύσιν
1237 769 1309 820 τῆς
1335 764 1573 819 Ἀντιοχείας
1603 763 1764 822 πύργων

311 833 435 877 Κάλα
454 832 645 888 τοῦνομα.
713 835 781 876 καὶ
801 834 903 888 μετὰ
923 831 1068 876 τούτου
1086 831 1372 889 τεκτηνάμενος
1389 834 1585 887 κλίμακας
1601 833 1702 890 πρὸς
1717 832 1764 875 τὸ

263 915 293 949 Β
316 902 439 960 ἄκρον
458 902 734 955 ἐξικνουμένας
752 906 825 945 τοῦ
844 899 1021 958 πύργου,
1054 900 1178 945 νύκτα
1197 919 1239 945 τε
1261 902 1417 959 ἀφεγγῆ
1437 899 1678 958 ἐπιτηρήσας
1696 902 1763 944 καὶ
1775 907 1820 944 10

312 971 538 1027 ἔπομβρον,
585 969 710 1012 ἔλαθε
751 969 825 1021 τὰς
867 972 1063 1024 κλίμακας
1098 971 1358 1027 προσερείσας
1389 974 1447 1027 τῷ
1477 967 1628 1027 πύργῳ.
1696 971 1765 1012 καὶ

314 1039 473 1093 ἀναβὰς
500 1038 602 1093 μετὰ
630 1040 868 1096 τριακοσίων
897 1042 978 1081 τῶν
1004 1037 1077 1080 ὑπ’
1108 1038 1231 1082 αὐτὸν
1251 1038 1346 1088 τοὺς
1365 1038 1438 1092 μὲν
1459 1036 1765 1095 φύλακαςᾶπο·

314 1107 484 1166 σφάττει
505 1111 578 1150 τοῦ
600 1105 753 1165 πύργου
762 1138 777 1159 ,
806 1105 863 1149 ἔτι
882 1107 926 1148 δὲ
946 1109 1012 1149 καὶ
1033 1111 1105 1149 τοῦ
1125 1111 1394 1162 γειτονοῦντος
1409 1106 1541 1164 αὐτῷ’·
1575 1107 1644 1148 καὶ
1661 1106 1766 1161 μετὰ

313 1180 394 1220 τῶν
425 1176 665 1233 τριακοσίων
694 1176 791 1225 τοὺς
821 1173 894 1218 δύο
920 1173 1089 1226 τούτους
1116 1173 1294 1232 πύργους
1324 1173 1576 1229 κατεσχηκὼς
1600 1172 1767 1230 ἄγγελον

315 1244 469 1294 εὐθέως
495 1244 683 1299 ἐκπέμπει
710 1243 814 1301 πρὸς
844 1244 914 1287 τὸν
942 1243 1315 1301 στρατοπεδάρχην,
1348 1241 1510 1298 μηνύων
1534 1243 1765 1297 ἐπιταχῦναι
1779 1250 1822 1286 1⁵

315 1315 382 1356 καὶ
414 1314 547 1355 ἐλθεῖν
576 1312 677 1368 μετὰ
711 1311 862 1362 παντὸς
893 1317 965 1355 τοῦ
995 1316 1169 1368 στρατοῦ
1195 1310 1249 1362 ὡς
1274 1315 1347 1366 τῆς
1367 1309 1518 1360 πόλεως
1540 1309 1618 1366 ἤὸη
1641 1327 1768 1353 κατα-

314 1382 542 1437 σχεθείσης.
610 1379 631 1423 ὅ
663 1380 706 1422 δὲ
733 1381 894 1438 Πέτρος
919 1380 993 1431 τὰς
1022 1380 1205 1436 ἀγγελίας
1226 1379 1438 1434 δεξάμενος
1459 1378 1573 1422 ὤκνει
1593 1380 1660 1421 καὶ
1677 1379 1769 1421 ἆνε-

314 1449 456 1501 δύετο,
498 1449 573 1504 τὴν
606 1451 648 1491 ἐκ
676 1453 747 1491 τοῦ
776 1449 975 1503 βασιλέως
1004 1448 1193 1499 δεδοικώς
1223 1447 1512 1504 ἀγανάκτησιν,
1546 1445 1604 1502 μή
1633 1464 1672 1490 τι
1701 1448 1769 1489 καὶ

315 1518 440 1562 κακὸν
460 1515 671 1573 ἀπολαύσῃ
695 1515 750 1567 ὥς
769 1515 1010 1574 παραβάτης
1025 1522 1105 1559 τῶν
1123 1517 1248 1560 αὐτοῦ
1267 1514 1598 1573 προσταγμάτων.
1644 1515 1769 1570 ἔγκει-

262 1599 295 1635 c
318 1587 439 1642 με’νου
462 1586 506 1628 δὲ
528 1590 599 1628 τοῦ
622 1583 804 1642 Βούρτζη
825 1587 892 1627 καὶ
911 1584 1034 1628 ἄλλον
1053 1584 1118 1627 ἐπ’
1143 1584 1253 1643 ἄλλῳ
1274 1585 1496 1638 πέμποντος
1516 1582 1680 1639 ἄγγελον
1700 1584 1825 1632 καὶξο

311 1655 385 1710 τὴν
423 1652 576 1697 {levam
616 1651 919 1707 ἐπιταχύνοντος
927 1685 940 1705 ,
985 1655 1052 1696 καὶ
1094 1657 1446 1709 πληροφοροῦντος
1477 1650 1531 1702 ὡς
1559 1653 1621 1694 ἐπὶ
1650 1651 1769 1694 πλέον

313 1722 488 1777 ἀντέχειν
521 1721 569 1764 οὗ
601 1719 767 1764 δύναται
795 1721 897 1778 πρὸς
920 1721 994 1777 τὴν
1019 1723 1250 1778 πολιορκίαν
1284 1721 1379 1775 (καὶ
1399 1721 1476 1777 γὰρ
1497 1719 1547 1774 δὴ
1568 1718 1770 1773 μαθόντες

314 1791 354 1835 οἱ
382 1791 592 1845 Ἀντιοχεῖς
622 1790 694 1844 τὴν
721 1794 802 1833 τῶν
831 1789 995 1846 πύργων
1024 1788 1262 1845 κατάσχεσιν
1284 1790 1492 1845 συνέρρεον
1516 1785 1770 1841 πανταχόθεν

316 1861 384 1903 καὶ
408 1859 676 1916 ἐκπολιορκεῖν
700 1859 795 1909 τοὺς
814 1856 991 1916 πύργους
1010 1858 1215 1915 ἠπείγοντο
1224 1890 1238 1917 ,
1274 1857 1373 1913 βέλη
1404 1857 1446 1900 δ’
1479 1857 1646 1913 ἀφέντες
1666 1873 1771 1899 παν-

407 1967 432 2003 9
454 1965 570 2001 κᾶλλοι
590 1966 621 2001 0
759 1966 802 2002 11
826 1964 934 2010 τείχει
952 1965 983 2001 C

317 2057 479 2094 tiocheae
509 2057 665 2102 vicinus,
696 2057 895 2102 posthabito
926 2056 1144 2104 imperatoris
1173 2059 1385 2103 praecepto,
1415 2058 1536 2092 noctes
1559 2054 1703 2101 diesque
1727 2055 1774 2090 (le

319 2105 406 2140 urbe
433 2115 476 2139 ea
499 2103 699 2149 occupanda
721 2103 917 2149 cogitabat,
941 2105 1034 2149 quod
1057 2104 1124 2138 hoc
1143 2109 1245 2150 pacto
1268 2109 1443 2139 aeternam
1464 2114 1503 2137 se
1521 2101 1666 2147 gloriam
1687 2112 1773 2136 con-

319 2155 516 2186 secuturum
553 2150 728 2195 sperabat.
776 2149 897 2195 itaque
928 2150 1131 2195 frequenter
1161 2162 1203 2184 eo
1235 2150 1365 2193 itabat,
1395 2152 1432 2183 et
1463 2148 1697 2183 Antiocheuos
1728 2147 1774 2181 ad

317 2195 598 2242 pacificationem
635 2195 828 2240 invitabat,
870 2200 1076 2240 arroganter
1113 2207 1187 2230 eam
1225 2199 1465 2240 aspernantes,
1522 2193 1661 2228 interim
1698 2203 1774 2227 cum

320 2240 498 2276 Saraceno
530 2241 678 2286 quodam
705 2240 842 2284 (Aulax
864 2241 895 2276 is
917 2243 1131 2286 vocabatur)
1158 2241 1342 2276 amicitiam
1365 2239 1559 2285 contrahit,
1593 2240 1638 2273 ab
1663 2248 1776 2283 eoque

319 2287 520 2322 muneribus
562 2291 598 2321 et
636 2286 943 2332 pollicitationibus
987 2293 1151 2332 corrupto
1184 2298 1378 2322 mensuram
1408 2286 1516 2321 turris
1551 2283 1776 2319 occidentalis

317 2333 424 2367 unius
449 2332 560 2376 (Cala
579 2332 613 2366 ei
632 2344 755 2367 nomen
774 2333 867 2377 fuit)
891 2332 1037 2368 obtinet.
1085 2333 1160 2367 eius
1183 2333 1312 2368 auxilio
1335 2332 1447 2367 scalas
1469 2331 1662 2366 fabricatus
1684 2340 1777 2375 quae

318 2379 365 2412 ad
390 2389 521 2413 summa
543 2379 649 2413 turris
672 2379 934 2423 pertingerent,
958 2385 1090 2413 noctem
1114 2380 1292 2414 obscuram
1316 2384 1421 2424 atque
1442 2377 1594 2423 pluviam
1616 2380 1777 2422 praesto-

316 2423 430 2468 latus,
454 2435 518 2469 per
541 2435 616 2458 eam
639 2424 774 2459 occulte
796 2424 904 2459 scalas
926 2425 1016 2459 turri
1040 2425 1212 2470 applicat,
1237 2430 1273 2459 et
1293 2436 1368 2459 cum
1390 2422 1559 2458 trecentis
1578 2432 1716 2457 suorum
1739 2420 1777 2455 in

317 2481 393 2504 eam
415 2469 608 2504 adscendit.
633 2469 735 2504 huius
759 2482 801 2504 ac
825 2470 1000 2516 proximae
1024 2471 1128 2505 etiam
1150 2471 1257 2505 turris
1281 2470 1442 2505 custodes
1465 2469 1635 2503 trucidat:
1658 2467 1778 2511 itaque

316 2515 453 2549 duabus
475 2515 629 2550 turribus
653 2516 852 2561 occupatis,
879 2515 985 2551 misso
1008 2516 1128 2551 nuntio
1151 2517 1310 2561 Petrum,
1334 2526 1435 2561 quem
1458 2519 1648 2549 castrorum
1674 2523 1778 2558 prae-

316 2561 448 2594 fectum
479 2561 648 2604 diximus,
683 2562 843 2596 hortatur
876 2567 915 2597 ut
945 2562 1107 2597 celeriter
1134 2573 1211 2597 cum
1245 2562 1338 2596 omni
1367 2560 1522 2596 exercitu
1553 2558 1779 2604 superveniat

318 2605 399 2640 urbi
421 2605 489 2639 iam
514 2611 652 2651 captae.
698 2607 824 2642 Petrus
849 2609 916 2642 etsi
940 2608 1040 2643 initio
1062 2608 1380 2653 tergiversabatur,
1415 2605 1687 2649 indignationem
1711 2604 1778 2638 im-

318 2651 491 2696 peratoris
512 2652 666 2695 veritus,
694 2664 736 2687 ac
758 2658 913 2688 metuens
934 2666 978 2688 ne
1001 2655 1111 2699 ipsius
1135 2654 1294 2688 mandato
1314 2653 1442 2687 violato
1464 2651 1533 2685 sibi
1550 2649 1776 2685 infortunium

318 2700 482 2742 pararet,
512 2701 627 2731 tamen
649 2698 801 2734 instante
822 2700 952 2734 Burtza
976 2705 1012 2734 et
1037 2711 1226 2745 properare
1246 2699 1409 2741 iubente,
1441 2701 1476 2731 et
1496 2708 1535 2731 se
1558 2696 1686 2731 diutius
1711 2706 1779 2740 op-

318 2741 524 2787 pugnationi
545 2741 691 2778 hostium
713 2744 915 2780 tolerandae
938 2757 1006 2779 non
1030 2757 1107 2780 esse
1129 2756 1248 2791 parem
1270 2744 1417 2778 docente
1440 2742 1592 2786 (etenim
1611 2739 1778 2787 oppidani

319 2787 440 2822 audito
469 2792 584 2822 turres
615 2795 801 2834 occupatas
834 2802 912 2825 esse
944 2791 1098 2836 undique
1130 2791 1385 2834 confluxerant,
1420 2794 1456 2823 et
1485 2799 1544 2822 eas
1575 2797 1777 2833 expugnare

320 2832 412 2868 omni
445 2832 561 2868 studio
595 2836 808 2870 conabantur
841 2836 1028 2872 missilibus
1060 2836 1228 2872 coniectis
1251 2847 1293 2872 ac
1315 2834 1425 2870 omnis
1448 2833 1586 2880 generis
1610 2831 1776 2868 adhibitis
