1916 3210
767 136 1047 182 HISTORIA.
1540 136 1640 185 667

172 249 344 299 κυλλοὺ
396 246 555 309 ἐκράτει
581 254 679 308 γοῦν
705 249 732 308 ἦ
759 253 922 307 βασιλὶς
949 251 1025 297 σὺν
1053 256 1138 303 τοῖς
1165 250 1268 295 υἱέσι
1296 254 1430 308 μῆνας
1452 248 1553 296 ἔπτὰ
1574 253 1642 297 καὶ

170 317 318 378 μικρόν
335 335 376 363 τι
395 318 513 378 πρός.

239 423 242 427 .
303 385 511 444 Ῥωμανός
540 388 586 432 δὲ
612 385 634 432 ὃ
662 388 859 446 Διογένης
881 388 988 433 οὕτω
1009 392 1091 432 τῶν
1113 385 1327 447 σκήπτρων
1343 388 1546 446 ’ἐπιτυχὼν
1566 387 1639 433 οὒκ

172 453 342 507 ἔλαττον
369 461 451 501 τῶν
479 457 522 502 ἐν
551 458 647 501 ποσὶ
674 457 926 516 πραγμάτων
951 461 1026 514 τῆς
1053 463 1344 516 στρατιωτικῆς
1364 459 1431 501 καὶ
1454 459 1639 510 εὐταξίας

138 523 382 584 ὔὲφρόντισε
414 527 482 571 καὶ
511 523 765 579 συστάσεως,
798 525 875 570 κᾶν
902 525 963 570 ὅτι
990 524 1171 582 μάλιστα
1200 527 1419 586 συνέδρους
1441 524 1517 582 εἶχε
1542 525 1639 578 τοὺς

169 591 416 652 προγονοῦς,
450 594 647 653 ἐφέδρους
665 596 710 638 δὲ
727 599 884 650 μᾶλλον
904 598 1025 639 εἰπεῖν
1044 595 1319 654 ἀληθέστερον
1325 628 1341 650 ,
1367 597 1436 639 καὶ
1466 595 1537 640 τὸν
1565 598 1642 639 τοῦ

170 660 586 720 προβεβασιλευκότος
613 663 793 722 ἀδελφὸν
814 662 1002 719 Ἰωάννην
1021 663 1092 707 τὸν
1111 665 1325 723 Καίσαρα,
1360 664 1406 707 οἳ
1422 665 1487 707 καὶ
1511 665 1639 720 ἔμπο-

171 730 255 777 δὼν
275 731 389 792 αὐτῷ
409 730 485 776 ἄπ’
507 731 637 790 ἀρχῆς
657 731 754 791 ἄχρι
775 732 916 784 τέλους
934 729 1144 790 γεγόνασι,
1173 734 1241 777 καὶ
1262 733 1314 777 τὰ
1330 731 1535 789 Ῥωμαϊκὰ
1557 751 1634 777 κα-
1655 742 1689 779 D

168 803 252 851 κῶς
280 800 471 846 διέθεσαν
499 799 721 859 πράγματα
750 803 818 844 καὶ
850 804 906 854 εἲς
934 800 958 845 ὃ
988 805 1060 845 νῦν
1087 800 1232 860 ὁρᾶται
1259 801 1415 858 ἔχοντα.
1482 802 1636 860 ἤρξατο

113 867 249 927 ,ίθγὰρ
269 866 368 920 τούς
387 886 431 913 τε
453 868 730 927 ἇλογωτέρους
751 872 987 922 δεξιοῦσθαι
1010 871 1078 913 καὶ
1099 877 1184 922 τοῖς
1205 871 1394 929 ἔχε’φροσι
1413 872 1481 914 καὶ
1500 889 1638 914 πεπει-

167 936 357 995 ραμένοις
383 935 538 994 ὁμιλεῖν
565 943 647 983 τῶν
674 944 956 995 στρατιωτῶν,
989 941 1057 981 καὶ
1079 943 1305 994 πολεμικῶν
1327 939 1454 998 ἔργων
1475 938 1638 995 ἀντέχε-

167 1009 296 1059 σθαι,
329 1004 582 1064 πρεσβευτάς
603 1024 647 1051 τε
672 1005 917 1062 ἑτοιμάζειν,
952 1008 1018 1050 καὶ
1047 1007 1305 1063 πανταχόθεν
1331 1016 1416 1059 τοῖς
1444 1009 1637 1059 ἐναντίοις

167 1075 412 1130 ἐπιτειχίζειν
440 1075 516 1132 τὴν
544 1074 739 1134 πάροδον.
807 1076 876 1119 διὰ
897 1074 1026 1120 ταῦτά
1048 1094 1109 1120 τοι
1131 1077 1201 1119 διὰ
1223 1075 1298 1120 δύο
1319 1080 1458 1133 μηνῶν
1478 1081 1637 1135 παρολ-

166 1142 242 1199 κὴν
264 1141 292 1200 ἦ
313 1148 386 1200 τῆς
406 1141 512 1204 ἑῴας
534 1144 656 1188 αὐτὸν
680 1145 837 1199 δέχεται
857 1147 1112 1202 Προποντίς,
1146 1147 1214 1189 καὶ
1241 1143 1262 1188 ὅ
1288 1147 1406 1201 ζῆλος
1431 1150 1506 1203 τῆς
1526 1147 1637 1190 ἐκδι-

113 1219 156 1256 15
167 1213 258 1263 κίας
275 1213 430 1269 ἐνίκησε
451 1212 525 1269 τὴν
549 1214 592 1258 ἓν
614 1217 665 1272 τῇ
686 1215 868 1269 βασιλίδι
891 1211 1051 1273 τρυφήν
1071 1231 1115 1258 τε
1135 1215 1204 1257 καὶ
1222 1216 1448 1270 θυμηδίαν.
1517 1214 1540 1258 ὃ
1567 1216 1637 1258 καὶ
1704 1248 1706 1250 -

165 1279 321 1333 πάντας
348 1281 591 1339 κατέπληξεν
599 1314 614 1335 ,
648 1280 674 1338 ἦ
698 1288 839 1338 ταχεῖα
862 1283 1020 1339 δηλαδὴ
1044 1281 1256 1339 ἕτοιμασία
1277 1285 1345 1327 καὶ
1366 1282 1549 1336 διάταξις
1568 1285 1638 1327 καὶ

164 1349 402 1408 παρασκευὴ
434 1351 537 1409 πρὸς
565 1349 742 1408 ἀνάγκης
771 1352 882 1410 αὐτῷ
909 1351 1098 1408 γενομένη
1128 1355 1294 1408 πολλῆς.
1363 1353 1415 1396 τὰ
1435 1353 1510 1408 μὲν
1532 1351 1638 1397 κατὰ
1658 1358 1689 1395 Ρ
1712 1358 1782 1396 823

163 1418 238 1475 τὴν
250 1418 494 1476 Ἀντιόχειαν
509 1421 578 1464 καὶ
596 1421 785 1463 Κιλικίαν
801 1427 890 1472 ταῖς
907 1421 1215 1479 προειρημέναις
1233 1422 1449 1479 ἐκδρομαῖς
1468 1421 1637 1479 ἀπειρη-

163 1485 266 1534 κότα
285 1488 327 1532 ἓν
346 1486 533 1543 ἐσχάτοις
550 1487 771 1540 κινδύνοις·
807 1489 849 1533 ἓν
871 1490 916 1532 δὲ
936 1496 1021 1540 τοῖς
1037 1490 1307 1548 βορειοτέροις
1331 1489 1454 1542 αὐτὸς
1471 1488 1493 1533 ὅ
1514 1495 1641 1535 σουλ-

108 1554 287 1609 Ξθτᾶνος
304 1562 558 1618 πανστρατιᾷ
578 1556 798 1614 ἐξελήλυθε
805 1589 819 1610 ,
844 1557 1034 1613 δυνάμεις
1053 1557 1163 1614 ἄγων
1186 1558 1454 1610 ἀνυποίστους
1470 1561 1537 1602 καὶ
1557 1564 1640 1615 βα-

164 1626 298 1680 ρείας,
331 1627 402 1671 καὶ
430 1633 516 1678 τοῖς
547 1624 673 1684 ὁρίοις
702 1630 784 1670 τῶν
801 1624 1011 1682 Ῥωμαίων
1035 1631 1095 1686 τῷ
1117 1631 1248 1686 καιρῷ
1272 1632 1346 1671 τοῦ
1367 1626 1637 1687 φθινοπώρου

163 1693 424 1754 προσήνωτο,
452 1693 701 1752 βουλόμενος
728 1693 1033 1755 παραχειμάσαι
1061 1696 1184 1741 ἐκεῖσε
1212 1697 1282 1739 καὶ
1310 1695 1535 1755 ἀρχομένου
1562 1700 1639 1758 τοῦ

255 1849 301 1886 10
324 1848 372 1885 ἴσ.
395 1847 639 1895 λογιωτέρους
660 1861 781 1896 margo
804 1850 835 1885 P
975 1849 1019 1887 14
1041 1849 1090 1886 ἴσ.
1112 1849 1268 1896 φροντὶς
1289 1861 1408 1897 margo
1431 1852 1462 1887 P

160 1984 276 2032 ipsum
298 1987 389 2023 bene
410 1993 608 2035 sperarunt.
656 1988 777 2035 itaque
797 1987 956 2034 Augusta
976 2000 1053 2024 cum
1075 1988 1158 2025 filiis
1180 1988 1254 2025 suis
1277 1999 1414 2025 menses
1436 1991 1571 2035 septem
1594 1992 1632 2026 et

158 2032 265 2080 paulo
287 2033 434 2081 amplius
454 2033 656 2080 imperavit.

251 2079 431 2116 Romanus
454 2087 571 2116 autem
587 2081 769 2126 ‚Diogenes
793 2080 845 2116 ita
867 2079 1015 2126 adeptus
1034 2080 1215 2127 imperium
1234 2080 1326 2116 haud
1343 2080 1510 2116 minorem
1526 2092 1632 2126 prae-

161 2125 311 2161 sentium
343 2138 461 2162 rerum
492 2127 663 2162 rationem
697 2127 821 2162 habuit
849 2138 950 2172 quam
980 2126 1144 2162 militaris
1174 2127 1229 2162 rei
1259 2129 1349 2162 bene
1373 2128 1635 2171 componendae

161 2175 270 2217 atque
300 2173 584 2218 constituendae,
622 2172 726 2208 etiam
758 2173 790 2208 si
821 2185 923 2218 quam
951 2173 1099 2208 maxime
1130 2173 1350 2208 consiliarios
1376 2173 1498 2208 habuit
1518 2173 1634 2219 privi-

161 2229 273 2262 gnos,
303 2217 407 2253 immo
430 2223 470 2254 ut
492 2219 612 2254 verius
636 2219 770 2264 dicam,
794 2218 1040 2264 insidiatores,
1066 2223 1104 2254 et
1124 2219 1288 2254 Ioannem
1311 2220 1498 2254 Caesarem
1525 2231 1634 2274 supe-

160 2263 267 2298 rioris
299 2263 521 2309 imperatoris
553 2265 716 2310 fratrem,
754 2265 815 2310 qui
839 2265 873 2299 ei
894 2277 1033 2311 semper
1055 2266 1100 2300 ab
1124 2265 1226 2300 initio
1251 2266 1295 2300 ad
1318 2266 1421 2300 finem
1441 2265 1543 2301 fuere
1565 2277 1634 2300 lm-

160 2309 363 2355 pedimento
398 2314 434 2345 et
463 2311 698 2345 Romanorum
721 2322 779 2345 res
802 2311 839 2346 in
863 2311 1048 2357 pessimum
1073 2317 1199 2346 statum
1223 2311 1420 2356 deduxere,
1454 2311 1515 2356 qui
1542 2323 1634 2347 nunc

162 2356 330 2391 cernitur.
378 2355 498 2401 coepit
519 2362 632 2392 autem
658 2362 695 2391 et
717 2356 895 2402 digniores
918 2357 1102 2403 amplecti,
1129 2363 1165 2393 et
1186 2369 1260 2392 cum
1284 2357 1568 2404 prudentioribus
1592 2370 1635 2393 ac

160 2401 389 2448 peritioribus
414 2401 583 2447 colloqui,
616 2407 653 2437 et
674 2403 758 2437 belli
782 2414 924 2438 munera
947 2404 1149 2450 suscipere,
1177 2409 1212 2439 et
1236 2403 1372 2450 legatos
1395 2415 1546 2450 parare,
1578 2409 1634 2439 at·-

161 2458 231 2494 que
255 2448 410 2494 undique
432 2447 593 2483 hostibus
616 2448 747 2484 aditum
769 2449 1019 2485 intercludere.
1067 2449 1121 2485 his
1145 2450 1190 2485 de
1211 2450 1325 2485 causis
1344 2450 1480 2485 duobus
1500 2450 1634 2486 exactis

160 2493 360 2538 mensibus,
392 2493 552 2529 Orientis
582 2506 666 2530 cura
687 2495 801 2542 ipsum
825 2495 944 2541 cepit,
970 2502 1008 2531 et
1031 2495 1174 2531 ultionis
1196 2496 1424 2542 iustitiaeque
1448 2496 1544 2531 zelus
1568 2497 1633 2531 de-

158 2539 260 2577 licias
287 2545 324 2575 et
345 2540 452 2576 animi
474 2539 665 2585 mollitiem,
692 2553 783 2586 quae
805 2541 842 2576 in
866 2543 953 2576 urbe
974 2542 1077 2587 regia
1098 2542 1224 2588 inerat,
1248 2543 1356 2585 vicit3
1379 2542 1473 2588 quod
1491 2542 1632 2588 quidem

160 2597 280 2621 omnes
302 2585 473 2633 perculit,
497 2586 591 2622 celer
612 2587 779 2623 videlicet
800 2594 992 2634 apparatus
1017 2593 1053 2623 et
1076 2589 1181 2634 ordo,
1212 2600 1314 2634 quem
1338 2589 1484 2624 maxime
1506 2600 1629 2624 neces-

158 2631 253 2667 sario
287 2631 514 2677 requirebant
545 2644 604 2668 res
633 2634 842 2668 Antiochiae
866 2639 901 2669 et
922 2634 1068 2669 Ciliciae
1089 2635 1374 2680 excursionibus,
1410 2646 1497 2681 quas
1519 2646 1628 2681 supe-

157 2677 232 2712 rius
257 2677 427 2724 diximus,
451 2678 666 2724 defatigatae
690 2685 726 2715 et
748 2680 784 2714 in
808 2687 963 2715 extrema
986 2682 1156 2716 adductae
1178 2681 1395 2716 discrimina.
1443 2681 1487 2716 ad
1507 2687 1628 2728 partes

156 2729 270 2759 autem
304 2725 415 2770 magis
446 2725 584 2760 Boreae
606 2725 779 2761 subiectas
803 2726 880 2773 ipse
903 2727 1069 2762 Sultanus
1093 2739 1168 2763 cum
1193 2728 1284 2763 omni
1307 2727 1464 2762 exercitu
1486 2726 1627 2774 irrupit,

154 2781 283 2814 graves
317 2781 435 2805 secum
468 2771 590 2817 copias
624 2778 662 2807 et
697 2772 824 2818 quibus
847 2773 965 2809 resisti
989 2774 1151 2819 nequiret
1172 2774 1362 2812 adducens.
1411 2779 1447 2809 et
1471 2774 1515 2809 ad
1538 2774 1627 2808 fines

156 2816 390 2852 Romanorum
421 2822 586 2854 autumno
618 2823 837 2866 accesserat,
875 2825 916 2855 ut
946 2818 998 2856 ibi
1029 2820 1219 2868 hiemaret,
1254 2826 1292 2856 et
1314 2820 1457 2856 ineunte
1479 2832 1565 2857 vere
1588 2825 1627 2856 ut
