1890 3236
469 155 866 202 msrolmlwm
907 146 1300 204 commmum.
1354 217 1358 220 q
1521 155 1620 204 393

148 270 401 329 στρατηγοὺς
428 271 575 331 ἓφίστα
603 271 668 315 ἐπὶ
697 272 853 317 συνέσει
880 273 949 316 καὶ
977 272 1162 334 ἐμπειρίᾳ
1181 267 1526 330 στρατηγημάτων
1544 276 1620 327 βε-

9 382 15 387 „
146 340 396 396 βοημένους,
430 342 499 384 καὶ
523 344 604 384 τῶν
631 339 767 385 ἄλλων
789 343 1014 397 ἐπεμελεῖτο
1035 346 1326 399 παρασκευῶν,
1358 343 1426 386 ’ίνα
1446 341 1623 398 μηδενὸς

0 424 15 459 -ἤ
147 410 332 463 σπανίζοι
352 410 399 453 τὸ
419 408 667 468 στράτευμα.
733 409 964 468 ἐπεμελήθη
983 412 1028 455 δὲ
1044 412 1113 454 καὶ
1131 415 1206 455 τοῦ
1225 409 1372 455 στόλου
1393 410 1463 454 διὰ
1478 411 1616 454 Λέον-
1640 414 1673 450 D

0 442 12 502 ξ
147 495 219 531 τος
234 482 310 522 τοῦ
326 478 431 534 μετὰ
446 483 577 524 ταῦτα
591 481 978 538 πρωτοβεστιαρίου,
997 481 1268 538 δρουγγαρίου
1284 478 1375 523 τότε
1393 485 1474 524 τῶν
1490 483 1620 525 πλωΐ-

0 504 14 591 l
113 552 238 603 ὅμων
258 546 548 605 τυγχάνοντος,
581 548 636 592 τὰ
652 549 727 605 μὲν
749 550 905 592 παλαιὰ
928 547 1197 601 ἐπισκευάσας
1204 581 1218 602 ,
1246 548 1552 601 κατασκευάσας
1574 549 1622 593 δὲ

0 593 11 667 ξ,
147 617 218 660 καὶ
243 615 349 660 ἄλλα
375 617 496 661 καινὰ
522 618 590 663 καὶ
618 616 764 662 στόλον
792 615 1002 675 ἀξιόλογον
1027 617 1397 674 καταστησάμενος.
1463 621 1546 663 ἐπεὶ
1575 618 1621 662 δὲ

146 683 283 729 πάντα
301 689 437 738 καλῶς
454 684 557 742 εἶχεν
575 686 687 746 αῧτῷ
712 686 833 744 ἔαρος
858 685 1118 746 ἐπιστάντος,
1149 691 1210 746 τῷ
1239 691 1329 746 θεῷ
1360 687 1413 731 τὰ
1441 685 1621 746 ἕξιτήρια

0 754 5 764 ’
146 751 289 807 θύσας
301 756 370 799 καὶ
385 753 684 811 συνταξάμενος
699 762 785 807 τοῖς
799 757 983 808 πολίταις
999 755 1118 808 ἔξεισι
1133 762 1207 812 τῆς
1221 759 1445 811 βασιλίδος.
1504 774 1620 814 γενο-

145 824 256 882 μένῳ
277 823 321 868 δ’
343 823 455 883 αὐτῷ
473 824 580 868 κατὰ
595 824 669 882 τὴν
682 823 913 869 Ῥαιδεστὸν
931 823 1005 869 δύο
1025 830 1250 869 συναντῶσι
1271 829 1513 883 πρεσβευταὶ
1537 830 1619 870 τῶν

90 894 346 946 mxxv-mv,
379 897 440 951 τῷ
467 895 600 937 δοκεΐν
628 894 704 950 μὲν
731 895 950 952 πρεσβείαν
976 894 1325 953 ἄποπληροῧντες,
1360 895 1465 954 ἔργῳ
1494 897 1539 939 δὲ
1566 894 1621 939 τὰ

138 958 350 1016 Ῥωμαίων
369 960 559 1014 ἐλθόντες
577 968 887 1020 κατασκοπῆσαι
903 962 1145 1021 πράγματα·
1181 963 1252 1015 οὓς
1268 965 1532 1018 ὀνειδίζοντας
1548 966 1617 1007 καὶ

142 1028 268 1074 ἄδικα
301 1029 469 1087 πάσχειν
498 1032 796 1088 ἐπιβοωμένους
826 1034 1071 1091 προσέταξεν
1109 1031 1132 1076 ὃ
1170 1034 1364 1090 βασιλεὺς
1392 1038 1618 1092 περιελθεῖν

143 1096 254 1144 ἅπαν
282 1099 330 1143 τὸ
363 1099 638 1159 στρατόπεδον
667 1103 735 1145 καὶ
764 1092 952 1159 *9⁰⁶9
978 1103 1170 1160 γενέσθαι
1197 1108 1279 1146 τῶν
1306 1101 1458 1154 τάξεων
1493 1103 1620 1160 (οὐδὲ

141 1167 222 1227 γὰρ
241 1167 415 1226 ἠγνόησε
432 1175 506 1224 τῆς
525 1170 701 1227 ἀφίξεως
719 1170 793 1226 τὴν
809 1156 967 1224 αἰτίας)
977 1203 991 1225 ,
1024 1170 1316 1229 περιελθόντας
1334 1173 1379 1216 δὲ
1397 1174 1465 1215 καὶ
1484 1171 1618 1216 πάντα
1639 1177 1669 1212 Ρ
1693 1176 1763 1213 672

87 1244 133 1282 1⁵
142 1236 531 1295 κατασκοπήσαντας
569 1237 905 1283 ἀπαλλάττεσθαι
948 1239 1257 1298 παρεκελεύετο,
1303 1243 1371 1285 καὶ
1405 1246 1464 1300 τῷ
1499 1246 1618 1301 σφῶν

140 1305 352 1366 ἡγουμένῳ
381 1307 507 1365 λέγειν
538 1306 595 1360 ὥς
621 1307 725 1365 μετὰ
744 1307 936 1366 τοιαύτης
957 1310 1173 1367 εὐκοσμίας
1194 1312 1261 1354 καὶ
1282 1312 1494 1366 πειθηνίου
1511 1315 1619 1356 λαοῦ·

142 1373 166 1420 ὃ
183 1374 396 1431 Ῥωμαίων
412 1377 607 1432 βασιλεὺς
628 1377 786 1434 ἔρχεται
805 1379 1072 1437 ὥχυρωμίνος
1093 1377 1333 1436 πολεμήσων
1354 1380 1481 1438 αὐτῷ.
1548 1382 1619 1424 καὶ

140 1444 239 1496 τοὺς
252 1445 328 1500 μὲν
344 1446 597 1504 πρεσβευτὰς
609 1444 873 1505 ὖποχωρῆσαι
891 1450 1104 1505 πεποιήκεν
1122 1448 1264 1502 οὕτως,
1292 1448 1415 1500 αὐτὸς
1432 1450 1477 1492 δὲ
1495 1447 1621 1493 κατό-

140 1531 211 1558 πιν
239 1512 435 1568 εὗζῶνους
458 1514 624 1571 λαβών,
657 1516 802 1569 πεζοὺς
818 1517 892 1572 μὲν
916 1517 1024 1577 ἀμφὶ
1045 1518 1120 1569 τὰς
1139 1518 1254 1561 πέντε
1269 1516 1463 1574 χιλιάδας
1485 1519 1619 1570 ἱππεῖς

85 1583 188 1627 ωδὲ
214 1585 271 1635 εἷς
297 1586 661 1641 τετρακισχιλίους,
695 1585 743 1630 τὸ
766 1587 812 1630 δὲ
833 1587 973 1631 λοιπὸν
991 1585 1100 1631 ἅπαν
1119 1590 1282 1641 πλῆθος
1304 1589 1504 1643 σχολαίως
1525 1588 1617 1631 ἕπε-

139 1655 247 1697 σθαι
274 1651 468 1705 κελεύσας
491 1653 597 1709 μετὰ
626 1656 846 1699 Βασιλειόυ
869 1660 944 1700 τοῦ
964 1657 1352 1714 παρακοιμωμένου,
1386 1657 1458 1702 τὸν
1475 1654 1617 1713 Αἶμον

140 1721 293 1776 διαβὰς
323 1720 554 1780 ἆπρόοπτος
586 1724 643 1775 εἷς
669 1724 744 1780 τὴν
768 1727 964 1782 πολεμίαν
989 1727 1186 1781 διαβαίνει
1209 1728 1278 1769 καὶ
1300 1724 1512 1781 ἐσβάλλει,
1547 1727 1616 1769 καὶ

138 1790 258 1847 ἔγγὺς
285 1796 359 1848 τῆς
385 1789 540 1843 πόλεως
570 1797 645 1850 τῆς
675 1792 854 1851 μεγάλης
880 1793 1188 1851 Περσθλάβας,
1231 1794 1320 1852 ἥτις
1349 1794 1426 1850 εἶχε
1452 1796 1505 1840 τὰ
1531 1799 1613 1839 τῶν
1634 1800 1666 1836 Β

138 1858 390 1919 Βουλγάρων
404 1862 614 1916 βασίλεια,
647 1862 722 1919 τὴν
739 1866 1054 1922 στρατοπεδείαν
1072 1863 1261 1921 ἐπήξατο.
1329 1869 1448 1910 τοῦτο
1473 1866 1613 1924 αἰφνι-

229 1967 276 2007 18
301 1961 414 2012 οὗτος
435 1969 468 2006 C
603 1971 651 2008 22
672 1970 863 2019 βασιλείαν
884 1972 916 2009 C
1051 1971 1239 2021 διαβαίνει
1260 1972 1324 2010 καὶ
1346 1986 1403 2012 om
1427 1974 1459 2011 C

136 2061 226 2097 fecit
261 2060 448 2109 prudentia
480 2067 518 2099 et
549 2064 675 2100 artium
708 2064 1009 2111 imperatoriarum
1040 2064 1171 2111 peritia
1202 2065 1361 2109 nobiles3
1396 2069 1434 2101 et
1465 2064 1614 2112 reliquis

138 2107 298 2143 omnibus
321 2110 534 2155 apparandis
557 2122 634 2147 eam
657 2112 828 2157 impendit
850 2123 988 2157 curam,
1023 2124 1068 2147 ne
1091 2112 1177 2157 quid
1199 2124 1314 2147 rerum
1338 2113 1613 2148 necessariarum

137 2153 354 2190 exercitibus
377 2157 534 2192 deesset.
579 2157 723 2192 classem
747 2169 887 2204 quoque
912 2158 1050 2193 curavit
1071 2170 1181 2204 opera
1203 2159 1335 2194 Leonis
1356 2159 1431 2194 eius
1450 2159 1512 2204 qui
1528 2165 1613 2195 tunc

137 2200 193 2235 rei
214 2200 349 2235 navalis
371 2202 601 2248 drungarius,
624 2210 750 2249 postea
772 2210 828 2239 est
847 2204 1138 2250 protovestiarius
1158 2206 1295 2247 sactus3
1319 2211 1354 2240 et
1374 2217 1450 2240 cum
1471 2211 1614 2241 veteres

138 2257 249 2281 naves
277 2247 407 2283 refecit
437 2254 510 2283 tum
539 2260 650 2284 novas
683 2250 875 2286 fabricatus
909 2256 986 2296 est,
1025 2257 1062 2285 et
1086 2250 1231 2286 classem
1263 2251 1389 2286 iustam
1417 2251 1615 2287 constituit.

138 2291 297 2328 omnibus
321 2295 434 2339 probe
457 2295 658 2341 adornatis,
683 2296 828 2331 ineunte
850 2308 936 2332 vere
961 2297 1072 2331 sacris
1097 2297 1164 2331 deo
1189 2308 1253 2343 pro
1280 2298 1376 2333 felici
1403 2298 1500 2332 exitu
1523 2310 1612 2344 ope-

136 2344 253 2384 ratus,
290 2345 329 2376 et
357 2339 492 2376 relictis
524 2342 570 2376 sd
600 2342 697 2377 cives
730 2343 921 2387 mandatis,
955 2343 1060 2388 Cpoli
1093 2343 1179 2378 exit.
1226 2355 1301 2378 cum
1331 2345 1374 2379 ad
1399 2345 1614 2379 Raedestum

136 2384 316 2431 venisset,
349 2386 419 2422 duo
451 2386 504 2421 illi
536 2394 724 2424 occurrunt
754 2402 776 2424 a
807 2389 954 2434 Scythis
987 2389 1084 2424 missi
1116 2390 1181 2424 sub
1213 2390 1400 2436 legationis
1425 2396 1612 2436 praetextu

135 2431 356 2476 exploratum
389 2444 447 2468 res
476 2433 666 2469 Romanas.
714 2447 802 2481 quos
834 2434 1097 2481 expostulantes
1128 2440 1164 2470 et
1191 2436 1236 2471 de
1261 2436 1398 2471 iniuriis
1423 2436 1615 2481 Scythicae

134 2477 235 2524 genti
256 2479 362 2514 factis
384 2486 592 2534 querentes,
627 2492 703 2517 cum
727 2494 796 2516 non
820 2481 1000 2527 ignoraret
1022 2493 1160 2516 causam
1184 2494 1303 2518 eorum
1326 2483 1521 2529 adventus,
1547 2494 1614 2529 per

133 2530 212 2560 tots
235 2530 353 2561 castra
375 2526 545 2572 circuire,
579 2531 614 2561 et
636 2539 756 2563 omnes
778 2528 919 2563 ordines
941 2527 1188 2574 contemplari,
1221 2541 1333 2575 eoque
1357 2530 1453 2564 facto
1474 2530 1612 2566 domum

134 2570 273 2615 redire,
305 2583 441 2617 suoque
471 2573 623 2619 principi
653 2574 774 2609 dicere
794 2575 894 2610 iubet
916 2575 1108 2609 Romanum
1131 2574 1184 2610 sic
1207 2582 1330 2610 ornato
1355 2581 1392 2610 et
1413 2575 1518 2611 dictis
1544 2577 1611 2611 ob-

133 2623 307 2662 sequente
339 2619 498 2654 exercitu
522 2620 567 2655 ad
590 2620 717 2655 bellum
744 2626 868 2656 contra
892 2621 1006 2667 ipsum
1031 2622 1221 2666 gerendum
1240 2621 1377 2656 venire.
1423 2622 1490 2657 hoc
1507 2623 1611 2658 modo

133 2662 289 2707 dimissis
317 2665 615 2711 exploratoribus,
653 2667 732 2714 ipse
762 2679 837 2702 cum
869 2667 1044 2714 expeditis
1075 2667 1217 2703 circiter
1247 2669 1340 2705 5000
1369 2668 1546 2714 peditibus
1570 2673 1608 2705 et

133 2714 301 2755 quattuor
329 2711 484 2756 equitum
516 2712 673 2758 milibus,
708 2715 870 2749 mandato
892 2713 1039 2759 reliquis
1062 2719 1102 2749 ut
1124 2715 1212 2749 duce
1234 2714 1366 2749 Basilio
1389 2715 1606 2752 cubiculario

129 2755 225 2790 citra
251 2757 510 2794 festinationem
537 2761 856 2805 subsequerentur,
892 2766 1058 2806 superato
1080 2760 1189 2795 Aemo
1213 2761 1250 2796 in
1273 2760 1443 2796 hosticum
1466 2762 1608 2797 nemine

132 2808 360 2848 exspectante
388 2803 570 2851 irrumpit,
604 2811 642 2841 et
663 2818 776 2853 prope
798 2809 918 2843 urbem
941 2817 1098 2852 magnam
1122 2807 1380 2852 Persthlabam,
1415 2807 1475 2843 ubi
1504 2808 1606 2853 regia

133 2854 213 2884 erat
240 2849 488 2898 Bulgarorum,
521 2856 639 2889 castra
666 2854 784 2900 ponit.
829 2864 873 2890 ca
894 2853 1011 2891 subita
1037 2865 1096 2889 res
1118 2853 1264 2900 Scythis
1285 2859 1456 2891 terrorem
1479 2859 1602 2903 stupo-
