1916 3210
303 186 400 233 512
775 181 1014 228 GEORGII
1046 181 1287 227 CEDRENI
1330 252 1333 258 ⁴

301 299 447 355 μαίους
463 295 621 355 εἲρῆνην
637 293 832 340 ἀπείπατο
852 297 920 340 καὶ
941 295 995 340 τὰ
1011 293 1152 356 πρῴην
1169 295 1344 340 δοθέντα
1361 294 1518 356 κάστρα
1532 300 1602 343 καὶ
1620 296 1753 358 φρού-

252 376 283 411 C
306 385 375 426 ρια
411 364 569 416 ἅπαντα
606 362 862 420 ἀνεκτήσατο.
929 365 1221 422 περαιωθέντες
1249 365 1295 408 δὲ
1326 367 1394 408 καὶ
1426 365 1496 409 τὸν
1525 365 1682 425 Ἴστρον
1713 366 1755 410 οἱ

298 432 550 486 Πατζινάκαι
566 436 699 475 πᾶσαν
719 433 928 488 ἐληίσαντο
948 432 1020 489 τὴν
1037 434 1210 476 Μυσίαν
1230 432 1324 492 ἄχρι
1348 434 1671 491 Θεσσαλονίκης.
1683 436 1755 490 καὶ

299 503 351 546 τὰ
367 506 447 544 τῶν
469 500 632 558 ’Άφρων
649 504 770 543 πλοῖα
793 500 867 552 τὰς
885 499 1107 552 Κυκλάδας
1127 501 1174 544 οὗ
1196 505 1351 559 μικρῶς
1370 499 1647 558 ἔλυμήναπω,
1696 497 1757 548 ὧν.

297 570 466 625 οὐδεμία
488 570 653 627 φροντὶς
672 563 722 623 ἦν
739 573 798 628 τῷ
815 566 1000 626 Ἰωάννῃ,
1033 567 1161 626 μόνην
1183 570 1228 630 ὃῖ
1249 569 1423 626 ἒζιιμονον
1440 569 1634 626 ἀσχολίαν
1652 566 1797 627 ‘fxv-⁵

299 637 407 689 ὅπως
425 636 474 680 ἀν
502 635 522 679 ὅ
549 636 820 693 Δαλασσηνός
838 637 1036 696 ἀσφαλῶς
1052 644 1212 695 τηροῖτο
1234 640 1301 681 καὶ
1317 638 1376 694 μὴ
1393 638 1468 690 τὰς
1487 637 1612 682 αῧτυῦ
1630 636 1759 689 λᾶἃοε
1805 672 1808 675 <

300 706 471 763 διαδρὰς
491 703 727 756 πλεκτάνας.
799 707 867 748 καὶ
897 707 1000 762 δῆτα
1021 706 1257 763 μεταγαγὼν
1282 706 1360 749 ἀπὸ
1391 711 1465 763 τῆς
1490 705 1616 763 νήσου
1631 705 1765 751 md*

300 792 373 829 της
400 773 523 816 αὐτὸν
548 771 687 832 πύργῳ
715 775 998 831 καθείργνυσιν
1025 775 1224 833 ἀσφαλεῖ,
1258 773 1474 831 ἐπιστήσας
1490 775 1602 834 αὐτῷ
1616 782 1759 834 φρου-

300 842 397 900 ρούς
426 842 498 884 οὐκ
532 841 717 898 ἀγεννεῖς.
784 843 1091 897 μεταστέλλεται
1114 843 1157 886 ‹5'
1191 839 1237 895 ἔξ
1252 843 1444 899 Ἐδέσσης
1463 844 1532 886 καὶ
1553 844 1596 886 Γ
1590 841 1762 902 adorco&

300 911 506 967 πατρίκιον
527 910 597 953 τὸν
617 907 855 966 Μανιάκην,
885 913 953 954 καὶ
971 915 1114 955 τοῦτον
1128 912 1202 967 μὲν
1223 910 1359 969 ἄρχειν
1375 911 1563 967 ἐκπέμπει
1583 915 1656 968 τῆς
1671 910 1814 959 ἅνωιο

300 980 472 1034 Μηδίας
492 980 559 1021 καὶ
579 982 653 1035 τῆς
669 978 988 1038 Ἄσπρακανίας,
1023 980 1065 1024 ἓν
1080 980 1250 1038 Ἔδέσσῃ
1276 981 1322 1023 δὲ
1341 981 1485 1035 πέμπει
1503 980 1670 1026 Λέοντα
1686 977 1760 1024 τὸν

252 1060 281 1095 1)
304 1045 605 1105 Λεπενδρηνόν.
681 1048 823 1099 ἕλκους
864 1048 910 1092 δὲ
951 1049 1238 1104 ὃιανεμομένου
1267 1049 1314 1092 τὸ
1341 1052 1415 1092 τοῦ
1445 1045 1758 1107 ὄρφανοτρόφου

302 1114 434 1171 στόμα
450 1118 517 1159 καὶ
538 1114 670 1171 πάσης
690 1117 872 1175 ἰατρικῆς
887 1116 1026 1173 τέχνης
1047 1117 1319 1175 ἀπειρηκυίας,
1348 1116 1447 1175 ὄναρ
1470 1117 1580 1175 αὐτῷ
1595 1116 1761 1168 ἐπιστὰς

303 1183 324 1227 ὅ
343 1186 468 1241 με’γας
487 1185 528 1226 ἔν
554 1183 743 1239 θαύμασι
761 1183 967 1239 Νικόλαος
988 1185 1098 1241 ἣκειν
1121 1187 1163 1228 ἓν
1182 1185 1350 1243 Μύροις
1369 1186 1443 1241 τὴν
1463 1186 1653 1241 ταχίστην
1672 1185 1760 1228 ἔκέ-

304 1258 416 1296 λευεν
437 1251 492 1303 ὥς
508 1254 631 1295 ἐκεῖσε
649 1252 882 1308 τευξόμενον
902 1254 1138 1310 θεραπείας.
1173 1252 1194 1296 ὅ
1215 1254 1260 1296 δὲ
1284 1258 1438 1297 θᾶττον
1455 1253 1482 1308 ἢ
1502 1252 1620 1310 λόγος
1635 1253 1757 1297 ἐκεῖσε
1771 1259 1814 1295 15

305 1320 525 1379 φοιτήσας,
564 1323 632 1364 καὶ
660 1321 806 1380 μύροις
828 1324 895 1364 καὶ
926 1322 1070 1373 ἄλλαις
1097 1323 1368 1372 πολυτελείαις
1393 1322 1463 1365 τὸν
1490 1326 1563 1367 τοῦ
1583 1319 1760 1378 μεγάλου

302 1394 417 1432 θεῖον
438 1389 731 1445 δεξιωσάμενος
758 1389 878 1444 ναόν,
924 1393 992 1433 καὶ
1013 1392 1131 1446 τείχει
1151 1391 1401 1447 περικλείσας
1423 1388 1665 1449 ὄχυρωτάτῳ
1689 1389 1764 1444 τὴν

303 1463 384 1502 τῶν
400 1458 583 1515 Μυρέων
602 1457 861 1516 μητρόπολιν,
890 1460 1113 1516 θεραπείας
1132 1459 1265 1513 τυχῶν
1284 1457 1483 1502 ἐπάνεισιν
1498 1456 1628 1514 ὑγιής.

439 1524 600 1580 Νικήτα
621 1528 665 1569 δὲ
695 1532 767 1570 τοῦ
786 1532 1103 1584 στρατηγοῦντος
1127 1528 1167 1570 ἓν
1191 1528 1409 1588 Ἀντιοχείᾳ
1429 1531 1501 1580 τῆς
1517 1527 1672 1583 Συρίας
1686 1541 1766 1569 κα-

303 1595 606 1652 ταστρέψαντος
632 1595 705 1651 τὴν
736 1595 853 1650 ζωήν,
901 1594 1043 1652 ἅτερος
1074 1600 1154 1638 τῶν
1186 1596 1372 1652 ἀδελφῶν
1403 1593 1424 1637 ὅ
1456 1596 1818 1645 Κωνσταντΐνοςὲο

303 1665 548 1707 καθίσταται
579 1661 721 1707 τούτου
754 1662 967 1717 διάδοχος,
1016 1666 1083 1706 καὶ
1106 1665 1147 1705 Γ
1143 1661 1306 1720 εώργίός
1337 1661 1358 1706 ὃ
1386 1663 1526 1714 λοιπὸς
1553 1667 1763 1721 πρωτοβε-

304 1730 484 1789 στιάριος
501 1732 662 1787 γίνεται,
695 1736 770 1774 τοῦ
790 1730 971 1786 Συμεών,
1006 1729 1062 1782 ὥς
1080 1732 1252 1786 εἴπομεν,
1285 1730 1331 1774 τὸ
1351 1730 1570 1786 μοναδικὸν
1591 1733 1764 1774 ἐνδυσα-

303 1801 427 1855 μένου
456 1804 609 1855 σχῆμα.
688 1801 899 1858 ἐλευθεροῖ
925 1800 970 1843 os?
999 1801 1067 1842 καὶ
1092 1800 1188 1851 τοὺς
1213 1800 1530 1858 καθειργμένους
1553 1799 1765 1854 Ἀντιοχεῖς

397 1897 418 1932 1
433 1892 609 1950 φρούρια
631 1893 695 1930 καὶ
716 1892 858 1939 κάστρα
882 1894 913 1929 C
1016 1896 1059 1932 11
1083 1894 1147 1931 καὶ
1166 1895 1473 1943 βαασπρακανίας
1496 1894 1527 1929 C
1629 1896 1674 1932 17
1693 1893 1765 1939 τὴν

396 1954 474 1976 των
496 1953 641 1986 μυρεων
663 1939 775 1976 πόλιν
798 1938 1018 1987 ὀχυρωτάτω
1045 1942 1077 1977 C
1248 1943 1291 1978 19
1313 1939 1519 1986 ἀντιοχείας
1541 1938 1582 1977 ἐν
1603 1941 1712 1987 συρία
1732 1941 1763 1975 C

397 1988 446 2024 22
464 1985 664 2032 μοναχικὸν
686 1987 717 2021 C

244 2107 250 2116 ι
309 2067 476 2103 Romanis
498 2068 627 2102 factam
650 2066 806 2112 rescidit,
837 2077 1005 2112 arcesque
1028 2070 1065 2102 et
1088 2066 1229 2102 castella
1249 2067 1384 2113 pridem
1408 2066 1454 2101 iis
1476 2077 1642 2102 concessa
1662 2077 1764 2101 recu-

309 2114 471 2159 peravit;
517 2118 552 2148 et
581 2112 791 2147 Patzinacae
829 2112 956 2147 Istrum
1000 2113 1212 2158 transgressi
1244 2114 1441 2148 universam
1473 2113 1625 2161 Mysiam
1654 2123 1767 2157 usque

311 2158 595 2194 Thessalonicam
626 2158 784 2204 populati
806 2163 909 2201 sunt;
943 2162 980 2194 et
1002 2159 1161 2194 Afrorum
1185 2171 1293 2194 naves
1316 2159 1528 2203 Cycladibus
1551 2155 1674 2193 fn‘sulis
1696 2169 1768 2193 nou

309 2205 405 2239 levia
433 2205 556 2239 damna
585 2204 788 2239 intulerunt.
847 2203 934 2239 nihil
956 2205 1078 2240 horum
1099 2205 1247 2240 omnium
1272 2216 1376 2240 curae
1397 2204 1520 2240 Ioanni
1542 2204 1632 2249 fuit,
1665 2203 1704 2238 in
1728 2203 1767 2239 id

310 2262 413 2285 unum
437 2251 571 2285 intento
595 2255 634 2285 ut
655 2250 882 2285 Dalassenum
904 2256 1066 2286 accurate
1087 2252 1296 2296 custodiret,
1333 2263 1378 2286 ne
1406 2251 1439 2286 is
1461 2262 1500 2285 se
1521 2250 1633 2296 ipsius
1656 2249 1768 2284 cassi-

309 2297 377 2331 bus
411 2296 586 2342 explicans
619 2296 841 2331 subduceret.
888 2295 1008 2342 itaque
1038 2308 1114 2332 eum
1147 2299 1191 2332 ab
1223 2297 1336 2332 insula
1365 2296 1403 2331 in
1433 2296 1555 2331 turrim
1583 2295 1766 2339 transfert,

309 2342 582 2388 custodibusque
605 2342 756 2376 strenuis
778 2343 1026 2378 asservandum
1049 2344 1201 2378 mandat.
1253 2342 1443 2388 Georgium
1466 2353 1606 2388 quoque
1627 2340 1766 2376 Mania-

310 2399 374 2422 cen
399 2393 525 2422 avocat
546 2388 703 2431 Edessa,
738 2391 775 2423 et
795 2388 958 2434 praeficit
979 2388 1120 2424 Mediae
1143 2388 1340 2434 superiori,
1374 2399 1464 2434 quae
1494 2393 1532 2422 et
1551 2386 1768 2432 Aspracania

308 2433 459 2479 dicitur,
485 2433 590 2468 misso
613 2433 783 2469 Edessam
805 2434 926 2469 Leone
949 2434 1193 2481 Lependreno.
1240 2446 1315 2469 cum
1337 2440 1452 2469 autem
1473 2433 1570 2468 ulcus
1592 2433 1767 2478 orphano-

309 2478 427 2524 trophi
452 2491 491 2514 os
515 2480 765 2524 depasceretur
787 2485 824 2515 et
849 2479 974 2515 medici
997 2481 1042 2515 de
1067 2493 1134 2526 ope
1155 2481 1301 2515 ferenda
1322 2479 1588 2525 desperassent,
1623 2489 1687 2525 per
1707 2477 1768 2513 in-

310 2525 478 2559 somnium
512 2525 546 2559 ei
579 2524 676 2559 visus
715 2537 859 2571 magnus
900 2526 1140 2561 miraculorum
1179 2527 1326 2561 effector
1356 2525 1524 2561 Nicolaus
1564 2524 1697 2559 monuit
1727 2527 1768 2558 ut

310 2571 558 2614 quamprimum
581 2570 688 2615 Myra
710 2571 799 2615 iret,
831 2571 884 2606 ibi
914 2572 1095 2607 sanitatem
1120 2577 1339 2618 recepturus.
1385 2570 1566 2606 celerrime
1592 2569 1702 2615 igitur
1723 2580 1766 2604 eo

309 2615 510 2661 profectus,
544 2616 685 2650 Nicolai
717 2617 862 2652 clericos
884 2617 1079 2663 >unguentis
1115 2618 1262 2664 aliisque
1291 2617 1501 2664 sumptuosis
1523 2617 1627 2651 rebus
1649 2616 1768 2650 deme-

311 2660 402 2739 mg?-
413 2687 423 2704 ‚
474 2661 682 2708 metropolin
715 2663 822 2708 Myra
860 2674 956 2699 muro
991 2663 1205 2700 validissimo
1241 2662 1373 2709 cinxit,
1417 2663 1605 2708 morboque
1635 2660 1768 2697 solutus

313 2717 352 2740 re
378 2711 434 2742 nt.

404 2750 545 2786 Mortuo
569 2753 696 2787 Niceta
718 2753 933 2789 Antiocheae
954 2754 991 2790 in
1014 2754 1124 2800 Syria
1147 2754 1343 2801 praefecto,
1378 2754 1490 2789 frater
1521 2751 1770 2788 Constantinus

315 2796 499 2842 sufficitur,
527 2803 564 2832 et
585 2799 733 2834 fratrum
754 2799 908 2844 reliquus
932 2801 1108 2846 Georgius
1129 2801 1171 2835 fit
1192 2799 1501 2847 protovestiarius,
1523 2799 1707 2840 Simeone,
1729 2800 1769 2832 ut

317 2841 485 2888 diximw,
516 2844 741 2879 monasticam
765 2845 873 2880 vitam
892 2845 1066 2891 ingresso.-
1113 2846 1285 2882 diuturnis
1309 2845 1413 2882 etiam
1434 2844 1632 2881 carceribus
1655 2843 1767 2888 impe-
