1890 3236
303 186 402 236 254
641 201 642 204 ’
779 184 1021 232 GEORGII
1046 185 1292 231 CEDRENI
1381 212 1383 214 -
1420 197 1428 222 ὅ

298 304 423 347 αὐτοῦ
446 296 720 358 πατριάρχης,
747 297 769 342 ὅ
791 298 866 354 τὴν
885 299 1112 353 ἐπωνυμίαν
1136 297 1338 349 Καυλέας.
1405 297 1544 342 narn).
1559 298 1755 355 μὲνωτὰ

298 371 372 425 τὴν
401 368 516 412 πόλιν
545 369 707 424 ἐφέρετο
734 366 884 418 οὕτως,
913 367 1084 421 Συμεών
1111 367 1153 409 ‹5‘
1185 365 1207 410 ὁ
1236 372 1317 409 τῶν
1348 364 1595 423 Βουλγάρων
1615 365 1756 424 ἅρχων

157 452 188 487 p
212 453 278 489 595
301 439 374 488 τὰς
395 437 495 493 πρὸς
508 435 732 489 Ῥωμαίους
751 434 929 486 σπονδὰς
946 433 1222 478 διαλύσασθαι
1240 434 1421 478 σπεύδων
1441 429 1754 492 uodonem-‘2593

298 504 500 559 τοιαύτην.
569 506 716 554 δοῦλος
742 498 793 559 ἦν
821 503 1010 558 εὐνοῦχος
1033 508 1091 562 τῷ
1114 501 1425 560 βασιλεοπάτορι
1447 501 1755 553 Μουσικός·κα“-.

298 573 502 626 λούμενος.
571 566 687 621 οὗτος
708 574 1004 629 συμφιλιωθεὶς
1023 570 1218 628 ἀνδράσιν
1235 572 1464 627 ἕμπορικοῖς
1480 573 1549 614 καὶ
1565 574 1752 629 φιλοιιερι-Δ
1764 582 1787 618 5

299 643 386 684 δέσι
397 673 409 692 ,
442 637 689 695 βουλόμενος
707 636 926 696 κερδαίνειν
950 639 1118 692 αὐτούς,
1153 645 1205 698 τῇ
1222 640 1324 696 πρὸς
1341 639 1412 682 τὸν
1426 641 1639 692 Ζαουτζᾶν
1649 656 1755 696 χρη·
1787 684 1790 688 ,

297 709 471 764 σάμενος
501 710 707 767 παρρησία
735 708 810 759 τὰς
838 710 881 751 ἔκ
911 711 1167 766 Βουλγαριάς
1195 708 1452 764 εἰσαγομένας
1479 709 1756 765 πραγματείας

299 780 354 828 εἷς
374 778 447 832 τὴν
462 775 578 820 πόλιν
597 778 749 827 εὐθέως
767 777 1003 832 μετέστησεν
1025 780 1079 828 εἷς
1100 778 1417 832 Θεσσαλονίκην,
1442 778 1510 819 καὶ
1529 776 1625 828 τοὺς
1645 777 1754 832 εἰρη-

297 847 441 901 μένους
461 845 661 903 ἐμπόρους
681 844 853 896 τελώνας
873 846 996 889 ἓκεΐσε
1019 847 1279 901 κατέστησεν,
1306 847 1446 896 οἵτινες
1471 849 1605 896 κακῶς
1632 845 1754 888 διετί-

297 919 429 957 θεσαν
457 913 552 964 τοὺς
580 914 653 964 τὰς
684 915 956 970 πραγματείας
974 913 1184 968 μετιόντας
1205 912 1490 971 Βουλγάρους,
1514 914 1647 971 βαρέα
1669 915 1751 956 do·-
1764 919 1808 956 10

299 980 565 1039 πραττόμενοι
615 981 889 1038 τελωνήματα.
966 988 1047 1026 τῶν
1088 984 1133 1026 δὲ
1170 981 1396 1039 Βυλγάρων
1434 979 1754 1038 ἀναγγειλάντων

250 1070 280 1103 B
300 1056 428 1094 ταῦτα
460 1055 516 1108 τῷ
549 1049 738 1104 Συμεών,
773 1053 839 1093 καὶ
867 1049 1011 1095 τούτου
1035 1053 1139 1106 δῆλα
1158 1055 1216 1110 τῷ
1236 1055 1398 1104 βασιλεῖ
1416 1049 1752 1105 καταστήσαντος,

300 1121 383 1162 ἐπεὶ
406 1122 457 1175 τῇ
478 1118 579 1175 πρὸς
597 1119 666 1162 τὸν
689 1122 899 1171 Ζαουτζᾶν
922 1121 1156 1180 συμπαθείᾳ
1171 1118 1388 1174 νικώμενος
1406 1117 1537 1162 πάντα
1556 1116 1612 1170 ὥς
1629 1122 1752 1175 λῆρον

295 1186 476 1243 ἡγήσατο
494 1189 561 1229 καὶ
577 1187 767 1242 οὐδεμιᾶς
788 1189 955 1243 ἠξίωσεν
975 1190 1221 1245 ἐπιστροφῆς
1227 1220 1240 1240 ,
1268 1190 1406 1242 μανεὶς
1426 1185 1448 1230 ὅ
1463 1185 1652 1242 Συμεών,
1683 1187 1752 1230 καὶ

296 1256 452 1307 ἄλλως,
493 1253 548 1306 ὥς
579 1256 754 1312 εἴρηται,
794 1255 1001 1314 πρόφασιν
1030 1255 1289 1314 εὐπρόσωπον
1318 1258 1466 1311 ζητῶν,
1510 1255 1613 1312 αἴρει
1645 1253 1749 1298 κατὰ
1763 1260 1805 1298 15

289 1322 498 1379 Ῥωμαίων
517 1324 568 1367 τὰ
588 1323 705 1367 ὅπλα.
774 1324 870 1381 ὅπερ
889 1324 1065 1376 ἀκούσας
1081 1323 1102 1367 ὃ
1119 1324 1311 1378 βασιλεὺς
1327 1327 1393 1366 καὶ
1413 1323 1536 1374 αὐτὸς
1551 1324 1752 1367 ἀνθοπλίε

296 1394 428 1445 ζεται,
462 1394 530 1434 καὶ
558 1392 792 1449 Προκόπιον
825 1394 894 1436 τὸν
925 1395 1128 1451 Κρηνίτην
1153 1394 1228 1448 τὴν
1256 1397 1329 1436 τοῦ
1354 1390 1632 1449 στρατηλάτου
1653 1408 1751 1447 μετ’

297 1459 407 1503 ιόντα
439 1463 685 1517 λειτουργίαν
712 1466 797 1520 λαῷ
824 1466 961 1520 πολλῷ
990 1464 1056 1505 καὶ
1088 1461 1257 1518 ἄρχουσι
1284 1462 1560 1511 καθοπλίσας,
1586 1458 1682 1510 δούς
1707 1476 1750 1502 τε

297 1529 407 1586 αὐτῷ
437 1530 505 1571 καὶ
532 1531 772 1586 Κουρτίκιον
799 1530 869 1572 τὸν
888 1531 1114 1587 Ἀρμένιον,
1149 1531 1335 1583 ἐκπέμπει
1355 1529 1458 1572 κατὰ
1478 1533 1551 1571 τοῦ
1566 1527 1751 1588 Συμεών.

295 1599 574 1654 συρραγέντων
600 1598 641 1640 δ’
673 1600 714 1641 ἐν
742 1601 983 1658 Μακεδονία
1001 1604 1080 1642 τῶν
1101 1596 1413 1654 στρατευμάτων
1434 1596 1630 1652 ἡττῶνται
1645 1594 1806 1639 ‘Bm-20

294 1673 408 1720 μαῖοι
421 1698 434 1717 ,
469 1667 535 1708 καὶ
564 1665 914 1723 κατασφάττονται
946 1666 1069 1718 αύτός
1097 1684 1138 1709 τε
1167 1666 1188 1710 ὅ
1215 1668 1418 1724 Κρηνίτης
1438 1667 1504 1709 καὶ
1524 1663 1547 1708 ὃ
1570 1666 1748 1721 Κουρτί-

295 1751 380 1785 κιος
401 1734 604 1790 Ἀρμένιος
634 1737 701 1776 καὶ
735 1735 850 1778 ἄλλοι
879 1737 1048 1787 πολλοί,
1094 1739 1174 1778 τῶν
1203 1735 1533 1789 κατασχεθέντων
1564 1733 1644 1776 ἀπὸ
1676 1737 1749 1788 τῆς

243 1820 273 1855 c
298 1801 493 1858 ἑταιρείας
510 1807 580 1844 τοῦ
597 1804 794 1856 βασιλέως
813 1809 884 1846 τοῦ
905 1805 1074 1859 Συμεὼν
1093 1802 1360 1857 ἀποτεμόντος
1379 1803 1454 1853 τὰς
1471 1802 1582 1859 ῥῖνας
1603 1802 1670 1844 καὶ
1691 1803 1750 1851 εἷς

294 1870 366 1926 τὴν
392 1869 506 1913 πόλιν
527 1870 829 1930 ἓκπεπομφότος
851 1873 952 1930 πρὸς
972 1872 1163 1929 αἰσχύνην
1176 1870 1398 1927 Ῥωμαίων.
1441 1875 1500 1930 τῷ
1516 1868 1684 1928 τοιούτῳ
1704 1870 1749 1912 δὲ

386 1980 408 2014 8
431 1975 470 2012 ἐν
494 1978 735 2026 θεσσαλονίκῃ
759 1980 789 2015 C
912 1980 936 2016 9
962 1976 1000 2015 οἳ
1022 1979 1053 2014 C
1164 1981 1211 2016 20
1233 1974 1398 2024 ἡττῶντο
1421 1978 1453 2014 0
1563 1978 1611 2015 21
1633 1988 1748 2013 κατα-

384 2021 587 2068 σφάττεται
609 2026 640 2060 C

290 2128 365 2150 rum
399 2128 514 2151 rerum
547 2121 671 2152 status.
718 2120 756 2152 et
785 2117 926 2152 Simeon
955 2117 1182 2163 Bulgarorum
1203 2116 1387 2163 princeps,
1421 2113 1576 2151 foederis
1597 2114 1747 2151 Romani

290 2162 526 2198 confundendi
547 2164 712 2208 cupidus,
749 2164 837 2198 hanc
860 2164 1010 2210 arripuit
1032 2175 1163 2199 ansam.
1209 2169 1286 2198 erat
1307 2162 1484 2198 eunuchus
1506 2161 1662 2196 zautzae
1681 2173 1747 2197 no·

289 2208 381 2242 mine
399 2209 568 2243 Musicus.
614 2209 645 2244 is
665 2208 836 2244 societate
853 2221 929 2244 cum
949 2209 1198 2244 mercatoribus
1216 2221 1258 2244 ac
1276 2210 1373 2243 lucro
1391 2207 1535 2243 intentis
1552 2206 1749 2242 hominibus

289 2254 396 2298 inita,
423 2265 496 2289 rem
519 2254 662 2299 cupiens
685 2255 825 2299 facere,
849 2266 931 2290 usus
954 2256 998 2289 ad
1023 2256 1089 2289 hoc
1111 2255 1276 2290 libertate
1298 2266 1387 2300 quae
1410 2254 1444 2289 ei
1465 2253 1557 2299 apud
1580 2252 1748 2288 znutzam

289 2308 383 2344 erat,
417 2301 671 2344 negotiationes
695 2313 780 2346 quas
804 2301 908 2346 cpoli
932 2301 1063 2336 habere
1084 2301 1244 2336 solebant
1263 2300 1425 2345 Bulgari,
1451 2298 1567 2334 subito
1589 2298 1748 2334 Thessa-

288 2346 436 2380 lonicam
460 2347 648 2390 transfert,
672 2353 950 2392 mercatoresque
971 2347 1056 2382 istos
1077 2347 1128 2381 ibi
1147 2347 1350 2392 publicanos
1370 2346 1471 2381 facit.
1516 2345 1545 2379 ii
1565 2355 1640 2379 cum
1661 2344 1748 2379 Bul-

289 2403 449 2435 garorum
481 2393 719 2436 negotiatores
752 2399 922 2428 vexarent
952 2395 996 2428 ab
1030 2394 1143 2437 iisque
1180 2393 1300 2439 iniqua
1334 2392 1516 2437 exigerent
1547 2389 1747 2434 vectigalia,

289 2437 431 2471 Simeon
455 2449 474 2471 a
497 2438 570 2472 suis
596 2438 744 2473 monitus
767 2451 809 2473 ea
833 2439 877 2474 de
899 2451 939 2473 re
965 2440 1057 2484 apud
1079 2440 1230 2473 Leonem
1255 2438 1431 2484 queritur3
1465 2442 1500 2472 et
1529 2447 1605 2470 cum
1631 2435 1747 2470 victus

289 2482 326 2516 in
361 2483 525 2517 Zautzam
543 2485 682 2518 'favore
711 2484 903 2530 imperator
933 2497 997 2530 pro
1031 2485 1132 2529 nugis
1164 2485 1231 2519 hoc
1262 2485 1435 2528 negotium
1465 2482 1611 2517 haberet
1631 2491 1747 2526 neque

288 2527 359 2561 ulla
388 2529 589 2572 dignaretur
618 2541 723 2575 cura,
765 2530 942 2574 irritatus,
978 2530 1132 2574 alioquin
1164 2530 1377 2564 occasionem
1406 2529 1504 2574 pacis
1535 2528 1748 2571 rumpendae

289 2573 466 2607 honestam
499 2586 690 2619 quaerens,
723 2587 818 2610 arma
851 2577 1019 2611 adversus
1053 2577 1226 2611 Romanos
1259 2575 1366 2621 capit.
1413 2575 1488 2609 Leo
1512 2571 1573 2608 ubi
1596 2572 1663 2606 hoc
1687 2584 1746 2606 re-

290 2619 415 2662 scivit,
448 2619 525 2664 ipse
560 2633 697 2667 quoque
724 2622 767 2655 ad
795 2621 920 2657 bellum
945 2635 984 2657 se
1006 2628 1126 2668 parat3
1162 2627 1198 2657 et
1226 2621 1433 2666 Procopium
1457 2618 1655 2663 Crenitam,
1688 2618 1746 2652 cui

287 2669 370 2698 tunc
393 2676 512 2699 munus
535 2667 765 2701 ducendorum
790 2669 1000 2702 exercituum
1025 2668 1221 2713 impositum
1245 2673 1340 2711 erat,
1376 2664 1509 2709 magnis
1532 2675 1608 2698 cum
1634 2664 1746 2710 copiis

289 2716 326 2743 et
353 2711 573 2755 ductoribus,
611 2714 729 2747 addito
755 2714 858 2748 etiam
881 2714 1038 2748 Curticio
1061 2713 1244 2756 Armenio,
1278 2716 1399 2747 contra
1430 2710 1599 2754 Bulgaros
1623 2709 1743 2744 mittit.

288 2755 325 2789 in
354 2755 560 2790 Macedonia
589 2759 757 2792 adversae
788 2760 881 2793 acies
912 2765 1181 2802 concurrerunt,
1216 2758 1371 2802 victique
1404 2755 1552 2791 Romani
1575 2759 1613 2789 et
1636 2754 1744 2789 occisi

288 2807 389 2845 sunt,
419 2802 580 2846 interque
613 2804 674 2838 hos
706 2805 869 2839 Crenites
892 2807 995 2840 etiam
1016 2818 1058 2839 ac
1079 2804 1267 2839 Curticius.
1314 2813 1401 2847 quos
1424 2802 1469 2836 de
1492 2801 1650 2836 exercitu
1667 2801 1743 2835 Ro-

288 2858 387 2881 mano
411 2849 506 2893 cepit
528 2849 688 2894 Simeon,
725 2863 786 2885 eos
813 2851 954 2886 ludibrii
982 2863 1088 2886 causa
1115 2849 1256 2885 naribus
1287 2848 1462 2883 mutilatus
1483 2847 1520 2883 iu
1543 2849 1663 2882 urbem
1684 2857 1742 2881 re-
