1890 3236
475 161 871 215 EISTORIARUM
903 166 1290 232 GQMPENDIUM.
1517 163 1618 213 457
1642 179 1643 182 ’

149 280 394 348 &porciam
464 281 667 340 δυνάστης
695 281 774 343 γάρ
804 301 866 337 τις
893 286 974 329 τῶν
1004 282 1174 329 ἐποίκων
1203 285 1277 339 τῆς
1298 277 1492 340 Βάρεως,
1524 280 1621 324 τοῦ-

149 371 258 411 νομα
278 354 448 410 Μέλης,
488 352 738 413 παραθήξας
767 353 837 398 τὸν
864 355 906 397 ἓν
924 352 1216 414 Λογγιβαρδίᾳ
1247 350 1348 395 λαὸν
1380 349 1486 394 ὅπλα
1515 349 1623 394 κατὰ

144 422 366 479 Ῥωμαίων
387 422 505 480 αἴρει.
573 425 642 466 καὶ
660 421 682 466 ὅ
700 421 892 478 βασιλεὺς
905 424 1122 466 Βασίλειον
1138 420 1327 477 ἐκπέμπει
1342 418 1413 464 τὸν
1427 419 1622 478 Ἀργυρὸν

152 491 380 551 στρατηγὸν
401 490 499 536 ὅντα
520 495 595 548 τῆς
617 489 784 547 Σάμου,
821 493 890 536 καὶ
919 491 990 536 τὸν
1015 488 1227 548 λεγόμενον
1249 488 1528 533 Κοντολέοντα
1553 491 1627 544 τῆς

119 561 422 620 ὅΚεφαληνίας
458 565 786 619 στρατηγοῦντα,
842 561 907 604 ἐπὶ
948 563 1008 619 τῷ
1042 563 1294 615 καταστῆσαι
1322 556 1544 614 Ῥωμαίοις
1572 556 1626 600 τὰ

152 629 402 688 πράγματα·
441 628 512 681 -οἷς
541 627 968 688 ἀντιπαραταξάμενος
1002 626 1024 672 ὃ
1053 629 1201 683 Μέλης
1238 627 1372 686 τρέπει
1411 631 1623 686 λαμπρῶς,
1646 635 1677 671 Ρ
1701 635 1769 671 707

152 703 315 743 πολλῶν
332 696 612 751 πεπτωκότων,
641 698 715 742 οὐκ
735 698 881 755 ὀλίγων
900 697 946 741 δὲ
961 698 1030 740 καὶ
1047 696 1351 755 ζωγρηθέντων,
1379 701 1460 741 τῶν
1478 698 1522 742 δὲ
1537 700 1626 740 λοι-

152 772 242 813 πῶν
262 767 338 824 τὴν
359 766 429 812 διὰ
451 771 584 826 φυγῆς
603 765 818 823 ἀσχήμονα
839 763 1141 825 προκρινάντων
1162 763 1280 822 ζωήν.

284 834 336 880 ‘O
355 836 402 880 δὲ
425 836 619 890 βασιλεὺς
646 837 694 880 οὗ
721 836 870 879 διέλιπε
899 835 1006 879 καθ’
1033 835 1201 879 ἕκαστον
1222 831 1405 878 ἐνιαυτὸν
1433 832 1565 877 εἰσιών
1585 834 1626 877 ἔν

0 937 23 985 ᾗ
99 905 395 966 ὶοΒουλγαρίᾳ
410 905 548 949 καὶτὰ
569 906 611 948 ἓν
629 907 725 948 ποσὶ
746 906 888 962 κείρων
903 921 946 948 τε
968 906 1036 948 καὶ
1056 906 1179 962 δῃῶν.
1246 901 1268 948 ὃ
1288 902 1483 958 Σαμουὴλ
1507 903 1550 945 δὲ
1567 903 1626 958 μὴ

0 975 13 1047 ζ’
154 971 379 1029 δυνάμενος
396 977 479 1018 τῶν
504 971 723 1031 ὑπαίθρων
741 974 1038 1017 ἀντιποιεῖσθαι
1058 973 1163 1029 μηδὲ
1183 972 1287 1030 πρὸς
1309 973 1471 1029 ἐμφανῆ
1492 970 1630 1027 μάχην

0 1078 12 1106 9
154 1042 388 1098 ἀντιστῆναι
403 1046 464 1101 τῷ
477 1046 653 1097 βασιλεῖ,
674 1043 780 1086 ἀλλὰ
800 1041 1005 1086 πάντοθεν
1021 1040 1282 1100 θραυόμενος
1303 1042 1370 1084 καὶ
1389 1040 1462 1096 τὴν
1483 1042 1630 1084 οἰκείαν

0 1122 11 1160 k
153 1110 291 1168 ἀκμὴν
313 1109 574 1167 ἀποβάλλων,
608 1111 708 1168 ἴγνω
732 1109 907 1170 τάφροις
926 1114 995 1156 καὶ
1025 1116 1210 1169 θριγγοῖς
1240 1110 1473 1166 ἐπιτειχίσαι
1496 1108 1629 1169 τούτῳ

0 1227 11 1243 s
153 1179 229 1236 τὴν
257 1182 314 1231 εἲς
343 1180 419 1236 τὴν
437 1182 697 1238 Βουλγαρίαν
726 1181 896 1224 εἴσοδον.
966 1181 1084 1232 εἰδὼς
1103 1176 1173 1226 οὖν
1194 1178 1249 1231 ὡς
1270 1178 1369 1230 ἔθος
1390 1179 1452 1222 ἀεὶ
1472 1183 1529 1238 τῷ
1548 1183 1631 1233 βα-·

0 1249 15 1293 k
67 1308 69 1310 K
102 1254 146 1292 16
156 1253 266 1292 σιλεῒ
288 1249 358 1292 διὰ
387 1253 462 1293 τοῦ
491 1250 706 1306 λεγομένου
733 1251 879 1305 Κίμβα
903 1247 1076 1307 Λόγγου
1100 1251 1168 1292 καὶ
1189 1253 1264 1292 τοῦ
1289 1250 1479 1291 Κλειδιόυ
1503 1255 1630 1292 ποιεῖ-

0 1309 2 1316 “
154 1321 262 1362 σθαι
279 1317 355 1369 τὰς
374 1317 607 1378 διελεύσεις,
642 1316 793 1375 ταύτην
823 1318 924 1375 ἔγνω
952 1319 1026 1375 τὴν
1056 1319 1286 1375 δυσχωρίαν
1305 1318 1538 1373 ἐπιτειχίσαι
1561 1319 1628 1360 καὶ
1651 1324 1682 1359 Β

153 1391 213 1446 τῷ
232 1390 402 1442 βασιλεῖ’
423 1387 658 1432 ἀποκλεῖσαι
687 1388 761 1444 τὴν
781 1387 953 1431 εἴσοδον.
1020 1387 1211 1445 φραγμὸν
1244 1380 1316 1429 οὖν
1348 1384 1634 1442 δομησάμενος

156 1458 214 1508 εἷς
243 1451 360 1514 εἶ’ρος
388 1455 514 1510 πολύ,
575 1458 643 1523 καὶ
677 1456 866 1516 φύλακας
896 1456 939 1499 ἓν
965 1456 1078 1516 αὐτῷ
1113 1457 1368 1514 ἀξιοπρεπεΐς
1397 1453 1630 1511 ἐπιστήσας,

0 1541 13 1613 *3
155 1526 375 1582 προσέμενε
396 1525 467 1568 τὸν
483 1527 672 1581 βασιλέα.
725 1525 972 1584 ἀφικομένου
994 1526 1042 1568 δὲ
1060 1526 1130 1568 καὶ
1149 1522 1295 1568 τούτου
1318 1525 1386 1567 καὶ
1406 1524 1633 1583 ἀποπειρα-

0 1609 10 1644 ῑ
101 1595 336 1650 Ξοσαμένου
355 1599 429 1650 τῆς
447 1593 607 1639 εἰσόδου
616 1627 631 1648 ,
666 1595 823 1653 ἐπείπερ
856 1595 1037 1648 ἀντεῖχον
1065 1595 1254 1651 γενναίως
1287 1593 1326 1636 οἳ
1354 1591 1633 1651 φυλάσσοντες

155 1665 225 1707 καὶ
243 1662 342 1715 τοὺς
359 1665 627 1720 βιαζομένους
642 1666 685 1716 ἐξ
705 1663 948 1721 ὑπερδεξίων
966 1661 1142 1721 ἀνῄρουν
1158 1660 1380 1717 βάλλοντες
1396 1665 1463 1706 καὶ
1483 1662 1632 1720 τιτρώ-

156 1749 346 1785 σκοντες,
389 1735 456 1776 καὶ
485 1733 565 1789 ἤδη
586 1734 816 1791 ἀπέγνωστο
840 1737 898 1792 τῷ
915 1736 1083 1787 βασιλεῖ’
1098 1730 1124 1788 ἡ
1147 1731 1358 1786 διάβασις,
1392 1731 1634 1790 Νικηφόρος

156 1799 179 1844 ὅ
200 1798 359 1860 Ξιφίας
388 1805 462 1859 τῆς
483 1801 845 1853 Φιλιππουπόλεως
874 1800 965 1845 τότε
996 1806 1233 1860 στρατηγῶν
1255 1805 1315 1860 τῷ
1342 1805 1508 1856 βασιλεῖ
1532 1816 1634 1845 avv-⁴

155 1869 405 1927 ταξάμενος,
449 1874 518 1916 καὶ
539 1872 663 1916 αὐτὸν
681 1873 756 1929 μέν
773 1871 1014 1930 προσμένειν
1030 1873 1099 1914 καὶ
1121 1877 1299 1927 συνεχεῖς
1319 1870 1555 1930 προσβολὰς
1575 1875 1634 1931 τῷ

252 2003 298 2040 13
317 2001 502 2050 θριγγίοις
522 2004 554 2040 C
693 2004 738 2042 15
759 2003 876 2050 κίαμα
898 2003 931 2039 C

158 2118 204 2154 iis
227 2118 289 2165 qui
310 2118 421 2154 Barin
452 2118 674 2166 incolebant,
708 2121 847 2157 nomine
877 2120 1013 2165 Meles,
1048 2118 1234 2155 concitatis
1267 2117 1506 2163 Longibardis
1541 2129 1637 2153 arma

159 2172 283 2205 contra
306 2166 483 2201 Romanos
506 2167 628 2202 movit.
677 2179 823 2214 cumque
847 2167 1039 2213 imperator
1067 2167 1239 2200 adversus
1272 2165 1364 2199 hunc
1386 2163 1541 2199 misisset
1562 2164 1637 2198 Ba-

160 2211 276 2247 silium
305 2212 480 2257 Argyrum
512 2213 609 2247 Sami
642 2218 678 2248 et
708 2214 958 2248 Contoleonem
991 2211 1240 2256 Cephalleniae
1269 2211 1488 2257 praefectos,
1523 2210 1637 2245 Meles

159 2257 290 2293 illustri
311 2270 372 2292 eos
397 2258 530 2304 praelio
552 2259 652 2304 vicit,
675 2260 793 2295 multis
817 2260 944 2305 caesis,
967 2259 1060 2293 haud
1084 2257 1205 2304 paucis
1228 2257 1352 2302 captis,
1376 2255 1523 2303 reliquis
1539 2256 1635 2303 turpi

159 2306 246 2350 fuga
266 2303 375 2339 vitam
398 2305 534 2341 tutatis.

251 2350 365 2385 Porro
390 2350 544 2385 Basilius
577 2350 768 2397 imperator
800 2349 987 2398 quotannis
1014 2349 1052 2384 in
1075 2348 1273 2394 Bulgariam
1298 2347 1556 2394 expeditionem
1579 2348 1636 2383 fa-

163 2397 283 2432 ciebat
300 2402 337 2432 et
355 2396 461 2431 obvia
483 2408 644 2442 quaeque
667 2398 902 2444 populabatur
925 2408 967 2431 ac
988 2397 1165 2431 vastabat.
1212 2395 1293 2430 ideo
1315 2394 1497 2430 Samuelus
1522 2400 1639 2430 castra

164 2445 229 2479 sub
252 2443 311 2478 dio
335 2442 452 2478 locare
475 2450 537 2478 aut
559 2450 682 2489 aperto
706 2445 838 2490 praelio
863 2454 1074 2478 concurrere
1098 2454 1168 2476 non
1192 2442 1337 2485 audens,
1361 2441 1514 2487 undique
1533 2441 1638 2476 attri-

163 2489 213 2524 tis
234 2489 373 2524 viribus
396 2489 594 2535 amissoque
618 2491 741 2535 vigore
763 2502 845 2534 suo,
877 2489 1001 2524 statuit
1021 2487 1129 2523 fossis
1154 2500 1195 2522 ac
1216 2487 1327 2534 septis
1351 2488 1455 2522 factis
1480 2499 1557 2522 eum
1580 2487 1637 2522 in-

164 2547 288 2581 gressu
309 2535 498 2580 Bulgariae
523 2536 720 2572 excludere.
755 2542 791 2571 et
812 2536 895 2582 quia
917 2539 1020 2570 norat
1042 2534 1155 2570 solere
1179 2545 1255 2568 eum
1278 2545 1342 2580 per
1365 2533 1520 2571 cimbam
1540 2533 1636 2568 Lon-

0 2582 16 2613 13
165 2593 247 2628 gum
269 2587 307 2616 et
327 2582 499 2617 Cleidium
523 2582 677 2628 intrare,
712 2583 891 2628 angustias
922 2582 1001 2616 illas
1032 2586 1133 2626 septo
1157 2579 1227 2615 late
1250 2579 1421 2626 producto
1445 2579 1556 2615 munit
1580 2584 1637 2614 at-

0 2638 13 2662 ι
165 2640 237 2674 que
267 2627 470 2675 intercipit,
503 2629 667 2675 iustoque
690 2630 805 2664 firmat
831 2628 1028 2675 praesidio,
1062 2632 1098 2662 et
1120 2626 1173 2661 sic
1195 2626 1439 2672 imperatorem
1463 2626 1634 2673 operitur.

165 2678 352 2722 postquam
374 2687 417 2710 eo
439 2676 539 2710 venit
559 2676 751 2722 imperator
771 2679 808 2710 et
830 2676 964 2710 intrare
984 2678 1039 2709 est
1061 2678 1218 2718 conatus,
1242 2672 1384 2708 fortiter
1398 2684 1473 2708 eum
1490 2684 1637 2708 arcuere

165 2721 351 2765 custodes,
384 2733 446 2756 eos
480 2722 541 2767 qui
571 2723 608 2757 vi
641 2729 830 2769 penetrare
859 2722 1054 2756 niterentur
1085 2720 1130 2754 de
1161 2719 1344 2766 superiore
1366 2718 1444 2754 loco
1468 2719 1637 2754 ferientes

162 2773 275 2812 atque
299 2767 536 2803 vulnerantes.
583 2768 635 2804 ibi
660 2770 705 2803 de
728 2767 879 2803 transitu
901 2768 1144 2812 desperantem
1168 2766 1235 2800 iam
1259 2766 1503 2811 imperatorem
1525 2765 1636 2801 Nice-

165 2814 300 2861 phorus
322 2813 475 2861 Xiphias
498 2815 755 2861 Philippopolis
777 2820 849 2849 tum
872 2814 1071 2860 praefectus
1095 2817 1214 2848 monet
1243 2817 1281 2847 ut
1312 2811 1389 2847 loco
1422 2824 1464 2847 eo
1488 2818 1637 2855 maneat,

166 2866 375 2908 septumque
396 2860 483 2897 illud
507 2873 711 2909 oppugnare
734 2860 955 2897 continenter
976 2863 1119 2907 pergate
1152 2870 1192 2895 se
1220 2857 1290 2894 alio
1321 2859 1491 2895 abiturum
1505 2885 1516 2905 ‚
1552 2870 1639 2904 ope-
