1890 3236
302 215 364 263 16
616 259 618 262 .
768 213 1001 261 GEORGII
1027 213 1268 261 CEDREM

298 327 408 373 ται.”
479 330 544 373 καὶ
563 325 650 384 ἅμα
668 332 724 387 τῷ
749 324 855 385 λόγῳ
881 326 927 370 τὸ
947 324 1061 386 ἔργον
1080 327 1302 380 ἐξετελεῖτο,
1336 330 1402 372 καὶ
1422 329 1560 373 πολλοὶ
1579 325 1736 388 μάρτυ-

298 415 366 455 ρες
385 402 433 455 τῇ
458 397 588 457 ἡμέρᾳ
605 397 729 454 ἐκείνῃ
751 396 1054 451 ἀνεδειβςθησαν.
1121 390 1238 447 οὗτος
1257 395 1388 440 πάντα
1410 399 1462 442 τὰ
1485 397 1737 456 μοναστῆρια

297 467 472 522 πέπρακε
501 467 566 507 καὶ
593 464 724 508 πάντα
750 464 803 507 τὰ
824 464 912 521 ἱερὰ
933 463 1052 520 σκεύη
1075 466 1139 506 καὶ
1160 466 1300 519 βιβλία
1320 467 1386 508 καὶ
1407 468 1489 524 ζῷα
1512 467 1580 509 καὶ
1601 464 1735 517 πάσας

296 535 370 584 τὰς
386 531 624 583 ὑποστάσεις
641 533 785 584 αὐτῶν,
818 533 885 575 καὶ
905 533 979 583 τὰς
996 531 1114 586 τιμὰς
1130 531 1281 575 τούτων
1301 532 1519 589 εῗσεκόμισε
1539 538 1598 593 τῷ
1612 538 1735 589 βασι-

297 606 369 644 λεῖ.
435 600 513 644 ὅσα
542 602 587 644 δὲ
616 596 703 658 εὗρε
725 599 918 658 πατερικιὶ
943 602 1083 655 βιβλία
1102 599 1130 655 ἢ
1145 601 1318 655 λείψανα
1338 599 1472 657 ἁγίων,
1503 602 1768 654 κατέκαυσε,5

296 671 362 711 καὶ
383 668 531 720 αὐτοὺς
550 669 644 719 τοὺς
660 669 763 712 αὐτὰ
782 668 945 722 ἔχοντας
963 666 1019 719 ὥς
1036 668 1279 722 ἀσεβοῦντας
1293 668 1452 722 ἐκόλαζε
1469 672 1535 712 καὶ
1551 672 1738 720 ποικίλως

156 751 185 786 Ρ
208 751 274 787 457
298 735 456 795 ἀνῄρει,
491 739 558 780 καὶ
575 739 696 794 πίσσῃ
715 738 781 779 καὶ
800 737 920 794 ἐλαίῳ
939 736 1013 788 τὰς
1034 736 1212 794 κεφαλὰς
1231 737 1362 780 αὐτῶν
1381 738 1566 793 ἔπιχρίων
1579 736 1737 796 ὕφῆπτε
1763 724 1766 727 Δ

296 807 407 863 πυρί.
474 805 516 848 εἶ’
528 822 604 847 που
628 806 674 848 δέ
687 823 747 855 τις
771 803 915 861 εὖρέθη
935 804 980 847 τὸ
1002 809 1076 860 τῆς
1099 803 1297 847 θεοτόκου
1323 804 1451 859 ὄνομα
1471 803 1738 860 ἐπιβοώμενος

295 873 322 930 ἢ
345 875 530 933 εὐλαβείᾳ
548 875 677 926 συζῶν
692 873 717 928 ἢ
735 872 878 929 ὅρκους
893 871 1151 927 αἰδούμενος,
1196 871 1251 924 ὡς
1275 873 1425 931 ἐχθρὸς
1447 877 1522 916 τοῦ
1540 874 1739 927 βασιλέως

298 943 543 998 ἐτιμωρεῖτο.
610 942 713 985 ὥστε
740 942 782 983 ἓν
808 940 890 998 ὅλῳ
911 945 967 997 τῷ
995 940 1068 984 ὑπ’
1096 940 1218 984 αὐτὸν
1239 942 1387 996 &span
1403 941 1461 996 μὴ
1483 939 1743 999 εὑρίσκεσθαί
1750 948 1794 984 10

297 1029 387 1054 τινα
419 1012 461 1053 ἐν
486 1009 605 1067 ὀλίγῳ
633 1009 779 1064 συνέβη
798 1006 988 1063 μοναχόν.
1052 1007 1077 1051 ὃ
1095 1009 1244 1063 μαθὼν
1265 1007 1286 1050 ὃ
1308 1007 1600 1067 μισάνθρωπος
1617 1013 1742 1063 βασι-

299 1079 391 1129 λεὺς
412 1077 586 1135 ἔγραψεν
606 1080 849 1133 εὐχαριστῶν
871 1076 980 1135 αὐτῷ
1001 1073 1062 1118 ὅτι
1081 1071 1198 1133 εὗρόν
1213 1093 1258 1119 σε
1279 1076 1409 1133 ἄνδρα
1427 1077 1531 1119 κατὰ
1548 1077 1620 1132 τὴν
1639 1094 1741 1135 καρν-

299 1149 390 1189 δίαν
406 1163 500 1200 μου,
535 1144 580 1195 ὃς
597 1151 721 1196 ποιεῖς
737 1143 868 1187 πάντα
885 1143 937 1187 τὰ
959 1142 1171 1199 θελήματά
1189 1158 1285 1199 μου.
1350 1148 1491 1187 τοῦτον
1509 1142 1742 1200 μιμησάμε-

297 1233 359 1257 νοι
387 1216 453 1256 καὶ
487 1214 525 1256 οἶ
558 1215 688 1256 λοιποὶ
716 1213 768 1256 τὰ
789 1212 910 1267 ὅμοια
930 1210 1224 1269 διεπράττοντο.
1291 1210 1313 1255 ὃ
1333 1213 1376 1255 δὲ
1393 1211 1673 1270 Κοπρῶνυμος
1690 1213 1742 1256 τὰ

300 1285 356 1333 εἷς
378 1281 499 1333 δόξαν
529 1285 630 1324 θεοῦ
657 1282 722 1323 καὶ
751 1280 987 1337 καταφυγὴν
1013 1285 1094 1323 τῶν
1124 1280 1357 1334 σωζομένων
1387 1278 1639 1338 μοναστῆρια
1657 1287 1742 1331 τοῖς
1753 1283 1796 1320 15

295 1349 521 1406 ὃμόφροσιν
551 1349 677 1391 αὐτοῦ
705 1347 968 1405 στρατιώταις
998 1348 1147 1400 ἐδίδου,
1189 1350 1256 1391 καὶ
1287 1348 1333 1390 τὸ
1364 1348 1582 1402 μοναχικὸν
1606 1347 1743 1405 τάγμα

248 1431 278 1467 Β
303 1419 539 1475 ἐξαφανίσαι
560 1415 790 1469 ἐσπούδαζε.
830 1419 889 1473 τῷ
908 1414 1017 1473 αὐτῷ
1038 1415 1113 1458 ἔτει
1133 1414 1314 1470 Νικήτας
1334 1414 1356 1458 ὃ
1377 1414 1645 1470 ψευδώνυμος
1663 1434 1744 1459 πα·-

298 1485 491 1543 τριάρχης
509 1486 584 1536 τὰς
609 1486 650 1528 ἓν
676 1489 735 1543 τῷ
760 1488 892 1541 μικρῷ
920 1483 1091 1541 σεκρέτῳ
1111 1487 1184 1526 τοῦ
1201 1485 1482 1540 πατριαρχείου
1502 1482 1656 1534 εῗκόνας
1674 1484 1741 1526 διὰ

297 1556 492 1611 ψηφίδων
514 1552 638 1605 οὔσας
659 1551 766 1604 ἔξεσε
774 1584 788 1604 ,
821 1553 890 1595 καὶ
907 1551 980 1602 τὰς
997 1551 1140 1602 λοιπὰς
1158 1549 1312 1602 εῗκόνας
1330 1551 1405 1603 τὰς
1426 1552 1467 1595 ἐν
1486 1550 1568 1612 ὅλῳ
1587 1555 1645 1612 τῷ
1662 1569 1743 1594 πα-

296 1623 525 1681 τριαρχείῳ.
1749 1624 1798 1660 20

435 1694 508 1748 Τῷ
529 1686 590 1744 κη’
611 1687 686 1732 ἔτει
707 1686 852 1742 ξ’στεψε
870 1687 946 1743 τὴν
967 1686 1091 1730 αὐτοῦ
1110 1692 1278 1743 γυναῖκα
1299 1685 1497 1729 Εὗδοκίαν
1517 1687 1652 1743 τρίτην
1673 1681 1743 1729 οὖ-

297 1777 374 1803 σαν
391 1758 648 1814 Αὖγοῦσταν,
681 1759 748 1800 καὶ
777 1756 871 1806 τοὺς
899 1753 972 1799 δύο
1001 1755 1125 1798 αὐτοῦ
1146 1755 1259 1806 υἱοὺς
1275 1753 1560 1812 Χριστοφόρον
1579 1756 1647 1796 καὶ
1664 1757 1746 1798 Νι-

300 1825 480 1885 κηφόρον
502 1828 658 1882 ἐποίησε,
678 1826 906 1882 Καίσαρας,
929 1827 1002 1867 τοῦ
1020 1821 1269 1882 πατριάρχου
1286 1821 1524 1877 ποιήσαντος
1546 1820 1680 1879 εὐχήν.
1728 1854 1730 1859 .

300 1957 517 2003 exsequitur.
562 1955 681 2002 itaque
703 1953 799 1989 multi
821 1966 862 1989 eo
886 1954 945 1989 die
966 1953 1174 1989 exstiterunt
1195 1956 1381 1999 martyres.
1425 1953 1518 1989 idem
1539 1952 1654 1989 omnia
1674 1963 1749 1988 mo-

301 2003 467 2046 nasteria,
492 2013 626 2036 omnem
647 2012 779 2036 sacram
798 2000 1068 2046 supellectilem,
1102 2000 1210 2035 libros
1237 1999 1396 2034 animalia
1423 2011 1624 2044 omnemque
1647 2009 1749 2045 pror-

301 2061 362 2084 sus
385 2049 539 2083 habitum
563 2058 680 2081 eorum
703 2046 880 2090 divendit,
915 2051 951 2080 et
975 2045 1122 2091 pretium
1140 2045 1340 2090 imperatori
1360 2045 1518 2080 tradidit.
1563 2044 1670 2079 libros
1693 2049 1748 2078 et-

300 2095 370 2129 iam
395 2099 530 2139 patrum
555 2097 591 2127 et
612 2091 777 2136 reliquias
805 2095 1000 2126 sanctornm
1023 2096 1193 2135 quotquot
1214 2089 1391 2135 repperit,
1412 2090 1590 2134 cremavit,
1614 2100 1750 2134 unaque

301 2151 363 2175 eos
387 2151 494 2184 penes
517 2149 605 2183 quos
627 2138 696 2173 ista
717 2137 902 2171 invenerat
923 2142 963 2170 nt
984 2136 1121 2181 impios.
1167 2135 1284 2170 varios
1315 2135 1411 2170 necis
1440 2135 1558 2169 modos
1579 2134 1749 2177 adhibuit,

299 2185 513 2231 quorundam
535 2183 650 2228 capita
672 2182 752 2228 pice
773 2187 810 2217 et
833 2183 909 2217 oleo
931 2181 1020 2216 illita
1040 2180 1209 2216 incendit.
1256 2181 1381 2226 quodsi
1405 2180 1484 2225 quia
1514 2190 1658 2226 nsquam
1685 2188 1751 2214 no-

300 2243 379 2266 men
403 2230 570 2275 deiparae
591 2229 759 2263 invocans
784 2234 846 2263 aut
867 2228 925 2274 pie
947 2227 1071 2261 vivens
1097 2231 1157 2260 ant
1177 2226 1362 2261 iuramenti
1381 2225 1582 2270 religionem
1604 2236 1750 2260 servans

300 2275 535 2322 reperiretur,
575 2275 607 2309 is
637 2279 799 2320 tanquam
832 2272 1050 2319 imperatoris
1077 2272 1188 2307 hostis
1216 2271 1387 2317 supplicio
1421 2271 1652 2306 afficiebatur.
1698 2270 1751 2305 ita

301 2324 432 2357 sactum
461 2326 500 2356 ut
532 2321 571 2355 in
600 2325 676 2355 tota
700 2319 811 2365 ipsius
833 2319 1014 2364 provincia
1034 2323 1114 2364 post
1140 2318 1299 2363 exiguum
1320 2323 1456 2362 tempus
1479 2316 1591 2351 nunus
1613 2316 1750 2358 omnino

302 2372 397 2402 esset
417 2366 615 2401 monachus.
661 2366 849 2411 imperator
873 2365 932 2399 ubi
953 2365 1020 2399 hoc
1041 2363 1195 2408 rescivit,
1220 2375 1284 2409 per
1306 2362 1428 2397 literas
1451 2363 1485 2397 ei
1506 2362 1638 2407 gratias
1665 2361 1751 2407 egit,

301 2413 479 2447 affirmans
503 2424 542 2446 se
565 2423 640 2447 eum
663 2411 935 2457 deprehendisse
961 2410 1131 2444 hominem
1161 2421 1204 2444 ex
1235 2408 1340 2444 animi
1369 2408 1424 2443 sui
1454 2408 1627 2443 sententia
1649 2419 1750 2442 suae-

301 2470 372 2503 que
392 2469 456 2502 per
477 2457 591 2492 omnia
615 2456 784 2492 voluntati
802 2456 1084 2491 satisfacientem.
1108 2455 1199 2489 hunc
1215 2454 1340 2489 imitati
1364 2453 1466 2489 etiam
1485 2453 1610 2498 reliqui
1630 2453 1751 2486 eodem

302 2503 402 2538 modo
427 2509 586 2547 egerunt.
633 2504 874 2547 Copronymus
896 2501 1115 2545 monasteria,
1147 2512 1238 2546 quae
1261 2503 1305 2535 ob
1328 2500 1492 2534 honorem
1515 2499 1573 2533 dei
1595 2502 1632 2532 et
1652 2498 1751 2532 refu-

303 2549 397 2594 gium
421 2549 565 2582 salutem
588 2554 890 2584 consecuturorum
913 2547 1053 2583 condita
1073 2547 1229 2591 fuerant,
1251 2546 1325 2582 suis
1347 2556 1443 2580 suam
1465 2543 1752 2588 amplectentibus

303 2594 509 2630 sententiam
539 2593 705 2628 militibus
737 2594 901 2638 tradidit,
942 2598 1050 2639 utque
1082 2592 1317 2627 monachicum
1345 2590 1499 2625 ordinem
1532 2588 1752 2623 exscinderet

301 2650 444 2685 operam
481 2639 592 2674 dedit.
649 2639 770 2672 eodem
803 2651 893 2673 anno
926 2639 1055 2674 Niceta
1085 2638 1187 2673 titulo
1220 2642 1320 2672 tenus
1350 2634 1549 2681 patriarcha
1583 2634 1753 2679 imagines

301 2696 394 2730 quae
426 2684 464 2718 in
494 2695 603 2730 parvo
634 2684 752 2718 domus
781 2685 1001 2729 patriarchae
1031 2689 1166 2718 secreto
1198 2687 1298 2717 erant
1326 2679 1467 2726 lapillis·
1481 2684 1626 2715 ornatae
1651 2679 1751 2725 rasit,

302 2731 461 2775 aliasque
483 2730 585 2764 etiam
607 2741 723 2763 omnes
746 2740 811 2773 per
833 2735 941 2764 totam
964 2729 1184 2775 patriarchae
1205 2728 1353 2762 domum.

394 2779 492 2810 Anno
516 2777 560 2811 28
584 2775 831 2809 Constantinus
851 2775 1053 2819 Eudociam‚
1076 2774 1212 2809 tertiam
1235 2784 1328 2807 suam
1351 2771 1542 2816 coniugem,
1563 2770 1754 2816 Augustam

304 2821 505 2865 coronavit,
539 2820 699 2866 filiosque
723 2831 804 2854 suos
826 2820 1114 2868 christophorum
1141 2824 1178 2855 et
1199 2817 1431 2865 Nicephorum
1455 2818 1625 2854 Caesares
1654 2815 1753 2860 fecit,

304 2867 504 2913 patriarcha
525 2871 642 2902 votum
665 2866 831 2902 faciente.
