<?xml version="1.0" encoding="UTF-8"?>
<!DOCTYPE html PUBLIC "-//W3C//DTD XHTML 1.0 Transitional//EN"
    "http://www.w3.org/TR/xhtml1/DTD/xhtml1-transitional.dtd">
<html xmlns="http://www.w3.org/1999/xhtml" xml:lang="en" lang="en">
 <head>
  <title>
</title>
<meta http-equiv="Content-Type" content="text/html;charset=utf-8" />
  <meta name='ocr-system' content='tesseract 3.04.00' />
  <meta name='ocr-capabilities' content='ocr_page ocr_carea ocr_par ocr_line ocrx_word'/>
</head>
<body>
  <div class='ocr_page' id='page_1' title='image "./corpusscriptorum14niebuoft/corpusscriptorum14niebuoft_0556.png"; bbox 0 0 1916 3210; ppageno 0'>
   <div class='ocr_carea' id='block_1_1' title="bbox 341 176 1343 264">
    <p class='ocr_par' dir='ltr' id='par_1_1' title="bbox 341 176 1343 264">
     <span class='ocr_line' id='line_1_1' title="bbox 341 176 1343 264; baseline -0.007 0"><span class='ocrx_word' id='word_1_1' title='bbox 341 215 438 264; x_wconf 80' lang='lat'><strong>546</strong></span> <span class='ocrx_word' id='word_1_2' title='bbox 811 213 1044 259; x_wconf 78' lang='lat' dir='ltr'><strong>eEoRGn</strong></span> <span class='ocrx_word' id='word_1_3' title='bbox 1077 176 1343 259; x_wconf 74' lang='lat' dir='ltr'><strong>cEDRENr</strong></span> 
     </span>
    </p>
   </div>
   <div class='ocr_carea' id='block_1_2' title="bbox 187 323 1839 1947">
    <p class='ocr_par' dir='ltr' id='par_1_2' title="bbox 290 323 1835 1338">
     <span class='ocr_line' id='line_1_2' title="bbox 290 323 1783 385; baseline -0.004 -9"><span class='ocrx_word' id='word_1_4' title='bbox 290 340 322 376; x_wconf 88' lang='lat' dir='ltr'>D</span> <span class='ocrx_word' id='word_1_5' title='bbox 345 334 469 382; x_wconf 72' lang='grc' dir='ltr'><strong>σθοῦ,</strong></span> <span class='ocrx_word' id='word_1_6' title='bbox 502 327 673 384; x_wconf 70' lang='grc' dir='ltr'><em>ὑβρίσας</em></span> <span class='ocrx_word' id='word_1_7' title='bbox 700 327 767 368; x_wconf 77' lang='grc' dir='ltr'><strong>καὶ</strong></span> <span class='ocrx_word' id='word_1_8' title='bbox 794 323 1052 382; x_wconf 75' lang='grc' dir='ltr'><em>μαστιγώσας</em></span> <span class='ocrx_word' id='word_1_9' title='bbox 1079 326 1252 380; x_wconf 79' lang='grc' dir='ltr'><em>ἀτίμως,</em></span> <span class='ocrx_word' id='word_1_10' title='bbox 1283 324 1597 382; x_wconf 73' lang='grc' dir='ltr'><em>ἢνάγκασετοὺς,</em></span> <span class='ocrx_word' id='word_1_11' title='bbox 1615 324 1783 385; x_wconf 73' lang='grc' dir='ltr'><strong>ἀνθριί-</strong></span> 
     </span>
     <span class='ocr_line' id='line_1_3' title="bbox 341 388 1783 456; baseline -0.001 -15"><span class='ocrx_word' id='word_1_12' title='bbox 341 415 441 447; x_wconf 82' lang='grc' dir='ltr'><em>πους</em></span> <span class='ocrx_word' id='word_1_13' title='bbox 475 395 761 449; x_wconf 79' lang='grc' dir='ltr'><em>ἇποστατῆσαι.</em></span> <span class='ocrx_word' id='word_1_14' title='bbox 830 388 885 436; x_wconf 77' lang='grc' dir='ltr'><strong>ὧν</strong></span> <span class='ocrx_word' id='word_1_15' title='bbox 918 393 1022 436; x_wconf 84' lang='grc' dir='ltr'><em>ὅπλα</em></span> <span class='ocrx_word' id='word_1_16' title='bbox 1053 393 1311 449; x_wconf 76' lang='grc' dir='ltr'><em>κεκινηκότων</em></span> <span class='ocrx_word' id='word_1_17' title='bbox 1345 395 1434 437; x_wconf 76' lang='grc' dir='ltr'><em>δέον</em></span> <span class='ocrx_word' id='word_1_18' title='bbox 1464 395 1538 446; x_wconf 79' lang='grc' dir='ltr'><em>τὰς</em></span> <span class='ocrx_word' id='word_1_19' title='bbox 1559 394 1783 456; x_wconf 65' lang='grc' dir='ltr'><em>Ῥωμαὶόιᾷς</em></span> 
     </span>
     <span class='ocr_line' id='line_1_4' title="bbox 340 459 1780 520; baseline -0.002 -12"><span class='ocrx_word' id='word_1_20' title='bbox 340 463 500 513; x_wconf 73' lang='grc' dir='ltr'><em>ἁπάσας</em></span> <span class='ocrx_word' id='word_1_21' title='bbox 518 463 710 520; x_wconf 70' lang='grc' dir='ltr'><em>ἀθροῖσαι</em></span> <span class='ocrx_word' id='word_1_22' title='bbox 728 459 914 516; x_wconf 73' lang='grc' dir='ltr'><em>δυνάμεις</em></span> <span class='ocrx_word' id='word_1_23' title='bbox 931 463 996 504; x_wconf 84' lang='grc' dir='ltr'><strong>καὶ</strong></span> <span class='ocrx_word' id='word_1_24' title='bbox 1017 460 1172 513; x_wconf 79' lang='grc' dir='ltr'><strong><em>τούτοις</em></strong></span> <span class='ocrx_word' id='word_1_25' title='bbox 1191 465 1433 518; x_wconf 72' lang='grc' dir='ltr'><em>προσμῖξαι,</em></span> <span class='ocrx_word' id='word_1_26' title='bbox 1462 461 1483 505; x_wconf 84' lang='grc' dir='ltr'><strong><em>ὃ</em></strong></span> <span class='ocrx_word' id='word_1_27' title='bbox 1504 463 1684 509; x_wconf 76' lang='grc' dir='ltr'><em>δὲ’τοῦτο</em></span> <span class='ocrx_word' id='word_1_28' title='bbox 1708 463 1780 507; x_wconf 70' lang='grc' dir='ltr'><strong>οὐκ</strong></span> 
     </span>
     <span class='ocr_line' id='line_1_5' title="bbox 341 527 1781 588; baseline -0.001 -13"><span class='ocrx_word' id='word_1_29' title='bbox 341 534 540 587; x_wconf 72' lang='grc' dir='ltr'><em>ἐποίησεν,</em></span> <span class='ocrx_word' id='word_1_30' title='bbox 571 529 662 572; x_wconf 78' lang='grc' dir='ltr'><em>ἀλλ’</em></span> <span class='ocrx_word' id='word_1_31' title='bbox 692 527 736 572; x_wconf 57' lang='grc' dir='ltr'><strong>(ἓν</strong></span> <span class='ocrx_word' id='word_1_32' title='bbox 765 529 940 586; x_wconf 78' lang='grc' dir='ltr'><em>εἰληφὼς</em></span> <span class='ocrx_word' id='word_1_33' title='bbox 962 529 1095 585; x_wconf 86' lang='grc' dir='ltr'><em>τάγμα</em></span> <span class='ocrx_word' id='word_1_34' title='bbox 1115 530 1160 574; x_wconf 83' lang='grc' dir='ltr'><strong>τὸ</strong></span> <span class='ocrx_word' id='word_1_35' title='bbox 1184 534 1257 573; x_wconf 80' lang='grc' dir='ltr'><strong>τοῦ</strong></span> <span class='ocrx_word' id='word_1_36' title='bbox 1272 531 1458 585; x_wconf 82' lang='grc' dir='ltr'><em>Ὂψικιόυ</em></span> <span class='ocrx_word' id='word_1_37' title='bbox 1479 532 1545 573; x_wconf 85' lang='grc' dir='ltr'><strong>καὶ</strong></span> <span class='ocrx_word' id='word_1_38' title='bbox 1563 531 1781 588; x_wconf 58' lang='grc' dir='ltr'><em>μέροξπῶν</em></span> 
     </span>
     <span class='ocr_line' id='line_1_6' title="bbox 344 596 1812 660; baseline -0.001 -18"><span class='ocrx_word' id='word_1_39' title='bbox 344 599 583 660; x_wconf 70' lang='grc' dir='ltr'><em>Θρᾳκησίων</em></span> <span class='ocrx_word' id='word_1_40' title='bbox 593 630 606 650; x_wconf 90' lang='grc'><em>,</em></span> <span class='ocrx_word' id='word_1_41' title='bbox 641 599 707 640; x_wconf 84' lang='grc' dir='ltr'><strong>καὶ</strong></span> <span class='ocrx_word' id='word_1_42' title='bbox 723 598 941 652; x_wconf 81' lang='grc' dir='ltr'><em>συμβαλὼν</em></span> <span class='ocrx_word' id='word_1_43' title='bbox 959 598 1093 648; x_wconf 77' lang='grc' dir='ltr'><em>αὐτοῖς</em></span> <span class='ocrx_word' id='word_1_44' title='bbox 1115 600 1154 641; x_wconf 75' lang='grc' dir='ltr'><strong>ἓν</strong></span> <span class='ocrx_word' id='word_1_45' title='bbox 1175 596 1353 649; x_wconf 80' lang='grc' dir='ltr'><em>Κάνναις</em></span> <span class='ocrx_word' id='word_1_46' title='bbox 1382 600 1471 655; x_wconf 85' lang='grc' dir='ltr'><em>περὶ</em></span> <span class='ocrx_word' id='word_1_47' title='bbox 1494 598 1564 642; x_wconf 84' lang='grc' dir='ltr'><strong>τὸν</strong></span> <span class='ocrx_word' id='word_1_48' title='bbox 1583 596 1812 656; x_wconf 61' lang='grc' dir='ltr'><em>Ἄμφαῖσνὸ</em></span> 
     </span>
     <span class='ocr_line' id='line_1_7' title="bbox 339 664 1821 723; baseline -0.002 -12"><span class='ocrx_word' id='word_1_49' title='bbox 339 665 542 721; x_wconf 86' lang='grc' dir='ltr'><em>ποταμόν,</em></span> <span class='ocrx_word' id='word_1_50' title='bbox 573 666 673 708; x_wconf 67' lang='grc' dir='ltr'><em>ἔνθα</em></span> <span class='ocrx_word' id='word_1_51' title='bbox 694 668 760 708; x_wconf 84' lang='grc' dir='ltr'><strong>καὶ</strong></span> <span class='ocrx_word' id='word_1_52' title='bbox 781 666 883 709; x_wconf 75' lang='grc' dir='ltr'><em>κατὰ</em></span> <span class='ocrx_word' id='word_1_53' title='bbox 899 666 993 716; x_wconf 81' lang='grc' dir='ltr'><em>τούς</em></span> <span class='ocrx_word' id='word_1_54' title='bbox 1012 664 1136 709; x_wconf 88' lang='grc' dir='ltr'><em>πάλαι</em></span> <span class='ocrx_word' id='word_1_55' title='bbox 1152 664 1325 723; x_wconf 89' lang='grc' dir='ltr'><em>χρόνους</em></span> <span class='ocrx_word' id='word_1_56' title='bbox 1342 666 1525 721; x_wconf 77' lang='grc' dir='ltr'><strong>Ἀννίβας</strong></span> <span class='ocrx_word' id='word_1_57' title='bbox 1540 665 1614 716; x_wconf 81' lang='grc' dir='ltr'><em>τὰς</em></span> <span class='ocrx_word' id='word_1_58' title='bbox 1630 665 1782 722; x_wconf 69' lang='grc' dir='ltr'><em>πολλᾲς</em></span> <span class='ocrx_word' id='word_1_59' title='bbox 1818 692 1821 696; x_wconf 77' lang='lat'><strong>,</strong></span> 
     </span>
     <span class='ocr_line' id='line_1_8' title="bbox 338 731 1782 791; baseline 0 -13"><span class='ocrx_word' id='word_1_60' title='bbox 338 740 418 779; x_wconf 82' lang='grc' dir='ltr'><strong>τῶν</strong></span> <span class='ocrx_word' id='word_1_61' title='bbox 443 734 673 788; x_wconf 84' lang='grc' dir='ltr'><em>Ῥωμαϊκῶν</em></span> <span class='ocrx_word' id='word_1_62' title='bbox 700 732 1008 791; x_wconf 77' lang='grc' dir='ltr'><em>στρατευμάτων</em></span> <span class='ocrx_word' id='word_1_63' title='bbox 1038 734 1234 788; x_wconf 79' lang='grc' dir='ltr'><em>κατέκοψε</em></span> <span class='ocrx_word' id='word_1_64' title='bbox 1263 733 1489 791; x_wconf 80' lang='grc' dir='ltr'><em>μυριάδας,</em></span> <span class='ocrx_word' id='word_1_65' title='bbox 1523 731 1695 790; x_wconf 72' lang='grc' dir='ltr'><strong>ἡττήθη</strong></span> <span class='ocrx_word' id='word_1_66' title='bbox 1713 734 1782 779; x_wconf 71' lang='grc' dir='ltr'><em>καὶ,</em></span> 
     </span>
     <span class='ocr_line' id='line_1_9' title="bbox 337 799 1782 858; baseline 0.001 -12"><span class='ocrx_word' id='word_1_67' title='bbox 337 804 384 847; x_wconf 85' lang='grc' dir='ltr'><strong>τὸ</strong></span> <span class='ocrx_word' id='word_1_68' title='bbox 409 803 527 845; x_wconf 89' lang='grc' dir='ltr'><em>πλέον</em></span> <span class='ocrx_word' id='word_1_69' title='bbox 550 803 723 856; x_wconf 78' lang='grc' dir='ltr'><em>ἀπέβαλε</em></span> <span class='ocrx_word' id='word_1_70' title='bbox 746 807 818 856; x_wconf 81' lang='grc' dir='ltr'><em>τῆς</em></span> <span class='ocrx_word' id='word_1_71' title='bbox 837 806 1048 858; x_wconf 80' lang='grc' dir='ltr'><em>στρατιᾶς,</em></span> <span class='ocrx_word' id='word_1_72' title='bbox 1085 804 1297 856; x_wconf 80' lang='grc' dir='ltr'><em>αἰσχίστως</em></span> <span class='ocrx_word' id='word_1_73' title='bbox 1316 804 1382 844; x_wconf 83' lang='grc' dir='ltr'><strong>καὶ</strong></span> <span class='ocrx_word' id='word_1_74' title='bbox 1403 801 1529 852; x_wconf 74' lang='grc' dir='ltr'><em>αὐτὸς</em></span> <span class='ocrx_word' id='word_1_75' title='bbox 1543 803 1585 846; x_wconf 72' lang='grc' dir='ltr'><strong>ἓν</strong></span> <span class='ocrx_word' id='word_1_76' title='bbox 1602 799 1782 853; x_wconf 65' lang='grc' dir='ltr'><em>Κάνναις</em></span> 
     </span>
     <span class='ocr_line' id='line_1_10' title="bbox 339 868 1781 926; baseline 0.001 -13"><span class='ocrx_word' id='word_1_77' title='bbox 339 871 568 920; x_wconf 74' lang='grc' dir='ltr'><em>διασωθείς.</em></span> <span class='ocrx_word' id='word_1_78' title='bbox 638 868 743 912; x_wconf 80' lang='grc' dir='ltr'><em>οὕτω</em></span> <span class='ocrx_word' id='word_1_79' title='bbox 777 870 821 912; x_wconf 75' lang='grc' dir='ltr'><strong>δὲ</strong></span> <span class='ocrx_word' id='word_1_80' title='bbox 851 872 1010 926; x_wconf 79' lang='grc' dir='ltr'><em>πληγεὶς</em></span> <span class='ocrx_word' id='word_1_81' title='bbox 1032 871 1124 912; x_wconf 73' lang='grc' dir='ltr'><strong>οὐδὲ</strong></span> <span class='ocrx_word' id='word_1_82' title='bbox 1143 870 1244 925; x_wconf 77' lang='grc' dir='ltr'><em>μετὰ</em></span> <span class='ocrx_word' id='word_1_83' title='bbox 1267 869 1338 925; x_wconf 82' lang='grc' dir='ltr'><strong>τὴν</strong></span> <span class='ocrx_word' id='word_1_84' title='bbox 1358 870 1510 926; x_wconf 78' lang='grc' dir='ltr'><em>πληγὴν</em></span> <span class='ocrx_word' id='word_1_85' title='bbox 1528 869 1633 912; x_wconf 80' lang='grc' dir='ltr'><em>κατὰ</em></span> <span class='ocrx_word' id='word_1_86' title='bbox 1646 870 1722 913; x_wconf 78' lang='grc' dir='ltr'><strong>’τὸν</strong></span> <span class='ocrx_word' id='word_1_87' title='bbox 1737 871 1781 914; x_wconf 62' lang='grc' dir='ltr'><strong>ἔτι</strong></span> 
     </span>
     <span class='ocr_line' id='line_1_11' title="bbox 337 935 1835 997; baseline -0.001 -15"><span class='ocrx_word' id='word_1_88' title='bbox 337 939 570 997; x_wconf 80' lang='grc' dir='ltr'><em>παροιμίαις</em></span> <span class='ocrx_word' id='word_1_89' title='bbox 601 936 713 980; x_wconf 79' lang='grc' dir='ltr'><em>ἁλιέα</em></span> <span class='ocrx_word' id='word_1_90' title='bbox 742 942 835 981; x_wconf 84' lang='grc' dir='ltr'><strong>νοῦν</strong></span> <span class='ocrx_word' id='word_1_91' title='bbox 867 937 1003 993; x_wconf 67' lang='grc' dir='ltr'><em>ἔσχεν,</em></span> <span class='ocrx_word' id='word_1_92' title='bbox 1047 939 1138 981; x_wconf 70' lang='grc' dir='ltr'><strong>οὐδ’</strong></span> <span class='ocrx_word' id='word_1_93' title='bbox 1175 936 1384 992; x_wconf 83' lang='grc' dir='ltr'><em>ὀχυρώσας</em></span> <span class='ocrx_word' id='word_1_94' title='bbox 1414 936 1555 981; x_wconf 67' lang='grc' dir='ltr'><em>ἑαυτὸν</em></span> <span class='ocrx_word' id='word_1_95' title='bbox 1585 935 1696 994; x_wconf 73' lang='grc' dir='ltr'><em>πάσῃ</em></span> <span class='ocrx_word' id='word_1_96' title='bbox 1727 941 1779 994; x_wconf 78' lang='grc' dir='ltr'><strong>τῇ</strong></span> <span class='ocrx_word' id='word_1_97' title='bbox 1791 945 1835 981; x_wconf 78' lang='lat'><strong>10</strong></span> 
     </span>
     <span class='ocr_line' id='line_1_12' title="bbox 335 1003 1787 1066; baseline 0 -17"><span class='ocrx_word' id='word_1_98' title='bbox 335 1011 506 1066; x_wconf 72' lang='grc' dir='ltr'><em>στρατιᾷ</em></span> <span class='ocrx_word' id='word_1_99' title='bbox 535 1007 755 1063; x_wconf 77' lang='grc' dir='ltr'><em>προσέβαλε</em></span> <span class='ocrx_word' id='word_1_100' title='bbox 785 1012 868 1056; x_wconf 78' lang='grc' dir='ltr'><em>τοῖς</em></span> <span class='ocrx_word' id='word_1_101' title='bbox 894 1007 1075 1063; x_wconf 69' lang='grc' dir='ltr'><em>ἐχθροῖς,</em></span> <span class='ocrx_word' id='word_1_102' title='bbox 1113 1006 1204 1048; x_wconf 72' lang='grc' dir='ltr'><em>ἀλλ’</em></span> <span class='ocrx_word' id='word_1_103' title='bbox 1233 1004 1310 1048; x_wconf 71' lang='grc' dir='ltr'><strong>ὑπὸ</strong></span> <span class='ocrx_word' id='word_1_104' title='bbox 1342 1004 1547 1064; x_wconf 76' lang='grc' dir='ltr'><strong>θράσους,</strong></span> <span class='ocrx_word' id='word_1_105' title='bbox 1581 1003 1636 1056; x_wconf 78' lang='grc' dir='ltr'><em>ὦς</em></span> <span class='ocrx_word' id='word_1_106' title='bbox 1665 1004 1787 1056; x_wconf 60' lang='grc' dir='ltr'><em>ἔοικε,</em></span> 
     </span>
     <span class='ocr_line' id='line_1_13' title="bbox 336 1072 1779 1133; baseline -0.002 -15"><span class='ocrx_word' id='word_1_107' title='bbox 336 1073 681 1133; x_wconf 75' lang='grc' dir='ltr'><em>στρατηγούμενος</em></span> <span class='ocrx_word' id='word_1_108' title='bbox 710 1073 856 1124; x_wconf 74' lang='grc' dir='ltr'><em>αὐτούς</em></span> <span class='ocrx_word' id='word_1_109' title='bbox 884 1092 925 1117; x_wconf 80' lang='grc' dir='ltr'><strong>τε</strong></span> <span class='ocrx_word' id='word_1_110' title='bbox 955 1075 1049 1124; x_wconf 77' lang='grc' dir='ltr'><em>τοὺς</em></span> <span class='ocrx_word' id='word_1_111' title='bbox 1073 1072 1318 1129; x_wconf 72' lang='grc' dir='ltr'><em>ἡττηθέντας</em></span> <span class='ocrx_word' id='word_1_112' title='bbox 1337 1073 1456 1116; x_wconf 85' lang='grc' dir='ltr'><em>πάλιν</em></span> <span class='ocrx_word' id='word_1_113' title='bbox 1478 1074 1692 1128; x_wconf 76' lang='grc' dir='ltr'><em>ἀναλαβών</em></span> <span class='ocrx_word' id='word_1_114' title='bbox 1712 1075 1779 1117; x_wconf 78' lang='grc' dir='ltr'><em>καὶ</em></span> 
     </span>
     <span class='ocr_line' id='line_1_14' title="bbox 335 1140 1779 1200; baseline -0.002 -14"><span class='ocrx_word' id='word_1_115' title='bbox 335 1144 538 1193; x_wconf 75' lang='grc' dir='ltr'><em>Πισσίδας</em></span> <span class='ocrx_word' id='word_1_116' title='bbox 561 1145 626 1185; x_wconf 85' lang='grc' dir='ltr'><strong>καὶ</strong></span> <span class='ocrx_word' id='word_1_117' title='bbox 647 1141 893 1194; x_wconf 81' lang='grc' dir='ltr'><em>Λυκάονας,</em></span> <span class='ocrx_word' id='word_1_118' title='bbox 929 1144 1039 1199; x_wconf 70' lang='grc' dir='ltr'><em>οἵπερ</em></span> <span class='ocrx_word' id='word_1_119' title='bbox 1062 1142 1334 1198; x_wconf 76' lang='grc' dir='ltr'><em>ἀναπληροῦσι</em></span> <span class='ocrx_word' id='word_1_120' title='bbox 1355 1142 1399 1184; x_wconf 83' lang='grc' dir='ltr'><strong>τὸ</strong></span> <span class='ocrx_word' id='word_1_121' title='bbox 1420 1140 1554 1198; x_wconf 88' lang='grc' dir='ltr'><em>τάγμα</em></span> <span class='ocrx_word' id='word_1_122' title='bbox 1578 1145 1658 1187; x_wconf 77' lang='grc' dir='ltr'><strong>τῶν</strong></span> <span class='ocrx_word' id='word_1_123' title='bbox 1684 1159 1779 1200; x_wconf 85' lang='grc' dir='ltr'><em>φοι-</em></span> 
     </span>
     <span class='ocr_line' id='line_1_15' title="bbox 337 1209 1779 1270; baseline -0.002 -16"><span class='ocrx_word' id='word_1_124' title='bbox 337 1209 516 1269; x_wconf 74' lang='grc' dir='ltr'><em>δεράτων</em></span> <span class='ocrx_word' id='word_1_125' title='bbox 524 1243 537 1264; x_wconf 88' lang='grc'><em>,</em></span> <span class='ocrx_word' id='word_1_126' title='bbox 564 1213 652 1268; x_wconf 76' lang='grc' dir='ltr'><em>περὶ</em></span> <span class='ocrx_word' id='word_1_127' title='bbox 670 1211 742 1261; x_wconf 82' lang='grc' dir='ltr'><em>τὰς</em></span> <span class='ocrx_word' id='word_1_128' title='bbox 759 1212 970 1266; x_wconf 76' lang='grc' dir='ltr'><em>λεγομένας</em></span> <span class='ocrx_word' id='word_1_129' title='bbox 980 1211 1110 1267; x_wconf 45' lang='grc' dir='ltr'><em>(Ώρας</em></span> <span class='ocrx_word' id='word_1_130' title='bbox 1125 1209 1418 1266; x_wconf 85' lang='grc' dir='ltr'><em>προσρήγνυται</em></span> <span class='ocrx_word' id='word_1_131' title='bbox 1434 1216 1519 1260; x_wconf 79' lang='grc' dir='ltr'><em>τοῖς</em></span> <span class='ocrx_word' id='word_1_132' title='bbox 1533 1211 1698 1270; x_wconf 67' lang='grc' dir='ltr'><em>ἐχθροῖς</em></span> <span class='ocrx_word' id='word_1_133' title='bbox 1710 1211 1779 1252; x_wconf 79' lang='grc' dir='ltr'><em>καὶ</em></span> 
     </span>
     <span class='ocr_line' id='line_1_16' title="bbox 335 1274 1835 1338; baseline -0.002 -15"><span class='ocrx_word' id='word_1_134' title='bbox 335 1279 519 1338; x_wconf 73' lang='grc' dir='ltr'><em>τρέπεται</em></span> <span class='ocrx_word' id='word_1_135' title='bbox 544 1274 667 1330; x_wconf 65' lang='grc' dir='ltr'><em>αὖθις</em></span> <span class='ocrx_word' id='word_1_136' title='bbox 692 1279 795 1321; x_wconf 82' lang='grc' dir='ltr'><em>κατὰ</em></span> <span class='ocrx_word' id='word_1_137' title='bbox 824 1277 991 1335; x_wconf 83' lang='grc' dir='ltr'><em>κράτος,</em></span> <span class='ocrx_word' id='word_1_138' title='bbox 1026 1279 1438 1335; x_wconf 80' lang='grc' dir='ltr'><em>προσεταιρισαμένων</em></span> <span class='ocrx_word' id='word_1_139' title='bbox 1467 1282 1547 1322; x_wconf 80' lang='grc' dir='ltr'><strong>τῶν</strong></span> <span class='ocrx_word' id='word_1_140' title='bbox 1578 1275 1776 1334; x_wconf 68' lang='grc' dir='ltr'><em>Φράγγων</em></span> <span class='ocrx_word' id='word_1_141' title='bbox 1789 1285 1835 1320; x_wconf 81' lang='lat'><strong>15</strong></span> 
     </span>
    </p>

    <p class='ocr_par' dir='ltr' id='par_1_3' title="bbox 187 1344 1839 1947">
     <span class='ocr_line' id='line_1_17' title="bbox 187 1344 1779 1403; baseline -0.003 -11"><span class='ocrx_word' id='word_1_142' title='bbox 187 1360 219 1391; x_wconf 53' lang='lat' dir='ltr'><strong>P*</strong></span> <span class='ocrx_word' id='word_1_143' title='bbox 244 1355 312 1392; x_wconf 84' lang='lat'><strong>756</strong></span> <span class='ocrx_word' id='word_1_144' title='bbox 335 1350 403 1391; x_wconf 83' lang='grc' dir='ltr'><strong>καὶ</strong></span> <span class='ocrx_word' id='word_1_145' title='bbox 423 1347 520 1390; x_wconf 77' lang='grc' dir='ltr'><em>ἄλλο</em></span> <span class='ocrx_word' id='word_1_146' title='bbox 540 1351 700 1401; x_wconf 75' lang='grc' dir='ltr'><em>πλῆθος</em></span> <span class='ocrx_word' id='word_1_147' title='bbox 718 1347 791 1390; x_wconf 75' lang='grc' dir='ltr'><strong>οὔκ</strong></span> <span class='ocrx_word' id='word_1_148' title='bbox 811 1347 942 1403; x_wconf 80' lang='grc' dir='ltr'><em>ὀλίγον</em></span> <span class='ocrx_word' id='word_1_149' title='bbox 963 1346 1040 1389; x_wconf 80' lang='grc' dir='ltr'><strong>ἀπὸ</strong></span> <span class='ocrx_word' id='word_1_150' title='bbox 1059 1350 1139 1389; x_wconf 81' lang='grc' dir='ltr'><strong>τῶν</strong></span> <span class='ocrx_word' id='word_1_151' title='bbox 1155 1346 1316 1389; x_wconf 83' lang='grc' dir='ltr'><em>Ἰταλῶν</em></span> <span class='ocrx_word' id='word_1_152' title='bbox 1337 1351 1415 1389; x_wconf 86' lang='grc' dir='ltr'><strong>τῶν</strong></span> <span class='ocrx_word' id='word_1_153' title='bbox 1435 1347 1526 1403; x_wconf 80' lang='grc' dir='ltr'><strong>περὶ</strong></span> <span class='ocrx_word' id='word_1_154' title='bbox 1545 1345 1616 1388; x_wconf 82' lang='grc' dir='ltr'><strong>τὸν</strong></span> <span class='ocrx_word' id='word_1_155' title='bbox 1633 1344 1779 1390; x_wconf 68' lang='lat' dir='ltr'><strong>Hdd‘ov.</strong></span> 
     </span>
     <span class='ocr_line' id='line_1_18' title="bbox 334 1412 1781 1471; baseline -0.002 -12"><span class='ocrx_word' id='word_1_156' title='bbox 334 1417 404 1459; x_wconf 84' lang='grc' dir='ltr'><strong>τὸν</strong></span> <span class='ocrx_word' id='word_1_157' title='bbox 424 1416 605 1469; x_wconf 82' lang='grc' dir='ltr'><em>ποταμὸν</em></span> <span class='ocrx_word' id='word_1_158' title='bbox 623 1417 688 1458; x_wconf 83' lang='grc' dir='ltr'><strong>καὶ</strong></span> <span class='ocrx_word' id='word_1_159' title='bbox 709 1416 782 1465; x_wconf 78' lang='grc' dir='ltr'><em>τὰς</em></span> <span class='ocrx_word' id='word_1_160' title='bbox 799 1413 996 1471; x_wconf 78' lang='grc' dir='ltr'><em>ὖπωρειάς</em></span> <span class='ocrx_word' id='word_1_161' title='bbox 1015 1412 1225 1457; x_wconf 76' lang='grc' dir='ltr'><em>οἰκούντων</em></span> <span class='ocrx_word' id='word_1_162' title='bbox 1246 1419 1325 1457; x_wconf 83' lang='grc' dir='ltr'><strong>τῶν</strong></span> <span class='ocrx_word' id='word_1_163' title='bbox 1337 1414 1524 1457; x_wconf 80' lang='grc' dir='ltr'><em>Ἄλπεων.</em></span> <span class='ocrx_word' id='word_1_164' title='bbox 1590 1418 1711 1457; x_wconf 79' lang='grc' dir='ltr'><em>τοῦτο</em></span> <span class='ocrx_word' id='word_1_165' title='bbox 1734 1414 1781 1456; x_wconf 76' lang='grc' dir='ltr'><strong>δὲ</strong></span> 
     </span>
     <span class='ocr_line' id='line_1_19' title="bbox 334 1481 1777 1539; baseline -0.001 -13"><span class='ocrx_word' id='word_1_166' title='bbox 334 1482 564 1538; x_wconf 70' lang='grc' dir='ltr'><em>πυθόμενος</em></span> <span class='ocrx_word' id='word_1_167' title='bbox 596 1481 617 1525; x_wconf 82' lang='grc' dir='ltr'><strong><em>ὃ</em></strong></span> <span class='ocrx_word' id='word_1_168' title='bbox 647 1483 837 1537; x_wconf 78' lang='grc' dir='ltr'><em>βασιλεὺς</em></span> <span class='ocrx_word' id='word_1_169' title='bbox 864 1483 1037 1538; x_wconf 83' lang='grc' dir='ltr'><em>Μιχαὴλ</em></span> <span class='ocrx_word' id='word_1_170' title='bbox 1063 1487 1204 1525; x_wconf 77' lang='grc' dir='ltr'><em>τοῦτον</em></span> <span class='ocrx_word' id='word_1_171' title='bbox 1223 1484 1295 1538; x_wconf 72' lang='grc' dir='ltr'><em>μὲν</em></span> <span class='ocrx_word' id='word_1_172' title='bbox 1314 1483 1526 1537; x_wconf 75' lang='grc' dir='ltr'><em>μετέστησε</em></span> <span class='ocrx_word' id='word_1_173' title='bbox 1547 1485 1618 1537; x_wconf 82' lang='grc' dir='ltr'><em>τῆς</em></span> <span class='ocrx_word' id='word_1_174' title='bbox 1638 1481 1777 1539; x_wconf 78' lang='grc' dir='ltr'><em>ἀρχῆς,</em></span> 
     </span>
     <span class='ocr_line' id='line_1_20' title="bbox 334 1547 1775 1608; baseline -0.002 -14"><span class='ocrx_word' id='word_1_175' title='bbox 334 1551 488 1606; x_wconf 60' lang='grc' dir='ltr'><em>ἔπεμψε</em></span> <span class='ocrx_word' id='word_1_176' title='bbox 516 1552 559 1593; x_wconf 75' lang='grc' dir='ltr'><strong>δὲ</strong></span> <span class='ocrx_word' id='word_1_177' title='bbox 585 1551 654 1593; x_wconf 83' lang='grc' dir='ltr'><strong>τὸν</strong></span> <span class='ocrx_word' id='word_1_178' title='bbox 683 1549 936 1606; x_wconf 84' lang='grc' dir='ltr'><em>Βοΐωάννην,</em></span> <span class='ocrx_word' id='word_1_179' title='bbox 971 1554 1164 1593; x_wconf 77' lang='grc' dir='ltr'><em>δοκοῦντα</em></span> <span class='ocrx_word' id='word_1_180' title='bbox 1193 1550 1407 1607; x_wconf 85' lang='grc' dir='ltr'><em>πρακτικὸν</em></span> <span class='ocrx_word' id='word_1_181' title='bbox 1437 1549 1566 1608; x_wconf 79' lang='grc' dir='ltr'><em>ἄνδρα</em></span> <span class='ocrx_word' id='word_1_182' title='bbox 1589 1547 1686 1593; x_wconf 74' lang='grc' dir='ltr'><em>εἶναι</em></span> <span class='ocrx_word' id='word_1_183' title='bbox 1708 1551 1775 1592; x_wconf 83' lang='grc' dir='ltr'><strong>καὶ</strong></span> 
     </span>
     <span class='ocr_line' id='line_1_21' title="bbox 336 1617 1839 1675; baseline -0.001 -13"><span class='ocrx_word' id='word_1_184' title='bbox 336 1622 377 1662; x_wconf 75' lang='grc' dir='ltr'><strong>ἔν</strong></span> <span class='ocrx_word' id='word_1_185' title='bbox 396 1620 584 1673; x_wconf 75' lang='grc' dir='ltr'><em>πολέμοις</em></span> <span class='ocrx_word' id='word_1_186' title='bbox 606 1617 833 1673; x_wconf 73' lang='grc' dir='ltr'><em>εὐδόκιμον,</em></span> <span class='ocrx_word' id='word_1_187' title='bbox 870 1621 935 1661; x_wconf 74' lang='grc' dir='ltr'><strong>καὶ</strong></span> <span class='ocrx_word' id='word_1_188' title='bbox 955 1621 1010 1669; x_wconf 77' lang='grc' dir='ltr'><em>εἷς</em></span> <span class='ocrx_word' id='word_1_189' title='bbox 1028 1620 1173 1661; x_wconf 73' lang='grc' dir='ltr'><em>ἐκεῖνον</em></span> <span class='ocrx_word' id='word_1_190' title='bbox 1194 1618 1444 1675; x_wconf 75' lang='grc' dir='ltr'><em>ἀναφέροντα</em></span> <span class='ocrx_word' id='word_1_191' title='bbox 1461 1618 1533 1671; x_wconf 83' lang='grc' dir='ltr'><strong>τὴν</strong></span> <span class='ocrx_word' id='word_1_192' title='bbox 1550 1621 1623 1660; x_wconf 80' lang='grc' dir='ltr'><strong>τοῦ</strong></span> <span class='ocrx_word' id='word_1_193' title='bbox 1639 1618 1839 1674; x_wconf 66' lang='grc' dir='ltr'><em>γένουςὲῦ</em></span> 
     </span>
     <span class='ocr_line' id='line_1_22' title="bbox 334 1686 1785 1745; baseline -0.001 -15"><span class='ocrx_word' id='word_1_194' title='bbox 334 1687 543 1744; x_wconf 79' lang='grc' dir='ltr'><em>ἀναφορὰν</em></span> <span class='ocrx_word' id='word_1_195' title='bbox 563 1688 632 1729; x_wconf 84' lang='grc' dir='ltr'><strong>τὸν</strong></span> <span class='ocrx_word' id='word_1_196' title='bbox 657 1688 719 1728; x_wconf 65' lang='grc' dir='ltr'><strong>ἐπὶ</strong></span> <span class='ocrx_word' id='word_1_197' title='bbox 745 1688 957 1729; x_wconf 75' lang='grc' dir='ltr'><em>Βασιλείου</em></span> <span class='ocrx_word' id='word_1_198' title='bbox 986 1692 1059 1729; x_wconf 79' lang='grc' dir='ltr'><strong>τοῦ</strong></span> <span class='ocrx_word' id='word_1_199' title='bbox 1084 1687 1280 1740; x_wconf 74' lang='grc' dir='ltr'><em>βασιλέως</em></span> <span class='ocrx_word' id='word_1_200' title='bbox 1306 1688 1347 1728; x_wconf 74' lang='grc' dir='ltr'><strong>ἐν</strong></span> <span class='ocrx_word' id='word_1_201' title='bbox 1366 1686 1514 1745; x_wconf 75' lang='grc' dir='ltr'><em>Ἰταλία</em></span> <span class='ocrx_word' id='word_1_202' title='bbox 1538 1686 1785 1742; x_wconf 72' lang='grc' dir='ltr'><em>πεμφθέντα,</em></span> 
     </span>
     <span class='ocr_line' id='line_1_23' title="bbox 334 1752 1781 1812; baseline -0.001 -16"><span class='ocrx_word' id='word_1_203' title='bbox 334 1753 586 1809; x_wconf 82' lang='grc' dir='ltr'><em>Βοῖωάννην,</em></span> <span class='ocrx_word' id='word_1_204' title='bbox 621 1754 666 1805; x_wconf 77' lang='grc' dir='ltr'><em>ὃς</em></span> <span class='ocrx_word' id='word_1_205' title='bbox 691 1759 823 1798; x_wconf 77' lang='grc' dir='ltr'><em>πᾶσαν</em></span> <span class='ocrx_word' id='word_1_206' title='bbox 852 1755 924 1808; x_wconf 81' lang='grc' dir='ltr'><strong>τὴν</strong></span> <span class='ocrx_word' id='word_1_207' title='bbox 943 1756 1113 1797; x_wconf 75' lang='grc' dir='ltr'><em>Ἰταλίαν</em></span> <span class='ocrx_word' id='word_1_208' title='bbox 1131 1755 1247 1810; x_wconf 77' lang='grc' dir='ltr'><em>μέχρι</em></span> <span class='ocrx_word' id='word_1_209' title='bbox 1263 1752 1418 1809; x_wconf 82' lang='grc' dir='ltr'><em>Ῥώμης</em></span> <span class='ocrx_word' id='word_1_210' title='bbox 1434 1753 1523 1797; x_wconf 81' lang='grc' dir='ltr'><em>τότε</em></span> <span class='ocrx_word' id='word_1_211' title='bbox 1542 1757 1600 1812; x_wconf 75' lang='grc' dir='ltr'><strong>τῷ</strong></span> <span class='ocrx_word' id='word_1_212' title='bbox 1616 1757 1781 1808; x_wconf 79' lang='grc' dir='ltr'><em>βασιλεῖ’</em></span> 
     </span>
     <span class='ocr_line' id='line_1_24' title="bbox 332 1818 1776 1880; baseline -0.001 -15"><span class='ocrx_word' id='word_1_213' title='bbox 332 1822 624 1880; x_wconf 73' lang='grc' dir='ltr'><em>παρεστήσατο.</em></span> <span class='ocrx_word' id='word_1_214' title='bbox 692 1823 796 1865; x_wconf 79' lang='grc' dir='ltr'><em>ἀλλὰ</em></span> <span class='ocrx_word' id='word_1_215' title='bbox 822 1826 888 1866; x_wconf 85' lang='grc' dir='ltr'><strong>καὶ</strong></span> <span class='ocrx_word' id='word_1_216' title='bbox 916 1818 1030 1873; x_wconf 72' lang='grc' dir='ltr'><em>οὗτος</em></span> <span class='ocrx_word' id='word_1_217' title='bbox 1060 1823 1250 1865; x_wconf 73' lang='grc' dir='ltr'><em>ἀπελθὼν</em></span> <span class='ocrx_word' id='word_1_218' title='bbox 1279 1822 1382 1864; x_wconf 78' lang='grc' dir='ltr'><em>κατὰ</em></span> <span class='ocrx_word' id='word_1_219' title='bbox 1402 1819 1542 1879; x_wconf 83' lang='grc' dir='ltr'><em>χώραν</em></span> <span class='ocrx_word' id='word_1_220' title='bbox 1565 1823 1633 1864; x_wconf 81' lang='grc' dir='ltr'><strong>καὶ</strong></span> <span class='ocrx_word' id='word_1_221' title='bbox 1653 1825 1776 1876; x_wconf 77' lang='grc' dir='ltr'><em>νεαλῆ</em></span> 
     </span>
     <span class='ocr_line' id='line_1_25' title="bbox 333 1888 1774 1947; baseline -0.001 -14"><span class='ocrx_word' id='word_1_222' title='bbox 333 1893 399 1933; x_wconf 81' lang='grc' dir='ltr'><strong>καὶ</strong></span> <span class='ocrx_word' id='word_1_223' title='bbox 434 1891 608 1945; x_wconf 76' lang='grc' dir='ltr'><em>ἀκμαίαν</em></span> <span class='ocrx_word' id='word_1_224' title='bbox 639 1888 807 1947; x_wconf 68' lang='grc' dir='ltr'><em>δύναμιν</em></span> <span class='ocrx_word' id='word_1_225' title='bbox 837 1891 894 1947; x_wconf 81' lang='grc' dir='ltr'><em>μὴ</em></span> <span class='ocrx_word' id='word_1_226' title='bbox 925 1889 1086 1946; x_wconf 76' lang='grc' dir='ltr'><em>λαβών,</em></span> <span class='ocrx_word' id='word_1_227' title='bbox 1134 1890 1230 1932; x_wconf 71' lang='grc' dir='ltr'><em>ἀλλ’</em></span> <span class='ocrx_word' id='word_1_228' title='bbox 1266 1891 1533 1947; x_wconf 75' lang='grc' dir='ltr'><em>ἀναγκασθεὶς</em></span> <span class='ocrx_word' id='word_1_229' title='bbox 1560 1889 1660 1946; x_wconf 80' lang='grc' dir='ltr'><em>μετὰ</em></span> <span class='ocrx_word' id='word_1_230' title='bbox 1695 1894 1774 1933; x_wconf 80' lang='grc' dir='ltr'><strong>τῶν</strong></span> 
     </span>
    </p>
   </div>
   <div class='ocr_carea' id='block_1_3' title="bbox 422 1996 1577 2045">
    <p class='ocr_par' dir='ltr' id='par_1_4' title="bbox 422 1996 1577 2045">
     <span class='ocr_line' id='line_1_26' title="bbox 422 1996 1577 2045; baseline -0.002 -11"><span class='ocrx_word' id='word_1_231' title='bbox 422 1998 446 2034; x_wconf 86' lang='grc'><strong>3</strong></span> <span class='ocrx_word' id='word_1_232' title='bbox 469 1997 639 2042; x_wconf 81' lang='grc' dir='ltr'><em>συμμῖξαι</em></span> <span class='ocrx_word' id='word_1_233' title='bbox 655 1998 686 2033; x_wconf 84' lang='lat' dir='ltr'>O</span> <span class='ocrx_word' id='word_1_234' title='bbox 819 2000 843 2035; x_wconf 87' lang='lat'>7</span> <span class='ocrx_word' id='word_1_235' title='bbox 864 1997 1052 2044; x_wconf 77' lang='grc' dir='ltr'><em>ῥωμαίων,</em></span> <span class='ocrx_word' id='word_1_236' title='bbox 1076 1999 1203 2035; x_wconf 87' lang='lat' dir='ltr'><strong>omisso</strong></span> <span class='ocrx_word' id='word_1_237' title='bbox 1226 1996 1523 2045; x_wconf 77' lang='grc' dir='ltr'><em>στρατευμάτων,</em></span> <span class='ocrx_word' id='word_1_238' title='bbox 1546 1997 1577 2032; x_wconf 83' lang='lat' dir='ltr'>C</span> 
     </span>
    </p>
   </div>
   <div class='ocr_carea' id='block_1_4' title="bbox 323 2089 1792 2910">
    <p class='ocr_par' dir='ltr' id='par_1_5' title="bbox 323 2089 1792 2910">
     <span class='ocr_line' id='line_1_27' title="bbox 330 2089 1771 2135; baseline 0 -12"><span class='ocrx_word' id='word_1_239' title='bbox 330 2101 395 2135; x_wconf 85' lang='lat' dir='ltr'><strong>per</strong></span> <span class='ocrx_word' id='word_1_240' title='bbox 418 2089 656 2124; x_wconf 86' lang='lat' dir='ltr'><strong>contumeliam</strong></span> <span class='ocrx_word' id='word_1_241' title='bbox 680 2089 799 2134; x_wconf 85' lang='lat' dir='ltr'><strong>flagris</strong></span> <span class='ocrx_word' id='word_1_242' title='bbox 824 2090 898 2133; x_wconf 86' lang='lat' dir='ltr'><strong>(ita</strong></span> <span class='ocrx_word' id='word_1_243' title='bbox 921 2091 1008 2125; x_wconf 81' lang='lat' dir='ltr'><strong>enim</strong></span> <span class='ocrx_word' id='word_1_244' title='bbox 1030 2092 1166 2135; x_wconf 86' lang='lat' dir='ltr'><strong>fertur)</strong></span> <span class='ocrx_word' id='word_1_245' title='bbox 1190 2090 1397 2134; x_wconf 77' lang='lat' dir='ltr'>cecidisset,</span> <span class='ocrx_word' id='word_1_246' title='bbox 1435 2089 1551 2134; x_wconf 84' lang='lat' dir='ltr'><strong>coegit</strong></span> <span class='ocrx_word' id='word_1_247' title='bbox 1572 2089 1728 2124; x_wconf 80' lang='lat' dir='ltr'><strong>Francos</strong></span> <span class='ocrx_word' id='word_1_248' title='bbox 1751 2098 1771 2122; x_wconf 83' lang='lat' dir='ltr'><strong>a</strong></span> 
     </span>
     <span class='ocr_line' id='line_1_28' title="bbox 329 2135 1771 2181; baseline 0 -12"><span class='ocrx_word' id='word_1_249' title='bbox 329 2147 370 2169; x_wconf 82' lang='lat' dir='ltr'><strong>se</strong></span> <span class='ocrx_word' id='word_1_250' title='bbox 393 2135 599 2169; x_wconf 83' lang='lat' dir='ltr'><strong>desciscere.</strong></span> <span class='ocrx_word' id='word_1_251' title='bbox 646 2147 789 2180; x_wconf 89' lang='lat' dir='ltr'><strong>cumque</strong></span> <span class='ocrx_word' id='word_1_252' title='bbox 810 2136 837 2169; x_wconf 84' lang='lat' dir='ltr'><strong>ii</strong></span> <span class='ocrx_word' id='word_1_253' title='bbox 860 2149 953 2171; x_wconf 63' lang='lat' dir='ltr'><strong>erma</strong></span> <span class='ocrx_word' id='word_1_254' title='bbox 975 2137 1180 2179; x_wconf 80' lang='lat' dir='ltr'><strong>movissent,</strong></span> <span class='ocrx_word' id='word_1_255' title='bbox 1215 2142 1250 2170; x_wconf 80' lang='lat' dir='ltr'><strong>et</strong></span> <span class='ocrx_word' id='word_1_256' title='bbox 1271 2137 1347 2181; x_wconf 86' lang='lat' dir='ltr'><strong>ipse</strong></span> <span class='ocrx_word' id='word_1_257' title='bbox 1371 2147 1445 2169; x_wconf 89' lang='lat' dir='ltr'><strong>cum</strong></span> <span class='ocrx_word' id='word_1_258' title='bbox 1470 2136 1624 2170; x_wconf 90' lang='lat' dir='ltr'><strong>omnibus</strong></span> <span class='ocrx_word' id='word_1_259' title='bbox 1642 2135 1771 2169; x_wconf 85' lang='lat' dir='ltr'><strong>Roma-</strong></span> 
     </span>
     <span class='ocr_line' id='line_1_29' title="bbox 329 2180 1772 2228; baseline 0 -14"><span class='ocrx_word' id='word_1_260' title='bbox 329 2180 384 2214; x_wconf 89' lang='lat' dir='ltr'><strong>nis</strong></span> <span class='ocrx_word' id='word_1_261' title='bbox 407 2180 517 2226; x_wconf 88' lang='lat' dir='ltr'><strong>copiis</strong></span> <span class='ocrx_word' id='word_1_262' title='bbox 542 2192 601 2215; x_wconf 89' lang='lat' dir='ltr'><strong>eos</strong></span> <span class='ocrx_word' id='word_1_263' title='bbox 625 2181 770 2215; x_wconf 86' lang='lat' dir='ltr'><strong>deberet</strong></span> <span class='ocrx_word' id='word_1_264' title='bbox 793 2182 940 2226; x_wconf 79' lang='lat' dir='ltr'><strong>adoriri,</strong></span> <span class='ocrx_word' id='word_1_265' title='bbox 978 2183 1080 2216; x_wconf 87' lang='lat' dir='ltr'><strong>unica</strong></span> <span class='ocrx_word' id='word_1_266' title='bbox 1109 2181 1296 2228; x_wconf 85' lang='lat' dir='ltr'><strong>Opsiciana</strong></span> <span class='ocrx_word' id='word_1_267' title='bbox 1319 2181 1454 2226; x_wconf 83' lang='lat' dir='ltr'><strong>legione</strong></span> <span class='ocrx_word' id='word_1_268' title='bbox 1473 2185 1510 2215; x_wconf 80' lang='lat' dir='ltr'><strong>et</strong></span> <span class='ocrx_word' id='word_1_269' title='bbox 1531 2185 1632 2226; x_wconf 72' lang='lat' dir='ltr'><strong>parte</strong></span> <span class='ocrx_word' id='word_1_270' title='bbox 1653 2180 1772 2216; x_wconf 77' lang='lat' dir='ltr'><strong>Thra-</strong></span> 
     </span>
     <span class='ocr_line' id='line_1_30' title="bbox 329 2225 1772 2274; baseline 0.001 -15"><span class='ocrx_word' id='word_1_271' title='bbox 329 2226 481 2260; x_wconf 80' lang='lat' dir='ltr'><strong>censium</strong></span> <span class='ocrx_word' id='word_1_272' title='bbox 504 2226 664 2271; x_wconf 88' lang='lat' dir='ltr'><strong>stipatus,</strong></span> <span class='ocrx_word' id='word_1_273' title='bbox 687 2238 762 2261; x_wconf 91' lang='lat' dir='ltr'><strong>cum</strong></span> <span class='ocrx_word' id='word_1_274' title='bbox 786 2227 829 2262; x_wconf 87' lang='lat' dir='ltr'><strong>iis</strong></span> <span class='ocrx_word' id='word_1_275' title='bbox 854 2229 945 2274; x_wconf 89' lang='lat' dir='ltr'><strong>apud</strong></span> <span class='ocrx_word' id='word_1_276' title='bbox 966 2229 1104 2263; x_wconf 84' lang='lat' dir='ltr'><strong>Cannas</strong></span> <span class='ocrx_word' id='word_1_277' title='bbox 1126 2239 1235 2273; x_wconf 86' lang='lat' dir='ltr'><strong>prope</strong></span> <span class='ocrx_word' id='word_1_278' title='bbox 1256 2227 1414 2261; x_wconf 88' lang='lat' dir='ltr'><strong>Aufidum</strong></span> <span class='ocrx_word' id='word_1_279' title='bbox 1431 2226 1586 2270; x_wconf 88' lang='lat' dir='ltr'><strong>fluvium,</strong></span> <span class='ocrx_word' id='word_1_280' title='bbox 1609 2237 1678 2271; x_wconf 89' lang='lat' dir='ltr'><strong>quo</strong></span> <span class='ocrx_word' id='word_1_281' title='bbox 1694 2225 1772 2260; x_wconf 77' lang='lat' dir='ltr'><strong>loeo</strong></span> 
     </span>
     <span class='ocr_line' id='line_1_31' title="bbox 328 2271 1773 2316; baseline 0.001 -11"><span class='ocrx_word' id='word_1_282' title='bbox 328 2273 500 2316; x_wconf 89' lang='lat' dir='ltr'><strong>quondam</strong></span> <span class='ocrx_word' id='word_1_283' title='bbox 523 2272 691 2316; x_wconf 86' lang='lat' dir='ltr'><strong>permulta</strong></span> <span class='ocrx_word' id='word_1_284' title='bbox 714 2273 942 2308; x_wconf 87' lang='lat' dir='ltr'><strong>Romanorum</strong></span> <span class='ocrx_word' id='word_1_285' title='bbox 965 2274 1058 2308; x_wconf 79' lang='lat' dir='ltr'><strong>milia</strong></span> <span class='ocrx_word' id='word_1_286' title='bbox 1081 2273 1207 2308; x_wconf 84' lang='lat' dir='ltr'><strong>occidit</strong></span> <span class='ocrx_word' id='word_1_287' title='bbox 1229 2272 1394 2316; x_wconf 85' lang='lat' dir='ltr'><strong>Annibal,</strong></span> <span class='ocrx_word' id='word_1_288' title='bbox 1429 2272 1602 2316; x_wconf 88' lang='lat' dir='ltr'><strong>conflixit,</strong></span> <span class='ocrx_word' id='word_1_289' title='bbox 1638 2271 1773 2306; x_wconf 73' lang='lat' dir='ltr'><strong>victus-</strong></span> 
     </span>
     <span class='ocr_line' id='line_1_32' title="bbox 329 2317 1788 2365; baseline 0 -14"><span class='ocrx_word' id='word_1_290' title='bbox 329 2328 398 2361; x_wconf 89' lang='lat' dir='ltr'><strong>que</strong></span> <span class='ocrx_word' id='word_1_291' title='bbox 423 2317 548 2352; x_wconf 85' lang='lat' dir='ltr'><strong>amissa</strong></span> <span class='ocrx_word' id='word_1_292' title='bbox 569 2318 699 2352; x_wconf 81' lang='lat' dir='ltr'><strong>maiore</strong></span> <span class='ocrx_word' id='word_1_293' title='bbox 721 2319 892 2354; x_wconf 87' lang='lat' dir='ltr'><strong>exercitus</strong></span> <span class='ocrx_word' id='word_1_294' title='bbox 917 2324 1016 2365; x_wconf 84' lang='lat' dir='ltr'><strong>parte</strong></span> <span class='ocrx_word' id='word_1_295' title='bbox 1038 2321 1176 2354; x_wconf 80' lang='lat' dir='ltr'><strong>cannas</strong></span> <span class='ocrx_word' id='word_1_296' title='bbox 1198 2319 1346 2364; x_wconf 76' lang='lat' dir='ltr'><strong>turpiter</strong></span> <span class='ocrx_word' id='word_1_297' title='bbox 1371 2318 1495 2353; x_wconf 83' lang='lat' dir='ltr'><strong>evasit.</strong></span> <span class='ocrx_word' id='word_1_298' title='bbox 1541 2317 1607 2352; x_wconf 86' lang='lat' dir='ltr'><strong>hac</strong></span> <span class='ocrx_word' id='word_1_299' title='bbox 1631 2321 1788 2362; x_wconf 30' lang='lat' dir='ltr'><strong>accepta*</strong></span> 
     </span>
     <span class='ocr_line' id='line_1_33' title="bbox 328 2362 1771 2411; baseline 0 -15"><span class='ocrx_word' id='word_1_300' title='bbox 328 2362 449 2407; x_wconf 89' lang='lat' dir='ltr'><strong>clade,</strong></span> <span class='ocrx_word' id='word_1_301' title='bbox 473 2375 518 2397; x_wconf 89' lang='lat' dir='ltr'><strong>ne</strong></span> <span class='ocrx_word' id='word_1_302' title='bbox 540 2363 629 2397; x_wconf 89' lang='lat' dir='ltr'><strong>ictus</strong></span> <span class='ocrx_word' id='word_1_303' title='bbox 653 2364 810 2408; x_wconf 85' lang='lat' dir='ltr'><strong>quidem,</strong></span> <span class='ocrx_word' id='word_1_304' title='bbox 833 2366 926 2410; x_wconf 90' lang='lat' dir='ltr'><strong>quod</strong></span> <span class='ocrx_word' id='word_1_305' title='bbox 950 2371 1004 2400; x_wconf 89' lang='lat' dir='ltr'><strong>est</strong></span> <span class='ocrx_word' id='word_1_306' title='bbox 1025 2366 1069 2400; x_wconf 88' lang='lat' dir='ltr'><strong>de</strong></span> <span class='ocrx_word' id='word_1_307' title='bbox 1091 2365 1263 2411; x_wconf 83' lang='lat' dir='ltr'><strong>piscatore</strong></span> <span class='ocrx_word' id='word_1_308' title='bbox 1286 2364 1526 2409; x_wconf 85' lang='lat' dir='ltr'><strong>proverbium,</strong></span> <span class='ocrx_word' id='word_1_309' title='bbox 1550 2362 1685 2407; x_wconf 81' lang='lat' dir='ltr'><strong>sa&#39;puit,</strong></span> <span class='ocrx_word' id='word_1_310' title='bbox 1707 2373 1771 2396; x_wconf 90' lang='lat' dir='ltr'><strong>ne-</strong></span> 
     </span>
     <span class='ocr_line' id='line_1_34' title="bbox 327 2407 1792 2456; baseline 0.003 -15"><span class='ocrx_word' id='word_1_311' title='bbox 327 2418 396 2452; x_wconf 88' lang='lat' dir='ltr'><strong>que</strong></span> <span class='ocrx_word' id='word_1_312' title='bbox 422 2408 577 2442; x_wconf 88' lang='lat' dir='ltr'><strong>omnibus</strong></span> <span class='ocrx_word' id='word_1_313' title='bbox 602 2409 712 2454; x_wconf 86' lang='lat' dir='ltr'><strong>copiis</strong></span> <span class='ocrx_word' id='word_1_314' title='bbox 733 2411 881 2445; x_wconf 89' lang='lat' dir='ltr'><strong>munitus</strong></span> <span class='ocrx_word' id='word_1_315' title='bbox 903 2411 1035 2445; x_wconf 84' lang='lat' dir='ltr'><strong>hostem</strong></span> <span class='ocrx_word' id='word_1_316' title='bbox 1060 2411 1181 2456; x_wconf 87' lang='lat' dir='ltr'><strong>petiit,</strong></span> <span class='ocrx_word' id='word_1_317' title='bbox 1220 2410 1281 2444; x_wconf 88' lang='lat' dir='ltr'><strong>sed</strong></span> <span class='ocrx_word' id='word_1_318' title='bbox 1312 2410 1503 2444; x_wconf 79' lang='lat' dir='ltr'><strong>temeritate</strong></span> <span class='ocrx_word' id='word_1_319' title='bbox 1525 2409 1682 2443; x_wconf 87' lang='lat' dir='ltr'><strong>nimirum</strong></span> <span class='ocrx_word' id='word_1_320' title='bbox 1705 2407 1770 2442; x_wconf 85' lang='lat' dir='ltr'><strong>du·</strong></span> <span class='ocrx_word' id='word_1_321' title='bbox 1790 2442 1792 2445; x_wconf 84' lang='lat'>.</span> 
     </span>
     <span class='ocr_line' id='line_1_35' title="bbox 327 2453 1768 2501; baseline -0.001 -14"><span class='ocrx_word' id='word_1_322' title='bbox 327 2458 405 2487; x_wconf 85' lang='lat' dir='ltr'><strong>ctus</strong></span> <span class='ocrx_word' id='word_1_323' title='bbox 429 2465 488 2488; x_wconf 89' lang='lat' dir='ltr'><strong>eos</strong></span> <span class='ocrx_word' id='word_1_324' title='bbox 512 2453 608 2498; x_wconf 88' lang='lat' dir='ltr'><strong>ipsos</strong></span> <span class='ocrx_word' id='word_1_325' title='bbox 633 2454 693 2499; x_wconf 90' lang='lat' dir='ltr'><strong>qui</strong></span> <span class='ocrx_word' id='word_1_326' title='bbox 715 2455 801 2490; x_wconf 86' lang='lat' dir='ltr'><strong>victi</strong></span> <span class='ocrx_word' id='word_1_327' title='bbox 822 2457 960 2491; x_wconf 85' lang='lat' dir='ltr'><strong>fuerant</strong></span> <span class='ocrx_word' id='word_1_328' title='bbox 982 2456 1140 2501; x_wconf 82' lang='lat' dir='ltr'><strong>collegit3</strong></span> <span class='ocrx_word' id='word_1_329' title='bbox 1163 2455 1401 2500; x_wconf 84' lang='lat' dir='ltr'><strong>adiunctisque</strong></span> <span class='ocrx_word' id='word_1_330' title='bbox 1423 2454 1552 2489; x_wconf 81' lang='lat' dir='ltr'><strong>Pisidis</strong></span> <span class='ocrx_word' id='word_1_331' title='bbox 1575 2458 1612 2489; x_wconf 82' lang='lat' dir='ltr'><strong>et</strong></span> <span class='ocrx_word' id='word_1_332' title='bbox 1629 2454 1768 2497; x_wconf 80' lang='lat' dir='ltr'><strong>Lycao-</strong></span> 
     </span>
     <span class='ocr_line' id='line_1_36' title="bbox 328 2498 1767 2548; baseline 0.001 -17"><span class='ocrx_word' id='word_1_333' title='bbox 328 2498 430 2533; x_wconf 89' lang='lat' dir='ltr'><strong>nibus</strong></span> <span class='ocrx_word' id='word_1_334' title='bbox 464 2499 524 2544; x_wconf 90' lang='lat' dir='ltr'><strong>qui</strong></span> <span class='ocrx_word' id='word_1_335' title='bbox 555 2500 810 2535; x_wconf 82' lang='lat' dir='ltr'><strong>foederatorum</strong></span> <span class='ocrx_word' id='word_1_336' title='bbox 836 2502 1004 2546; x_wconf 84' lang='lat' dir='ltr'><strong>legionem</strong></span> <span class='ocrx_word' id='word_1_337' title='bbox 1031 2502 1191 2548; x_wconf 88' lang='lat' dir='ltr'><strong>implent,</strong></span> <span class='ocrx_word' id='word_1_338' title='bbox 1222 2501 1397 2543; x_wconf 84' lang='lat' dir='ltr'><strong>Francos,</strong></span> <span class='ocrx_word' id='word_1_339' title='bbox 1433 2501 1556 2545; x_wconf 88' lang='lat' dir='ltr'><strong>quibus</strong></span> <span class='ocrx_word' id='word_1_340' title='bbox 1583 2499 1650 2534; x_wconf 83' lang='lat' dir='ltr'><strong>alia</strong></span> <span class='ocrx_word' id='word_1_341' title='bbox 1675 2498 1767 2534; x_wconf 82' lang='lat' dir='ltr'><strong>haud</strong></span> 
     </span>
     <span class='ocr_line' id='line_1_37' title="bbox 328 2543 1767 2591; baseline 0.001 -14"><span class='ocrx_word' id='word_1_342' title='bbox 328 2544 455 2588; x_wconf 81' lang='lat' dir='ltr'><strong>exigua</strong></span> <span class='ocrx_word' id='word_1_343' title='bbox 483 2544 610 2579; x_wconf 80' lang='lat' dir='ltr'><strong>auxilia</strong></span> <span class='ocrx_word' id='word_1_344' title='bbox 634 2547 677 2580; x_wconf 85' lang='lat' dir='ltr'><strong>ab</strong></span> <span class='ocrx_word' id='word_1_345' title='bbox 697 2547 795 2581; x_wconf 72' lang='lat' dir='ltr'><strong>{talis</strong></span> <span class='ocrx_word' id='word_1_346' title='bbox 818 2547 911 2582; x_wconf 85' lang='lat' dir='ltr'><strong>circa</strong></span> <span class='ocrx_word' id='word_1_347' title='bbox 931 2548 1059 2582; x_wconf 88' lang='lat' dir='ltr'><strong>Padum</strong></span> <span class='ocrx_word' id='word_1_348' title='bbox 1081 2549 1207 2583; x_wconf 89' lang='lat' dir='ltr'><strong>flumen</strong></span> <span class='ocrx_word' id='word_1_349' title='bbox 1229 2552 1264 2581; x_wconf 87' lang='lat' dir='ltr'><strong>et</strong></span> <span class='ocrx_word' id='word_1_350' title='bbox 1287 2547 1331 2581; x_wconf 83' lang='lat' dir='ltr'><strong>ad</strong></span> <span class='ocrx_word' id='word_1_351' title='bbox 1351 2546 1487 2591; x_wconf 90' lang='lat' dir='ltr'><strong>Alpium</strong></span> <span class='ocrx_word' id='word_1_352' title='bbox 1509 2545 1644 2580; x_wconf 77' lang='lat' dir='ltr'><strong>radices</strong></span> <span class='ocrx_word' id='word_1_353' title='bbox 1666 2543 1767 2579; x_wconf 83' lang='lat' dir='ltr'><strong>habi-</strong></span> 
     </span>
     <span class='ocr_line' id='line_1_38' title="bbox 326 2589 1767 2638; baseline 0.001 -16"><span class='ocrx_word' id='word_1_354' title='bbox 326 2589 479 2624; x_wconf 82' lang='lat' dir='ltr'><strong>tantibus</strong></span> <span class='ocrx_word' id='word_1_355' title='bbox 513 2597 750 2636; x_wconf 87' lang='lat' dir='ltr'><strong>accesserant,</strong></span> <span class='ocrx_word' id='word_1_356' title='bbox 780 2594 872 2638; x_wconf 88' lang='lat' dir='ltr'><strong>apud</strong></span> <span class='ocrx_word' id='word_1_357' title='bbox 899 2594 1014 2628; x_wconf 84' lang='lat' dir='ltr'><strong>Horas</strong></span> <span class='ocrx_word' id='word_1_358' title='bbox 1048 2593 1113 2638; x_wconf 88' lang='lat' dir='ltr'><strong>(id</strong></span> <span class='ocrx_word' id='word_1_359' title='bbox 1135 2592 1203 2627; x_wconf 90' lang='lat' dir='ltr'><strong>loci</strong></span> <span class='ocrx_word' id='word_1_360' title='bbox 1226 2604 1348 2626; x_wconf 90' lang='lat' dir='ltr'><strong>nomen</strong></span> <span class='ocrx_word' id='word_1_361' title='bbox 1372 2593 1448 2632; x_wconf 88' lang='lat' dir='ltr'><strong>est)</strong></span> <span class='ocrx_word' id='word_1_362' title='bbox 1483 2590 1623 2626; x_wconf 76' lang='lat' dir='ltr'><strong>adortus</strong></span> <span class='ocrx_word' id='word_1_363' title='bbox 1643 2601 1767 2634; x_wconf 81' lang='lat' dir='ltr'><strong>magna</strong></span> 
     </span>
     <span class='ocr_line' id='line_1_39' title="bbox 324 2636 1766 2683; baseline 0.001 -16"><span class='ocrx_word' id='word_1_364' title='bbox 324 2644 460 2668; x_wconf 82' lang='lat' dir='ltr'><strong>rursum</strong></span> <span class='ocrx_word' id='word_1_365' title='bbox 491 2647 606 2680; x_wconf 82' lang='lat' dir='ltr'><strong>pugna</strong></span> <span class='ocrx_word' id='word_1_366' title='bbox 637 2637 749 2671; x_wconf 88' lang='lat' dir='ltr'><strong>victus</strong></span> <span class='ocrx_word' id='word_1_367' title='bbox 783 2643 848 2672; x_wconf 86' lang='lat' dir='ltr'><strong>est.</strong></span> <span class='ocrx_word' id='word_1_368' title='bbox 892 2639 1084 2674; x_wconf 88' lang='lat' dir='ltr'><strong>Michaelus</strong></span> <span class='ocrx_word' id='word_1_369' title='bbox 1108 2639 1298 2683; x_wconf 83' lang='lat' dir='ltr'><strong>imperator</strong></span> <span class='ocrx_word' id='word_1_370' title='bbox 1327 2636 1380 2671; x_wconf 91' lang='lat' dir='ltr'><strong>his</strong></span> <span class='ocrx_word' id='word_1_371' title='bbox 1411 2636 1558 2681; x_wconf 84' lang='lat' dir='ltr'><strong>cognitis</strong></span> <span class='ocrx_word' id='word_1_372' title='bbox 1586 2636 1766 2681; x_wconf 88' lang='lat' dir='ltr'><strong>imperium</strong></span> 
     </span>
     <span class='ocr_line' id='line_1_40' title="bbox 326 2678 1766 2729; baseline 0.001 -17"><span class='ocrx_word' id='word_1_373' title='bbox 326 2678 489 2714; x_wconf 87' lang='lat' dir='ltr'><strong>Doceano</strong></span> <span class='ocrx_word' id='word_1_374' title='bbox 514 2681 678 2727; x_wconf 86' lang='lat' dir='ltr'><strong>abrogat,</strong></span> <span class='ocrx_word' id='word_1_375' title='bbox 709 2683 881 2728; x_wconf 85' lang='lat' dir='ltr'><strong>mittitque</strong></span> <span class='ocrx_word' id='word_1_376' title='bbox 903 2696 966 2729; x_wconf 87' lang='lat' dir='ltr'><strong>pro</strong></span> <span class='ocrx_word' id='word_1_377' title='bbox 990 2697 1030 2719; x_wconf 86' lang='lat' dir='ltr'><strong>eo</strong></span> <span class='ocrx_word' id='word_1_378' title='bbox 1054 2685 1091 2718; x_wconf 92' lang='lat' dir='ltr'><strong>in</strong></span> <span class='ocrx_word' id='word_1_379' title='bbox 1110 2684 1245 2718; x_wconf 82' lang='lat' dir='ltr'><strong>Italiam</strong></span> <span class='ocrx_word' id='word_1_380' title='bbox 1267 2682 1495 2727; x_wconf 85' lang='lat' dir='ltr'><strong>Boioannem,</strong></span> <span class='ocrx_word' id='word_1_381' title='bbox 1525 2681 1584 2726; x_wconf 88' lang='lat' dir='ltr'><strong>qui</strong></span> <span class='ocrx_word' id='word_1_382' title='bbox 1605 2687 1766 2716; x_wconf 75' lang='lat' dir='ltr'><strong>strenuus</strong></span> 
     </span>
     <span class='ocr_line' id='line_1_41' title="bbox 326 2724 1766 2774; baseline 0.003 -18"><span class='ocrx_word' id='word_1_383' title='bbox 326 2729 363 2757; x_wconf 86' lang='lat' dir='ltr'><strong>et</strong></span> <span class='ocrx_word' id='word_1_384' title='bbox 393 2724 481 2759; x_wconf 88' lang='lat' dir='ltr'><strong>bello</strong></span> <span class='ocrx_word' id='word_1_385' title='bbox 511 2727 670 2771; x_wconf 83' lang='lat' dir='ltr'><strong>egregius</strong></span> <span class='ocrx_word' id='word_1_386' title='bbox 700 2728 903 2774; x_wconf 85' lang='lat' dir='ltr'><strong>videbatur,</strong></span> <span class='ocrx_word' id='word_1_387' title='bbox 940 2734 975 2764; x_wconf 88' lang='lat' dir='ltr'><strong>et</strong></span> <span class='ocrx_word' id='word_1_388' title='bbox 1005 2732 1048 2764; x_wconf 87' lang='lat' dir='ltr'><strong>ab</strong></span> <span class='ocrx_word' id='word_1_389' title='bbox 1084 2741 1125 2764; x_wconf 88' lang='lat' dir='ltr'><strong>eo</strong></span> <span class='ocrx_word' id='word_1_390' title='bbox 1158 2729 1335 2763; x_wconf 85' lang='lat' dir='ltr'><strong>Boioanne</strong></span> <span class='ocrx_word' id='word_1_391' title='bbox 1357 2729 1506 2762; x_wconf 80' lang='lat' dir='ltr'><strong>ducebat</strong></span> <span class='ocrx_word' id='word_1_392' title='bbox 1531 2738 1639 2771; x_wconf 84' lang='lat' dir='ltr'><strong>genus</strong></span> <span class='ocrx_word' id='word_1_393' title='bbox 1661 2725 1721 2770; x_wconf 85' lang='lat' dir='ltr'><strong>qui</strong></span> <span class='ocrx_word' id='word_1_394' title='bbox 1745 2736 1766 2759; x_wconf 80' lang='lat' dir='ltr'><strong>a</strong></span> 
     </span>
     <span class='ocr_line' id='line_1_42' title="bbox 324 2769 1764 2817; baseline 0.005 -16"><span class='ocrx_word' id='word_1_395' title='bbox 324 2769 455 2803; x_wconf 85' lang='lat' dir='ltr'><strong>Basilio</strong></span> <span class='ocrx_word' id='word_1_396' title='bbox 486 2770 695 2817; x_wconf 84' lang='lat' dir='ltr'><strong>imperatore</strong></span> <span class='ocrx_word' id='word_1_397' title='bbox 715 2774 751 2808; x_wconf 85' lang='lat' dir='ltr'><strong>in</strong></span> <span class='ocrx_word' id='word_1_398' title='bbox 774 2775 907 2809; x_wconf 85' lang='lat' dir='ltr'><strong>Italiam</strong></span> <span class='ocrx_word' id='word_1_399' title='bbox 930 2775 1051 2810; x_wconf 88' lang='lat' dir='ltr'><strong>missus</strong></span> <span class='ocrx_word' id='word_1_400' title='bbox 1082 2780 1188 2810; x_wconf 84' lang='lat' dir='ltr'><strong>totam</strong></span> <span class='ocrx_word' id='word_1_401' title='bbox 1212 2774 1346 2808; x_wconf 83' lang='lat' dir='ltr'><strong>Italiam</strong></span> <span class='ocrx_word' id='word_1_402' title='bbox 1369 2774 1412 2807; x_wconf 84' lang='lat' dir='ltr'><strong>ad</strong></span> <span class='ocrx_word' id='word_1_403' title='bbox 1433 2774 1575 2807; x_wconf 83' lang='lat' dir='ltr'><strong>Romam</strong></span> <span class='ocrx_word' id='word_1_404' title='bbox 1599 2782 1707 2816; x_wconf 83' lang='lat' dir='ltr'><strong>usque</strong></span> <span class='ocrx_word' id='word_1_405' title='bbox 1727 2771 1764 2805; x_wconf 80' lang='lat' dir='ltr'><strong>in</strong></span> 
     </span>
     <span class='ocr_line' id='line_1_43' title="bbox 323 2817 1764 2866; baseline 0.003 -20"><span class='ocrx_word' id='word_1_406' title='bbox 323 2818 527 2857; x_wconf 81' lang='lat' dir='ltr'><strong>potestatem</strong></span> <span class='ocrx_word' id='word_1_407' title='bbox 562 2817 635 2852; x_wconf 89' lang='lat' dir='ltr'><strong>eius</strong></span> <span class='ocrx_word' id='word_1_408' title='bbox 666 2820 863 2863; x_wconf 84' lang='lat' dir='ltr'><strong>redegerat.</strong></span> <span class='ocrx_word' id='word_1_409' title='bbox 911 2833 1029 2856; x_wconf 88' lang='lat' dir='ltr'><strong>verum</strong></span> <span class='ocrx_word' id='word_1_410' title='bbox 1052 2820 1084 2855; x_wconf 85' lang='lat' dir='ltr'><strong>is</strong></span> <span class='ocrx_word' id='word_1_411' title='bbox 1106 2832 1243 2866; x_wconf 89' lang='lat' dir='ltr'><strong>quoque</strong></span> <span class='ocrx_word' id='word_1_412' title='bbox 1269 2831 1343 2854; x_wconf 89' lang='lat' dir='ltr'><strong>cum</strong></span> <span class='ocrx_word' id='word_1_413' title='bbox 1366 2831 1407 2853; x_wconf 90' lang='lat' dir='ltr'><strong>eo</strong></span> <span class='ocrx_word' id='word_1_414' title='bbox 1430 2819 1603 2862; x_wconf 85' lang='lat' dir='ltr'><strong>venisset,</strong></span> <span class='ocrx_word' id='word_1_415' title='bbox 1634 2822 1670 2851; x_wconf 87' lang='lat' dir='ltr'><strong>et</strong></span> <span class='ocrx_word' id='word_1_416' title='bbox 1699 2827 1764 2849; x_wconf 88' lang='lat' dir='ltr'><strong>no-</strong></span> 
     </span>
     <span class='ocr_line' id='line_1_44' title="bbox 324 2861 1762 2910; baseline 0.003 -19"><span class='ocrx_word' id='word_1_417' title='bbox 324 2869 403 2894; x_wconf 83' lang='lat' dir='ltr'><strong>vum</strong></span> <span class='ocrx_word' id='word_1_418' title='bbox 437 2861 622 2897; x_wconf 80' lang='lat' dir='ltr'><strong>exercitum</strong></span> <span class='ocrx_word' id='word_1_419' title='bbox 654 2875 723 2899; x_wconf 90' lang='lat' dir='ltr'><strong>non</strong></span> <span class='ocrx_word' id='word_1_420' title='bbox 754 2865 898 2901; x_wconf 83' lang='lat' dir='ltr'><strong>haberet</strong></span> <span class='ocrx_word' id='word_1_421' title='bbox 925 2867 986 2902; x_wconf 88' lang='lat' dir='ltr'><strong>sed</strong></span> <span class='ocrx_word' id='word_1_422' title='bbox 1015 2867 1086 2902; x_wconf 84' lang='lat' dir='ltr'><strong>iam</strong></span> <span class='ocrx_word' id='word_1_423' title='bbox 1115 2872 1196 2902; x_wconf 78' lang='lat' dir='ltr'><strong>ante</strong></span> <span class='ocrx_word' id='word_1_424' title='bbox 1228 2865 1340 2901; x_wconf 81' lang='lat' dir='ltr'><strong>victos</strong></span> <span class='ocrx_word' id='word_1_425' title='bbox 1369 2868 1553 2910; x_wconf 81' lang='lat' dir='ltr'><strong>cogeretur</strong></span> <span class='ocrx_word' id='word_1_426' title='bbox 1574 2863 1611 2898; x_wconf 87' lang='lat' dir='ltr'><strong>in</strong></span> <span class='ocrx_word' id='word_1_427' title='bbox 1633 2862 1762 2896; x_wconf 79' lang='lat' dir='ltr'><strong>hostem</strong></span> 
     </span>
    </p>
   </div>
  </div>
 </body>
</html>
