1890 3236
291 203 388 251 334
538 204 541 206 “
604 228 606 230 -
761 200 997 245 GEORGII
1023 200 1266 245 CEDRENI

291 313 640 375 παραθαλασσίων
657 315 888 370 θραυσθεὶς
905 314 970 356 καὶ
992 311 1094 370 αἷμα
1116 312 1327 372 ἀναγαγὼν
1346 313 1416 358 διὰ
1435 317 1513 359 ‘tofi
1526 304 1741 372 στὸματος.

291 387 354 428 ε’πὶ
378 384 449 428 δύο
473 384 517 426 ‹5'
542 382 608 437 ἔτη
627 381 937 437 νοσηλευόμενος
956 385 1021 425 καὶ
1042 381 1172 441 ὑδέρῳ
1195 382 1419 440 περιπεσὼν
1437 381 1679 440 «ἐτελεύτησε.Ἰ

426 453 510 494 Καὶ
536 456 819 508 χειροτονεῖται
847 450 952 494 κατὰ
981 451 1055 505 τὴν
1084 452 1220 509 τρίτην
1251 455 1325 494 τοῦ
1347 451 1577 509 Ἀπριλλίου
1599 449 1740 508 μηνός,

290 525 361 576 τῆς
381 520 504 574 αὐτῆς
528 510 770 569 ῗνδικτιῶνος
780 551 793 571 ,
821 518 910 567 ἄντ’
930 519 1057 562 αὐτοῦ’
1074 517 1325 576 πατριάρχης
1341 518 1599 570 Πολύευκτος
1613 535 1742 575 μονα-

289 587 385 643 χός,
420 593 492 643 τῆς
523 587 984 638 Κωνσταντινουπόλεως
1010 589 1077 630 καὶ
1111 584 1279 644 θρέμμα
1313 586 1519 644 τυγχάνων
1551 589 1622 630 καὶ·
1647 588 1774 634 §wa-5

295 660 445 711 δευμα,
487 653 565 698 ὑπὸ
589 659 668 698 τῶν
691 655 836 712 γονέων
862 656 936 711 μὲν
961 656 1253 711 εὖνουχισθείς,
1287 655 1350 698 ἐπὶ
1373 656 1499 698 πολὺν
1527 656 1572 698 δὲ
1596 653 1745 712 χρόνον
1769 664 1772 668 ‘

242 730 274 764 D
297 730 347 782 τῇ
374 726 571 781 μοναδικῇ
599 725 777 784 πολιτείᾳ
806 725 1102 782 ἕνδιαπρέψας·
1155 723 1252 767 ὃνῑὸ
1281 723 1471 779 βασιλεὺς
1500 723 1568 767 διὰ
1596 719 1645 767 μτὸ
1672 727 1746 767 τοῦ

294 793 425 849 ἤθους
441 793 585 847 σεμνὸν
603 794 668 834 καὶ
691 793 736 835 τὸ
758 797 830 847 τῆς
848 794 994 851 σοφίας
1012 791 1266 850 ὖπερβάλλον
1284 795 1351 835 καὶ
1371 793 1444 848 τὴν
1467 790 1746 848 ἄκτημοσῦνην

292 867 515 920 χειροτονεῖ
533 859 798 918 πατριάρχην,
833 861 880 904 οὗ
909 866 983 905 τοῦ
1007 859 1270 919 Ἠρακλείας,
1311 859 1367 912 ὥς
1394 861 1514 914 ἴθος,
1549 860 1653 903 ἀλλὰ
1671 864 1746 903 τοῦ

296 931 543 986 Καισαρείας
564 931 778 972 Βασιλείου
803 930 877 984 τὴν
897 933 1155 987 χειροθεσίαν
1174 928 1489 987 πεπληρωκότος.
1557 925 1744 987 Νικηφό-
1758 935 1802 971 10

297 1010 367 1055 ρος
391 999 468 1054 γὰρ
500 996 521 1039 ὃ
549 1002 621 1053 τῆς
644 996 889 1055 (Ηρακλείας
916 997 1112 1056 πρόεδρος
1136 1003 1194 1056 τῷ
1214 1002 1379 1053 βασιλεῖ
1396 995 1498 1041 κατά
1519 1014 1556 1041 τι
1576 1013 1747 1054 προσκε-

294 1067 473 1123 κρουκώς
495 1065 542 1109 οὗ
563 1065 827 1124 συνεχωρήθη
853 1067 924 1122 τὴν
945 1069 1203 1124 χειροθεσίαν
1228 1065 1492 1121 ποιήσασθαι.
1558 1064 1656 1108 ὅθεν
1677 1066 1746 1108 καὶ

291 1134 422 1191 ψόγος
440 1135 514 1189 οὐχ
547 1133 567 1177 ὃ
596 1135 727 1190 τυχὼν
754 1136 997 1194 προσετρίβη
1020 1136 1067 1178 οὗ
1092 1139 1148 1193 τῷ
1169 1135 1441 1192 προτρέψαντι
1459 1130 1583 1188 μόνον
1602 1134 1668 1176 καὶ
1687 1137 1748 1192 τιζ

289 1202 645 1261 χειροθετήσαντι,
679 1204 783 1246 ἀλλὰ
811 1206 877 1246 καὶ
906 1204 1016 1262 αὐτῷ
1033 1207 1090 1261 τῷ
1106 1203 1427 1260 χειροτονηθέντι
1447 1200 1502 1253 ὥς
1524 1203 1747 1262 καταδεξα-

295 1272 402 1330 μένῳ
424 1272 497 1326 τὴν
514 1269 773 1315 ἀκανόνιστον
789 1271 938 1327 ταύτην
955 1273 1227 1329 χειροθεσίαν.
1257 1272 1555 1328 χειροτονηθείς
1574 1270 1618 1312 δ’
1638 1268 1748 1324 ὅμως
1759 1275 1802 1311 15

299 1342 367 1382 καὶ
398 1339 779 1397 παρρησιασάμενος
802 1341 874 1396 τὴν
902 1340 1097 1396 ἀλήθειαν
1121 1340 1273 1395 πολλὴν
1295 1338 1557 1396 καταδρομὴν
1580 1338 1748 1381 ἐποιεῖτο

159 1416 188 1450 Ρ
212 1414 279 1451 640
302 1412 375 1463 τῆς
394 1409 622 1459 πλεονεξίας
642 1413 721 1451 τῶν
747 1413 944 1466 συγγενῶν
971 1414 1043 1452 τοῦ
1073 1407 1300 1466 πρεσβύτου
1321 1407 1551 1463 Ῥωμανοῦ,
1592 1406 1666 1449 κᾶν
1692 1409 1750 1464 τῷ

299 1475 462 1534 μεγάλῳ
479 1475 674 1536 σαββάτῳ
697 1478 766 1520 τὸν
786 1478 958 1532 βασιλέα
982 1481 1035 1528 εἷς
1054 1478 1126 1532 τὴν
1147 1475 1323 1533 μεγάλην
1346 1477 1556 1531 ἐκκλησίαν
1574 1472 1751 1518 ’ἐλθόντα

302 1547 412 1601 ἐνῆγε
431 1545 532 1602 πρὸς
548 1545 620 1600 τὴν
638 1550 717 1588 τῶν
735 1546 998 1602 πραχθέντων
1018 1547 1229 1600 ἐκδίκησιν.
1280 1543 1376 1602 ὅπερ
1395 1545 1469 1600 οὐχ
1488 1542 1616 1598 ἡδέως
1634 1537 1752 1594 οὗτος

301 1614 475 1664 ἐδέξατο.
544 1613 648 1655 ἀλλὰ
668 1615 733 1656 καὶ
754 1616 965 1664 Βασίλειος
987 1612 1008 1655 ὃ
1033 1614 1136 1668 μετὰ
1160 1618 1287 1656 ταῦτα
1310 1610 1692 1669 παρακοιμώμενος,
1725 1609 1806 1653 ὃΞΟ

303 1682 382 1723 ἀπὸ
415 1678 561 1736 δούλης
589 1684 748 1735 τεχθεὶς
773 1686 831 1741 τῷ
862 1680 1064 1740 πρεσβύτῃ
1089 1680 1303 1740 Ῥωμανῷ,
1342 1679 1503 1736 Ἑλένην
1527 1679 1600 1735 τὴν
1625 1679 1751 1722 αὐτοῦ’

305 1750 485 1806 ἀδελφὴν
517 1751 583 1791 καὶ
614 1750 826 1793 δέσποιναν
856 1749 1225 1806 ὖποποιησάμενος,
1261 1748 1366 1793 οὕτω
1389 1746 1661 1806 παρεσκεύασε
1683 1749 1752 1790 καὶ

306 1818 470 1873 διέθηκε
492 1817 560 1860 τὸν
586 1819 902 1872 Κωνσταντῖνον,
935 1819 993 1874 μὴ
1015 1817 1321 1875 μεταγινώσκειν
1346 1815 1473 1874 μόνον
1501 1818 1565 1859 ἐπὶ
1596 1820 1648 1874 τῇ
1678 1819 1754 1860 τοῦ·

394 1912 419 1948 4
441 1912 667 1952 ἰνδικτιῶνος
689 1925 743 1947 om
767 1913 798 1948 C
951 1913 973 1948 5
995 1911 1136 1954 πόλεως
1158 1925 1212 1948 om
1234 1913 1264 1948 C
1401 1914 1423 1948 8
1448 1910 1518 1956 τὴν
1539 1911 1608 1946 τοῦ
1630 1907 1755 1956 ἤθους

392 1956 585 2014 ἁπλότητα
606 1957 669 1992 καὶ
691 1956 770 1994 οἶκε.
794 1959 824 1994 C
942 1960 982 1994 11
1005 1958 1074 2004 γὰρ
1097 1971 1151 1994 om
1175 1961 1205 1994 C
1341 1959 1384 1995 14
1405 1957 1702 2004 χειροτονήσαντι
1723 1959 1753 1992 C

396 2004 438 2040 15
461 2016 602 2050 ταυτην
626 2016 680 2039 om
703 2006 732 2040 C
867 2006 914 2042 22
935 2005 998 2041 καὶ
1022 2003 1172 2050 διέθηκε
1195 2017 1249 2040 om
1270 2004 1300 2040 C

305 2085 389 2118 casu
424 2094 500 2117 cum
533 2082 735 2128 sanguinem
766 2083 957 2120 vomuisset
988 2095 1030 2119 ac
1058 2083 1235 2119 biennium
1265 2085 1385 2119 morbo
1407 2082 1627 2119 conflictatus
1648 2085 1756 2129 esset,

304 2140 396 2175 aqua
416 2127 588 2163 intercute
610 2129 800 2164 exstinctus
825 2135 890 2164 est.

395 2175 528 2209 Eadem
550 2174 759 2219 indictione,
783 2175 890 2210 tertia
909 2174 1041 2221 Aprilis
1062 2174 1138 2219 die,
1174 2174 1211 2210 in
1246 2174 1321 2209 eius
1353 2174 1466 2209 locum
1486 2173 1660 2210 sufficitur
1682 2173 1756 2209 Po-

304 2220 464 2265 lyeuctus
480 2221 693 2265 monachus,
718 2221 821 2266 cpoli
843 2227 945 2256 natus
967 2227 1072 2267 atque
1096 2221 1281 2265 educatus,
1306 2225 1475 2255 castratus
1498 2232 1520 2255 a
1542 2219 1757 2266 parentibus,

305 2266 479 2311 longoque
500 2272 657 2311 tempore
680 2267 870 2302 monastica
892 2267 966 2302 vita
989 2278 1063 2301 cum
1085 2266 1187 2301 laude
1208 2267 1359 2310 functus,
1383 2266 1592 2312 imperatore
1613 2276 1690 2300 eum
1711 2265 1757 2299 ob

305 2312 513 2356 gravitatem
545 2323 674 2346 morum
707 2318 744 2347 et
775 2313 944 2358 insignem
976 2312 1180 2358 sapientiam
1212 2317 1317 2357 atque
1348 2311 1564 2359 paupertatis
1586 2322 1690 2346 causa
1714 2322 1757 2346 eo

306 2357 534 2402 provehente.
560 2357 641 2391 huic
662 2369 730 2393 non
753 2359 956 2404 Heracleae,
979 2365 1019 2393 ut
1040 2370 1113 2393 mos
1134 2359 1282 2401 ferebat,
1307 2358 1368 2392 sed
1390 2357 1539 2392 Basilius
1561 2358 1760 2392 Caesareae

307 2402 492 2447 episcopus
516 2414 634 2438 manus
658 2403 832 2451 imposuit,
858 2406 950 2449 quod
972 2405 1191 2450 Nicephorus
1213 2405 1296 2448 (hoc
1316 2403 1405 2438 enim
1426 2415 1548 2438 nomen
1563 2401 1759 2438 Heracleae

310 2449 463 2492 praesuli
486 2451 587 2493 erat)
619 2450 701 2494 quia
723 2450 759 2484 in
783 2452 929 2496 quadam
953 2463 993 2485 re
1015 2451 1162 2485 animum
1186 2450 1405 2495 imperatoris
1428 2449 1654 2492 offendisset,
1688 2459 1759 2482 non

312 2493 491 2528 sinebatur
519 2506 639 2529 manus
673 2495 864 2541 imponere.
927 2508 1016 2542 quae
1048 2508 1105 2531 res
1136 2496 1424 2541 vituperationem
1455 2495 1547 2529 haud
1582 2494 1759 2540 vulgarem

311 2539 468 2584 paravit,
504 2552 572 2574 non
594 2541 797 2586 imperatori
820 2543 920 2577 modo
945 2549 982 2577 et
1003 2541 1154 2586 Basilio,
1190 2542 1252 2576 sed
1275 2546 1310 2575 et
1333 2540 1402 2587 ipsi
1424 2540 1634 2584 Polyeucto,
1665 2539 1758 2585 quod

311 2591 433 2618 contra
455 2597 572 2620 sacros
594 2598 743 2622 canones
770 2600 808 2623 se
832 2588 986 2623 ordinari
1009 2599 1131 2633 passus
1156 2593 1259 2622 esset.
1308 2587 1364 2621 hic
1385 2591 1499 2620 tamen
1522 2586 1573 2620 ita
1594 2585 1758 2631 designa-

312 2636 381 2673 tus,
405 2630 586 2665 veritatem
610 2632 718 2667 libere
742 2634 939 2679 professus,
968 2634 1082 2668 multis
1106 2633 1265 2667 invectus
1289 2638 1345 2667 est
1365 2632 1401 2666 in
1424 2631 1605 2666 avaritiam
1628 2642 1759 2676 cogna-

311 2680 424 2709 torum
458 2677 603 2710 Romani
637 2679 744 2714 senis.
799 2686 835 2715 et
864 2680 901 2714 in
931 2691 1053 2725 magno
1084 2680 1229 2714 sabbato
1262 2678 1504 2723 imperatorem
1536 2677 1574 2712 in
1603 2687 1760 2722 magnum

310 2721 472 2765 templum
505 2723 699 2759 venientem
735 2725 780 2760 ad
810 2725 973 2760 iudicium
1004 2736 1119 2760 eorum
1151 2736 1240 2770 quae
1270 2724 1411 2758 fuerant
1433 2728 1510 2757 acta
1533 2723 1761 2758 exercendum

311 2765 469 2801 hortatus
491 2774 559 2802 est.
606 2780 674 2803 non
699 2776 831 2814 gratum
856 2772 921 2806 hoc
943 2771 1144 2817 imperatori
1166 2770 1246 2804 fuit.
1293 2770 1355 2804 sed
1378 2774 1413 2803 et
1435 2769 1598 2812 Basilius,
1623 2768 1683 2814 qui
1699 2768 1761 2802 de-

310 2811 391 2845 inde
412 2811 552 2846 intimus
576 2815 804 2850 cubicularius
826 2817 940 2851 factus
964 2822 1036 2861 est,
1069 2817 1163 2851 senis
1191 2815 1334 2850 Romani
1364 2826 1407 2849 ex
1429 2826 1532 2849 serva
1555 2815 1663 2858 filius,
1698 2824 1762 2859 per

309 2869 462 2892 sororem
485 2869 582 2893 suam
604 2859 772 2896 Helenam
795 2862 983 2908 Augustam
1007 2863 1057 2898 ita
1072 2861 1291 2897 Constantini
1316 2860 1463 2895 animum
1488 2860 1617 2906 affecit,
1642 2865 1679 2894 ut
1694 2869 1761 2893 non
