1916 3210
747 168 1029 213 HISTORIA.
1518 165 1615 213 671

154 283 310 337 πάντας
335 279 634 340 ἓκδειματιῦσας
666 280 811 328 αὐτίκα
836 288 945 327 νῶτα
969 278 1183 327 δεδωκέναι
1207 286 1318 324 ποιεῖ
1332 281 1400 325 καὶ
1423 279 1526 340 πρὸς
1546 280 1620 337 τὴν

154 354 290 414 φυγὴν
313 351 507 412 ὁρμῆσαι.
575 350 702 411 φόνος
728 353 803 408 μὲν
830 348 902 397 οὖν
922 352 1056 397 αὐτῶν
1075 350 1148 395 οὐκ
1169 351 1320 408 ἐγένετο
1340 349 1488 404 πολύς,
1515 368 1619 408 προ·-

154 423 501 480 κατειργασμένων
521 425 603 464 τῶν
620 426 693 465 τοῦ
713 423 914 477 βασιλέως
931 428 1021 473 ταῖς
1037 421 1239 473 ἀνοδίαις,
1270 421 1431 477 ζωγρίαι
1453 420 1499 464 δὲ
1517 423 1618 463 πολ-
1643 428 1671 461 Ρ
1696 428 1762 463 8⁶25

135 534 137 537 .
154 492 219 536 ’λ-οὶ
241 491 439 537 ἑάλωσαν.
506 494 580 546 τῆς
601 491 647 534 δὲ
669 492 774 542 ῗδιάς
795 492 899 547 ζωῆς
919 490 991 534 οὐκ
1011 488 1221 534 ἄπιῦναντο
1230 521 1244 541 ,
1278 490 1484 547 μαχαίρας
1504 488 1619 546 ἔργον

119 560 372 619 δγενόμενοι.
439 558 575 616 ἦλικία
591 560 728 615 μέντοι
744 563 859 604 πᾶσα
877 559 957 602 ἀπὸ
978 557 1200 616 ἀνθρώπου
1221 558 1297 610 ἕως
1318 555 1487 613 κτήνους
1506 559 1619 601 ἐλευ-

153 634 393 688 &epm-fferam
429 629 500 674 τὸν
535 629 710 684 βασιλέα
739 630 808 672 καὶ
839 627 1002 686 γλώσσῃ
1037 630 1105 672 καὶ
1137 625 1308 682 στόματι
1340 625 1617 685 ἐπεφήμισαν·

153 698 400 755 θαυμαστὸν
419 698 498 755 γὰρ
518 699 586 740 καὶ
609 697 747 748 αὐτοῖς
764 703 850 749 τοῖς
867 697 1057 748 ἐναντίοις
1075 697 1120 740 τὸ
1139 697 1326 751 πραχθὲν
1344 697 1618 754 κατεφαίνετο,

153 773 242 822 πῶς
272 767 294 812 ὅ
319 766 514 823 βασιλεὺς
533 764 744 822 Ῥωμαίων
765 766 951 824 ἀκρατῶς
969 765 1063 810 κατ’
1089 765 1222 809 αὖτιῦν
1242 764 1366 820 ἤλασε
1383 763 1534 822 τρόπον
1550 764 1618 808 εὗ·-

154 835 281 890 ξώνου
313 838 383 880 καὶ
411 833 640 890 μονοζώνου
670 833 934 892 στρατιώτου.
999 836 1106 893 τρισὶ
1138 834 1183 876 δὲ
1207 832 1353 888 μόναις
1378 831 1550 891 ἡμέραις
1575 834 1618 876 ἓν

99 906 380 966 1οΣεβαστείᾳ
406 902 685 955 διαναπαύσας
712 904 758 947 τὸ
787 902 1020 961 στράτευμα
1047 908 1122 959 τῆς
1145 903 1247 959 πρὸς
1266 903 1422 960 Συρίαν
1443 901 1618 958 ἀγούσης

151 973 320 1031 ἥψατο,
353 975 421 1017 καὶ
447 973 516 1016 διὰ
541 977 622 1016 τῶν
647 976 720 1028 τῆς
748 974 988 1016 Κουκουσοῦ
1021 970 1213 1015 αὐλώνων
1243 973 1300 1022 εἰς
1327 973 1369 1013 Γ
1365 972 1616 1029 ερμανίκειαν

152 1043 359 1094 καταστὰς
376 1044 433 1094 εἷς
449 1042 495 1086 τὸ
513 1042 626 1097 &lya
644 1042 691 1085 τὸ
712 1040 960 1096 καλούμενον
978 1039 1180 1096 εἰσβάλλει
1202 1038 1360 1095 Τελούχ
1371 1071 1385 1092 ,
1419 1038 1614 1099 πρότερον
1635 1044 1667 1078 Β.

151 1110 451 1167 ἀποτεμόμενος
471 1109 664 1170 φάλαγγα
685 1110 759 1154 οὐκ
781 1111 917 1168 ὀλίγην
935 1110 1039 1166 μετὰ
1059 1107 1442 1166 συνταγματάρχου,
1472 1110 1539 1152 καὶ
1560 1110 1618 1160 εἰς

122 1222 126 1226 .
151 1180 389 1238 Μελιτηνὴν
417 1180 629 1235 ἐκπέμψας
652 1180 716 1223 ἐπὶ
747 1184 912 1238 φυλακῇ
940 1185 1012 1236 τῆς
1042 1177 1148 1238 ἑῴας
1175 1180 1242 1222 καὶ
1270 1176 1507 1222 ἄντιπτιῦσει
1534 1182 1616 1221 τῶν

99 1260 142 1298 15
154 1252 278 1295 ἐκεῖσε
307 1247 659 1308 προσεδρευόντων
692 1249 879 1306 ἐχθρῶν,
924 1243 980 1292 ὧν
1011 1243 1135 1306 ἦρχεν
1163 1247 1266 1304 ἀνὴρ
1296 1251 1522 1305 πανοῦργος
1549 1249 1618 1290 καὶ

151 1317 332 1376 μάχιμος
369 1317 538 1374 ὀνόματι
573 1316 822 1374 Ἀψινάλιος.
891 1317 959 1361 διὰ
994 1322 1113 1361 τοῦτο
1148 1318 1215 1359 καὶ
1244 1314 1266 1358 ὅ
1297 1314 1618 1373 βασιλεῦςῗτοῦς

152 1390 382 1447 κρείττονας
404 1392 477 1431 τοῦ
505 1387 650 1431 οἰκείου
677 1391 856 1445 στρατοῦ
879 1389 1034 1430 τουτωῒ·
1055 1386 1339 1443 παραδέδωκε,
1373 1387 1442 1428 καὶ
1472 1383 1616 1442 mody-

151 1474 249 1516 γους
283 1454 434 1508 αὐτούς
442 1489 457 1510 ,
501 1455 655 1513 ἄνδρας
686 1456 920 1513 αἶμοχαρεΐς
950 1456 1018 1499 καὶ
1049 1452 1301 1509 πολεμικούς.
1368 1454 1427 1510 μὴ
1455 1471 1616 1511 χρησα-

150 1527 275 1583 μένου
305 1527 350 1570 δὲ
378 1529 455 1569 τοῦ
480 1523 728 1582 προάγοντος
746 1525 969 1583 φιλοτίμως
985 1530 1069 1574 τοῖς
1088 1522 1299 1582 πράγμασι
1321 1523 1399 1566 δέει
1419 1527 1493 1578 τῆς
1513 1523 1617 1566 ἀπο-

96 1596 294 1652 βοτυχίας
327 1589 408 1651 (ἦν
431 1593 510 1652 γὰρ
539 1594 745 1652 διαφέρων
773 1593 967 1652 φρονήσει
993 1594 1060 1636 καὶ
1086 1592 1269 1646 εὐλαβῶς
1297 1590 1397 1646 ἔχων
1423 1593 1513 1650 περὶ
1542 1596 1617 1635 τοῦ

151 1665 394 1722 μέλλοντος)
427 1667 575 1720 μικροῦ
592 1665 759 1713 διπλοῦς
777 1660 797 1705 ὅ
818 1659 996 1717 πόλεμος
1013 1665 1071 1720 τῷ
1091 1666 1258 1716 βασιλεῖ
1268 1661 1462 1717 ἐπεγίνετο
1475 1692 1488 1713 ,
1520 1678 1612 1704 στε-
1635 1668 1666 1702 C

153 1733 376 1793 ρισκομένῳ
407 1730 597 1788 τοιαύτης
634 1730 856 1786 δυνάμεως.
923 1729 1117 1782 πολλάκις
1153 1730 1233 1788 γὰρ
1277 1730 1615 1787 προκαλουμένων

151 1807 234 1848 τῶν
261 1803 425 1862 ἐχθρῶν
455 1801 598 1855 ἐξιέναι
623 1804 698 1846 τοῦ
723 1805 805 1845 τῶν
830 1802 1074 1858 Μελιτηνῶν
1102 1798 1270 1852 ἄστεος,
1304 1796 1360 1851 ὥς
1381 1796 1486 1843 εἶδον
1505 1798 1615 1856 μηδῗ,

148 1979 200 2016 illi
224 1979 262 2016 in
283 1980 402 2027 fugam
422 1979 519 2016 versi
542 1982 644 2025 terga
666 1979 803 2015 darent.
851 1990 996 2027 quorum
1028 1977 1154 2014 caedes
1178 1976 1270 2012 haud
1293 1976 1401 2013 multa
1426 1975 1521 2012 facta
1544 1979 1614 2021 est,

147 2027 282 2074 quippe
313 2039 390 2062 cum
421 2032 503 2062 ante
532 2026 716 2072 defatigati
740 2033 857 2062 essent
880 2026 1008 2061 milites
1032 2023 1254 2070 imperatoris
1278 2024 1364 2058 locis
1387 2023 1512 2057 inviis=
1550 2023 1614 2058 sed

150 2073 228 2108 vivi
259 2073 354 2119 capti
381 2078 463 2108 sunt
493 2072 608 2117 multi,
646 2073 772 2118 quibus
795 2079 909 2108 tamen
932 2073 1008 2107 vita
1030 2071 1170 2106 minime
1191 2070 1345 2116 profuit,
1378 2070 1472 2114 quod
1494 2068 1614 2113 gladio

150 2119 306 2154 confecti
335 2124 429 2154 sunt.
476 2118 587 2154 omnis
612 2130 696 2153 vero
720 2124 816 2154 aetas
840 2120 884 2153 ab
908 2118 1046 2153 homine
1067 2127 1178 2162 usque
1201 2115 1244 2149 ad
1268 2117 1421 2150 iumenta
1445 2115 1482 2150 in
1503 2114 1614 2150 liber-

150 2169 259 2200 tatem
280 2163 459 2200 vindicata
481 2164 723 2211 imperatorem
747 2177 815 2200 uno
840 2177 901 2199 ore
923 2164 1162 2206 celebrarunt,
1185 2161 1354 2206 siquidem
1371 2161 1457 2207 ipsis
1474 2172 1614 2207 quoque

150 2210 310 2246 hostibus
332 2211 461 2246 factum
483 2210 568 2246 illud
591 2211 819 2246 admiratione
843 2212 985 2256 dignum
1009 2209 1213 2252 videbatur,
1242 2209 1412 2253 quomodo
1436 2208 1615 2242 Romano-

150 2268 227 2292 rum
258 2255 450 2302 imperator
480 2262 602 2291 contra
632 2269 672 2291 se
702 2258 880 2302 profectus
906 2261 1001 2292 esset
1023 2256 1074 2290 ita
1097 2260 1136 2289 ut
1158 2254 1320 2300 impediri
1353 2265 1421 2288 nou
1444 2252 1614 2298 potuerit,

150 2303 264 2338 instar
297 2301 453 2348 expediti
487 2307 523 2337 et
552 2302 679 2338 bellica
705 2302 838 2337 virtute
867 2301 1082 2349 praestantis
1109 2299 1241 2335 militis.
1288 2311 1364 2335 cum
1389 2311 1475 2334 vero
1498 2300 1613 2334 tribus

150 2354 286 2385 tantum
308 2348 432 2383 diebus
454 2348 639 2383 sebastiae
661 2348 850 2383 exercitum
874 2348 1004 2394 quietis
1028 2358 1131 2383 causa
1154 2346 1403 2390 continuisset,
1425 2345 1496 2380 iter
1519 2346 1612 2380 arri·

150 2395 229 2442 puit
254 2406 296 2429 ea
317 2405 388 2440 qua
410 2394 455 2429 ad
477 2394 617 2439 Syriam
641 2395 801 2440 pergitur
823 2395 902 2438 v‘ia3
937 2400 973 2430 et
1004 2405 1069 2441 per
1098 2393 1224 2428 Cucusi
1253 2392 1432 2437 angustias
1456 2391 1493 2426 in
1517 2393 1612 2426 Ger-

150 2440 332 2477 maniciam
364 2441 542 2486 profectus
576 2440 613 2475 in
644 2441 822 2485 regionem
854 2441 993 2476 nomine
1015 2439 1151 2474 Teluch
1173 2439 1331 2483 invadit,
1367 2437 1483 2472 divisa
1515 2437 1614 2483 prius

151 2487 245 2523 haud
279 2486 446 2522 mediocri
477 2485 648 2533 phalange
679 2498 755 2522 cum
786 2487 936 2532 legionis
966 2487 1164 2533 praefecto,
1203 2496 1304 2530 quam
1335 2484 1379 2519 ad
1411 2483 1612 2519 Melitenen·

152 2545 229 2569 cum
252 2533 341 2568 duce
365 2533 478 2577 misit,
509 2538 550 2568 ut
577 2532 759 2568 Orientem
781 2534 977 2568 custodiret
1003 2539 1040 2568 et
1067 2532 1307 2567 invasionibus
1329 2530 1611 2566 commorantium

151 2580 204 2615 ibi
234 2578 383 2614 hostium
412 2579 613 2623 resisteret,
651 2579 777 2625 quibus
809 2585 974 2626 praeerat
1000 2583 1162 2614 versutus
1192 2583 1229 2613 et
1256 2577 1439 2612 bellicosus
1466 2576 1524 2611 vir
1546 2587 1612 2611 no-

151 2625 244 2662 mine
269 2625 508 2672 Hapsinalius.
554 2625 681 2660 iccirco
705 2625 894 2671 imperator
915 2626 994 2661 duci
1017 2625 1086 2671 ipsi
1110 2623 1428 2670 praestantissimos
1453 2633 1611 2669 quosque

152 2671 326 2708 exercitus
354 2671 499 2716 tribuit,
530 2677 568 2707 et
590 2672 746 2706 Francos
769 2671 886 2718 ipsos,
921 2671 1076 2707 homines
1101 2671 1208 2706 caede
1230 2671 1420 2715 gaudentes
1443 2681 1485 2704 ac
1506 2668 1608 2703 belli-

151 2730 267 2754 cosos.
312 2728 432 2754 verum
463 2729 539 2752 cum
570 2718 640 2753 dux
668 2718 760 2753 haud
787 2719 929 2754 fortiter
950 2720 1055 2753 rebus
1079 2729 1161 2752 usus
1185 2723 1280 2752 esset
1303 2723 1394 2751 metu
1419 2727 1463 2750 ne
1485 2715 1609 2750 vince-

148 2770 250 2800 retur
281 2763 384 2807 (erat
412 2763 503 2799 enim
530 2764 822 2809 'prudentissimus
851 2769 886 2799 et
915 2770 1035 2799 cautus
1067 2770 1104 2799 et
1135 2763 1237 2798 valde
1266 2774 1394 2797 cavens
1415 2763 1608 2807 futurum),

150 2811 230 2846 tere
265 2810 394 2855 duplex
431 2809 557 2845 bellum
597 2810 777 2845 invaserat
820 2810 1061 2857 imperatorem
1102 2810 1230 2845 talibus
1273 2808 1386 2855 copiis
1418 2808 1606 2855 privatum.

150 2868 259 2904 saepe
291 2857 382 2892 euim
414 2856 684 2903 provocantibus
712 2856 870 2894 hostibus
907 2862 944 2894 ut
976 2869 997 2894 e
1028 2856 1197 2893 Melitene
1231 2855 1364 2903 egressi
1399 2861 1606 2902 pugnarent,
