1916 3210
797 159 1077 210 HISTORIA.-
1096 194 1098 197 -
1176 175 1180 182 ¹
1230 160 1261 188 ·”
1569 158 1668 209 703

191 270 439 330 &desp-ssd
459 278 541 320 τῶν
559 273 784 334 ὁμογενῶν,
817 273 864 322 ὃν
886 272 1009 322 ἀνιῶν
1027 276 1050 322 ὃ
1069 275 1267 335 Διογένης
1283 275 1325 322 ἓν
1334 271 1497 338 Ἀβόὸῴ
1513 274 1664 336 motai-“⁴
1685 283 1719 320 D

189 341 511 402 (twenpcireoov.
582 344 800 405 Θεόδωρον
830 342 902 391 οὖν
927 348 999 392 τὸν
1019 345 1217 405 Ἀλυάτην
1242 346 1375 406 ἄνδρα
1396 353 1577 405 γενναῒον
1597 349 1668 391 καὶ

187 411 390 469 ἐπιφανῆ,
422 414 587 471 μεγέθει
615 432 658 459 τε
685 418 754 459 καὶ
778 416 862 478 θέα
886 417 1261 471 θαυμασιώτατον,
1294 417 1448 460 στέλλει
1469 416 1565 484 nat:
1589 417 1669 463 αὗ-

183 483 284 524 ⁴1&-
316 483 321 490 ’
352 482 589 540 ἐρρωμένως
607 484 651 527 δ’
675 484 1113 544 ἀντιπαραταξαμένων
1130 490 1213 529 τῶν
1230 487 1320 543 περὶ
1341 487 1666 540 Κωνσταντΐνον,

139 546 388 604 ,θῆττῶνται
411 551 452 595 οἶ
471 553 563 610 περὶ
585 552 655 596 τὸν
669 551 892 610 Ἀλυᾶτην,
925 552 1131 598 ἁλίσκεται
1151 554 1198 598 δὲ
1216 556 1283 598 καὶ
1304 553 1449 607 αὐτός,
1483 556 1552 598 καὶ
1570 555 1668 607 τοὺς
1698 566 1715 593 <⁵

185 617 438 676 ὀφθαλμοὺς,
462 619 728 679 ’ἓξορύττεται
766 629 970 679 σκηνικοῖς
1009 624 1221 681 σιδηρίοις.
1289 622 1611 682 περιώδυνος,δὲ
1631 622 1685 681 ’ὃἡ

185 687 385 746 Διογένης
411 689 477 732 ἐπὶ
504 697 590 742 τοῖς
611 690 891 748 συμβεβηκόσι
910 683 1083 749 γεγονὼς
1099 694 1156 743 εἷς
1172 691 1246 749 τὴν
1266 694 1558 738 Καππαδοκῶν
1578 693 1667 737 32*ss-
1728 727 1733 731 ·

183 759 287 811 βαλε
298 787 314 810 ,
356 756 616 814 πανταχόθεν
657 760 704 804 τὸ
750 758 987 819 στράτευμα
1020 759 1391 820 προσκαλούμενος.
1460 762 1585 814 αὐτὸς
1618 763 1664 806 δὲ

185 826 321 882 διῆγεν
351 826 394 869 ἓν
419 831 480 885 τῷ
509 831 749 889 Τυροποιῷ·
786 827 984 888 φρούριον
1013 831 1059 875 δὲ
1086 830 1216 882 οὕτως
1239 828 1488 887 καλούμενον
1511 831 1664 890 ὀχυρὸν

129 903 177 940 10
185 894 278 937 λίαν
317 897 386 938 καὶ
424 894 698 954 ἀπόκρημνον.
766 898 1147 957 προσκαλεσάμενος
1186 894 1259 943 οὖν
1298 899 1321 943 ὃ
1353 902 1663 952 Κωνσταντῖνος

182 963 252 1007 καὶ
282 963 354 1009 τὸν
378 955 622 1021 Ἀντιοχείας
648 968 777 1010 ὁοῦκα
805 967 876 1011 τὸν
901 968 1198 1025 Λαχατούριον
1218 967 1436 1025 σύμμαχον
1458 970 1564 1014 κατὰ
1585 974 1659 1014 τοῦ
1682 976 1710 1013 Ρ
1733 976 1803 1015 844

180 1031 402 1089 Διογένους
431 1033 506 1077 οὐκ
536 1034 651 1091 ἴσχεν
678 1033 961 1081 ὑπακούοντα·
1006 1039 1232 1096 προσέθετο
1266 1038 1344 1096 γὰρ
1374 1044 1434 1098 τῷ·
1461 1039 1659 1096 Διογένει.

181 1102 250 1144 καὶ
268 1106 413 1146 τοῦτον
428 1105 682 1162 παραλαβὼν
699 1108 961 1163 παραγίνεται
978 1108 1035 1158 εἷς
1053 1108 1265 1160 Κιλικίαν,
1302 1107 1406 1151 ἔνθα
1423 1110 1490 1151 καὶ
1507 1126 1657 1166 προσε-

180 1171 364 1229 καρτέρει
392 1171 467 1229 τὴν
497 1173 578 1217 ἀπὸ
609 1178 685 1218 τοῦ
712 1174 936 1219 σουλτάνου
969 1177 1179 1232 ἀναμένων
1198 1174 1423 1233 βοήθειαν,
1458 1175 1563 1233 ὁμοῦ
1581 1179 1658 1234 μὲν

117 1240 250 1287 ,ισκαὶ
273 1239 343 1283 διὰ
371 1240 443 1285 τὸν
462 1247 646 1298 χειμῶνα
674 1242 826 1301 διάγων
851 1245 998 1299 ἐκεῖσε,
1033 1245 1128 1289 ἀλλ’
1150 1246 1425 1304 ἀλεεινοτὲραν
1443 1247 1516 1303 τὴν
1533 1249 1655 1290 Κιλι-
1696 1254 1707 1261 “

179 1309 272 1352 κίαν
296 1308 581 1366 ἐπιστάμενος,
611 1315 679 1356 καὶ
699 1311 822 1356 πάλιν
838 1314 941 1372 πρὸς
960 1314 1162 1372 συλλογὴν
1181 1320 1359 1372 στρατοῦ
1382 1315 1528 1359 ἑαυτὸν
1544 1316 1657 1373 ἄπη-

178 1375 330 1433 σχόλει.
392 1377 420 1423 ’ὅ
445 1379 494 1423 δέ
510 1397 554 1438 γε
576 1383 882 1435 Κωνσταντῖνος
896 1384 1001 1440 μετὰ
1018 1384 1064 1427 τὸ
1082 1385 1154 1428 τὸν
1169 1385 1367 1441 Διογένην
1387 1383 1655 1444 ὑποχωρῆσαι

176 1445 431 1505 ὖπέστρεψεν
457 1450 516 1501 εἷς
544 1451 592 1494 τὸ
622 1450 861 1504 Βυζάῠν.
929 1452 1024 1497 ἀντ’
1056 1454 1207 1498 ἐκείνου
1235 1455 1282 1497 δὲ
1312 1454 1519 1498 στέλλεται
1548 1455 1655 1499 κατὰ

176 1519 252 1559 τοῦ
270 1516 492 1574 Διογένους
510 1517 532 1563 ὃ
550 1518 749 1578 πρόεδρος
762 1512 1017 1579 Ἀνδρόνικος
1036 1519 1058 1565 ὃ
1078 1528 1154 1566 τοῦ
1173 1523 1386 1580 Καίσαρος
1407 1522 1508 1575 υἱός.
1561 1525 1655 1567 δια-

118 1585 316 1640 Ξονείμας
337 1586 382 1630 δὲ
402 1593 488 1639 τοῖς
505 1587 775 1647 στρατιώταις
794 1591 1003 1649 σιτηρέσια
1024 1591 1093 1634 διὰ
1114 1595 1188 1648 τῆς
1208 1590 1448 1649 κλεισούρας
1467 1597 1542 1640 τοῦ
1557 1595 1657 1637 Πο-Χ
1675 1595 1707 1630 Β

174 1655 329 1699 δανδοῦ
348 1655 576 1715 ἀφικνεῖται
597 1660 654 1710 εἷς
671 1660 886 1713 Κιλικίαν,
919 1659 1024 1704 ἔνθα
1044 1665 1224 1722 συναντᾷ
1244 1662 1357 1720 αὐτῷ
1378 1659 1400 1703 ὃ
1422 1661 1658 1718 Aulam-³

174 1739 287 1782 ριος,
320 1723 368 1769 ὃν
399 1727 468 1770 καὶ
493 1727 598 1782 πρὸς
623 1728 760 1786 βραχὺ
784 1728 1068 1785 μαχεσάμενον
1091 1730 1277 1789 αἱροῦσιν
1297 1731 1335 1774 οἱ
1357 1735 1430 1774 τοῦ
1445 1731 1653 1790 Ἀνδρονί-

174 1810 265 1837 κου.
328 1797 412 1838 τῶν
439 1795 485 1838 δὲ
513 1795 648 1840 ἄλλων
674 1797 973 1856 συμφυγόντων
993 1801 1050 1851 εἷς
1061 1798 1258 1853 Ἄδαναν,
1292 1798 1397 1843 ἔνθα
1417 1802 1486 1843 καὶ
1504 1799 1526 1844 ὃ
1544 1801 1653 1845 Διο-

171 1862 289 1919 γένης
307 1863 504 1922 διέτριβε,
530 1868 742 1928 πολιορκίᾳ
760 1868 835 1922 τὴν
852 1866 970 1912 πόλιν
986 1869 1171 1925 διέλαβεν
1192 1867 1214 1912 ὃ
1229 1867 1495 1929 Ἀνδρόνικος.
1552 1888 1652 1915 συν-

263 1949 309 1986 11
333 1952 371 1984 et
393 1950 439 1987 21
461 1950 726 1998 Καχατούριον
747 1964 867 2000 margo
886 1954 916 1989 P

168 2026 232 2054 ms
261 2016 442 2064 Diogenes
471 2019 571 2066 prius
600 2020 638 2056 in
663 2022 825 2067 Abydum
852 2022 1041 2069 relegarat.
1087 2022 1315 2059 Theodorum
1338 2022 1449 2069 igitur
1469 2023 1648 2071 Alyatem,

169 2063 284 2101 virum
303 2075 512 2110 generosum
537 2071 575 2102 et
595 2067 784 2115 illustrem,
812 2070 1051 2115 magnitudine
1075 2081 1117 2105 ac
1138 2070 1258 2116 specie
1284 2070 1433 2106 maxime
1453 2071 1646 2106 admirabi-

170 2109 258 2156 lem,
288 2110 460 2147 adversus
490 2112 588 2158 ipsos
620 2114 742 2150 mittit.
790 2127 936 2161 cumque
961 2116 1101 2151 fortiter
1123 2127 1163 2151 se
1185 2116 1222 2150 in
1246 2115 1323 2151 acie
1346 2116 1596 2171 apposuissent
1617 2118 1646 2154 ii

169 2155 234 2202 qui
261 2167 340 2191 cam
366 2157 600 2194 Constantino
623 2166 746 2206 erant,
777 2162 967 2197 vincuntur
987 2162 1117 2197 milites
1139 2162 1295 2207 Alyatis‚
1330 2168 1368 2198 et
1389 2174 1469 2219 ipse
1491 2163 1645 2210 capitur,

168 2206 346 2249 captoque
368 2204 460 2239 oculi
481 2205 699 2242 effodiuntur
719 2208 816 2242 ferro
839 2219 909 2254 quo
937 2208 1093 2244 tentoria
1113 2208 1327 2254 defiguntur.
1374 2209 1555 2255 Diogenes
1577 2221 1643 2245 au-

166 2253 239 2284 tem
259 2250 306 2284 ob
329 2260 374 2284 ea
397 2261 488 2296 quae
509 2251 712 2288 acciderant
731 2265 950 2301 summopere
975 2255 1099 2290 dolens
1120 2254 1158 2289 in
1180 2255 1439 2301 Cappadociam
1462 2256 1644 2301 ingressus

165 2301 236 2337 est,
258 2295 414 2342 undique
430 2307 616 2333 accersens
629 2300 833 2335 exercitum.
880 2302 959 2348 ipse
977 2313 1064 2336 vero
1084 2302 1362 2337 commorabatur
1379 2301 1415 2336 in
1433 2302 1643 2349 Tyropoeo.

165 2345 246 2388 erat
267 2341 336 2376 hoc
356 2342 523 2388 oppidum
544 2345 728 2380 admodum
753 2347 918 2382 munitum
940 2352 977 2383 et.
999 2347 1103 2382 valde
1125 2354 1366 2394 praeruptum.
1412 2349 1523 2394 igitur
1543 2349 1644 2384 Con-

164 2387 342 2424 stantinus
364 2389 573 2425 accersitum
593 2391 800 2427 Antiochiae
822 2393 943 2428 ducem
965 2393 1237 2429 Chachaturium
1257 2394 1428 2430 adversus
1445 2395 1642 2440 Diogenem

164 2433 237 2470 sibi
266 2434 400 2470 socium
430 2435 523 2471 haud
547 2437 767 2474 obedientem
789 2439 884 2475 dicto
908 2440 1049 2485 habuit,
1089 2440 1184 2485 quod
1206 2440 1252 2476 ad
1273 2440 1467 2485 Diogenem
1489 2453 1530 2476 se
1553 2453 1641 2477 con-

163 2479 318 2527 tulerat,
349 2492 420 2527 quo
443 2494 561 2518 secum
581 2483 641 2519 ille
664 2485 770 2520 ducto
790 2486 829 2520 in
851 2485 1011 2521 Ciliciam
1029 2485 1278 2532 proficiscitur.
1324 2487 1386 2522 ubi
1407 2488 1511 2522 etiam
1536 2487 1642 2524 auxi-

162 2525 248 2563 lium
276 2538 300 2563 a
326 2527 474 2564 Sultano
497 2536 708 2577 exspectans
731 2533 1028 2577 commorabatur,
1064 2531 1166 2568 simul
1190 2536 1227 2568 et
1249 2538 1397 2579 propter
1418 2534 1565 2569 hiemem
1587 2534 1642 2571 ibi

163 2572 319 2619 degens,
338 2574 549 2620 tepidior-em
572 2589 720 2612 noscens
742 2578 924 2622 ciliciam
955 2584 994 2615 et
1013 2589 1134 2614 rursus
1155 2578 1195 2614 in
1216 2580 1374 2625 cogendo
1398 2579 1556 2616 exercitu
1575 2592 1639 2616 oc-

162 2621 374 2665 cupabatur·
419 2626 463 2657 at.
487 2622 760 2670 Constantinus,
793 2630 978 2680 postquam
1007 2625 1187 2671 Diogenes
1220 2626 1389 2671 recessit,
1425 2626 1641 2672 Byzantium

161 2676 329 2704 reversus
350 2670 420 2702 est.
465 2666 502 2703 in
525 2669 602 2705 eius
622 2670 736 2706 locum
759 2671 909 2707 mittitur
929 2672 1100 2708 adversus
1121 2672 1314 2718 Diogenem
1336 2683 1480 2719 praeses
1498 2673 1641 2709 Andro-

160 2711 262 2746 nicus
293 2711 458 2748 Caesaris
488 2715 594 2751 filius.
641 2717 758 2752 diviso
789 2723 904 2754 autem
934 2718 1103 2753 militibus
1131 2724 1324 2754 commeatu
1355 2731 1421 2765 per
1443 2719 1641 2756 clausuram

161 2757 325 2794 Podaudi
347 2761 512 2805 pervenit
529 2762 566 2797 in
590 2762 764 2809 Ciliciam,
787 2764 849 2799 ubi
871 2763 941 2811 ipsi
963 2764 1117 2800 occurrit
1138 2764 1409 2811 Chachaturius,
1434 2777 1535 2812 quem
1560 2777 1639 2802 cum

162 2804 266 2839 brevi
291 2811 506 2852 pugnasset,
543 2809 709 2846 occidunt
735 2810 865 2846 milites
895 2811 1112 2854 Andronici3
1146 2823 1294 2858 cumque
1325 2811 1385 2847 alii
1414 2811 1452 2847 in
1479 2812 1637 2850 Adanam

161 2850 248 2897 fuga
274 2862 316 2888 se
344 2853 586 2903 recepissent,
618 2856 681 2894 ubi
709 2856 816 2895 etiam
836 2856 1017 2906 Diogenes
1039 2858 1264 2906 morabatur,
1298 2858 1483 2902 obsidione
1512 2859 1635 2897 urbem
