1916 3210
381 212 481 259 516
854 208 1093 256 GEORGII
1124 210 1365 257 CEDRENI

377 328 511 380 τολῆς.
578 321 865 379 προχειρίζεται
887 322 931 364 δὲ
952 322 1020 364 καὶ
1037 324 1312 378 Νικομηδείας
1333 323 1544 378 ἐπίσκοπος
1565 324 1828 380 Ἀπῶωοςὸ

378 391 527 447 Πάχης
545 390 753 444 εὐνοῦχος,
786 389 890 432 κατὰ
908 390 1020 446 γένος
1037 388 1252 448 προσήκων
1268 397 1326 451 τῷ
1344 396 1529 446 βασιλεῖ’,
1549 415 1552 418 ’
1567 396 1695 451 μηδὲν
1713 395 1828 449 ἄξιον

377 461 479 515 ἔχων
500 456 731 510 ἐπισκόπου,
767 457 871 500 ἀλλὰ
894 461 996 512 βοῦν
1018 458 1201 517 ἀφωνίας
1219 460 1282 503 ἐπὶ
1302 465 1350 518 τῇ
1370 458 1532 520 γλώσσῃ
1551 462 1715 522 φέρων..
1736 464 1827 508 un}-

372 531 485 584 χμοῦ
501 527 546 570 δὲ
564 526 775 582 γενομένου
798 523 855 577 ὥς
872 526 935 568 ἐπὶ
953 530 1085 582 μῆνας
1104 527 1224 578 ὅλους
1238 525 1283 579 ἓξ
1302 528 1360 583 μὴ
1379 531 1680 588 καταρραγῆναι
1696 527 1826 584 ὅστ’-όν,

375 596 573 639 λιτανείαν
603 592 841 649 ἐποιήσαντο
873 595 911 638 οἳ
942 599 1016 638 τοῦ
1042 596 1243 650 βασιλέως
1270 595 1464 654 ἀδελφοί,
1503 596 1526 641 ὅ
1543 598 1618 654 μὲν
1638 597 1857 656 &aalma

324 673 357 710 D
378 661 592 720 βαστάζων
609 663 655 706 τὸ
676 662 789 719 ἅγιον
803 662 1038 718 μανδύλιον,
1078 662 1100 706 ὃ
1126 664 1253 721 μέγας
1278 666 1512 720 δομέστικυς
1526 665 1601 722 τὴν
1617 666 1720 725 πρὸς
1732 667 1828 712 Αὔε-

375 750 502 790 γαρον
531 730 741 786 ἐπιστολὴν
768 735 841 774 τοῦ
865 734 1052 789 Χριστοῦ
1084 735 1150 775 καὶ
1187 731 1208 775 ὃ
1239 732 1606 793 πρωτοβεστιάριος
1640 735 1695 778 τὰ
1730 733 1827 793 ἅγια

374 799 611 859 σπάργανα·
654 801 722 842 καὶ
745 801 842 857 πεζῇ
863 798 1098 851 ὁδεύσαντες
1119 800 1198 844 ἀπὸ
1222 806 1296 844 τοῦ
1316 799 1492 858 μεγάλου
1510 803 1708 854 παλατίου
1727 802 1827 863 ἄφί-

372 886 491 915 κοντο
519 868 613 926 ἄχρι
643 872 717 912 τοῦ
749 872 849 912 ναοῦ
875 873 948 924 τῆς
983 867 1202 927 ὖπεραγίας
1231 868 1428 913 θεοτόκου
1461 874 1544 915 τῶν
1569 873 1826 930 Βλαχερνῶν.

371 938 531 993 ἐποίησε
550 937 594 980 δὲ
612 938 680 980 καὶ
697 935 836 995 ἑτέραν
853 937 966 992 λιτὴν
984 935 1006 980 ὁ
1022 935 1273 996 πατριάρχης
1290 938 1365 981 σὺν
1379 944 1439 998 τῷ
1454 937 1606 998 κλήρῳ.
1632 939 1685 983 οὗ
1701 938 1826 996 μόνον
1837 945 1880 980 10

371 1008 418 1050 δὲ
437 1006 510 1049 οὒκ
530 1005 701 1063 ἔβρεξεν,
737 1004 840 1048 ἀλλὰ
864 1007 931 1048 καὶ
949 1004 1110 1062 χάλαζα
1132 1007 1396 1063 παμμεγέθης
1413 1014 1713 1066 καταρραγεῖσα
1727 1025 1827 1053 συν-

372 1075 514 1133 έτριψε
540 1074 591 1118 τὰ
619 1075 767 1131 δένδρα
798 1076 866 1117 καὶ
898 1075 993 1125 τοὺς
1014 1074 1213 1132 κεράμους
1233 1079 1308 1130 τῆς
1325 1074 1492 1127 πόλεως.
1557 1077 1756 1128 σιτοδείας
1780 1077 1826 1120 δὲ

370 1140 650 1199 κατασχούσης
669 1143 744 1198 τὴν
759 1140 876 1185 πόλιν
895 1143 1133 1193 ἀποστείλας
1151 1141 1172 1185 ὅ
1189 1141 1376 1199 Ἰωάννης
1393 1141 1618 1198 ἐξωνήσατο
1637 1144 1716 1188 ἀπὸ
1734 1147 1824 1188 Πε-

370 1209 619 1267 λοποννήσου
639 1213 708 1254 καὶ
724 1209 920 1262 Ἑλλάδος
940 1213 1051 1255 σίτου
1076 1209 1266 1266 χιλιάδας
1285 1209 1345 1270 ρ’,
1390 1213 1459 1255 καὶ
1486 1211 1546 1256 δι’
1569 1212 1703 1258 αῧτῶν
1728 1211 1825 1266 τοὺς

367 1281 535 1331 πολίτας
553 1277 890 1338 παρεμυθήσατο.
1646 1327 1651 1332 ,
1756 1277 1758 1280 ’
1835 1290 1877 1324 15

150 1403 153 1408 A
226 1360 258 1392 P
281 1357 351 1394 740
504 1349 572 1391 Ἔν
592 1349 635 1391 δὲ
653 1348 816 1408 Σικελίᾳ
834 1351 915 1391 τῶν
938 1345 1012 1390 δύο
1034 1347 1234 1405 ἀδελφῶν,
1261 1344 1317 1398 ὥς
1338 1345 1506 1405 εἶ’ρηται,
1531 1343 1824 1401 στασιαζόντων

369 1418 439 1461 καὶ
457 1422 529 1460 τοῦ
546 1415 803 1474 Ἀπολάφαρ
822 1414 1152 1474 ὕπερισχύοντος,
1192 1416 1325 1473 ἕτερος
1343 1421 1424 1459 τῶν
1445 1416 1634 1474 ἀδελφῶν
1657 1415 1729 1460 τὸν
1751 1420 1826 1472 τῆς

363 1487 574 1544 Ἀφρικῆς
605 1484 737 1543 ἅμερα
771 1483 908 1542 Οὕμερ
933 1486 988 1535 εἰς
1007 1486 1215 1542 συνεργίαν
1237 1489 1374 1527 καλεῖ·
1406 1486 1474 1528 καὶ
1507 1482 1552 1535 ὃς
1577 1481 1824 1540 ὑπισχνεῖται

367 1552 662 1610 συμμαχήσειν,
688 1555 722 1596 εἲ
741 1552 979 1607 κατάσχεσιν
999 1553 1040 1596 ἐν
1061 1557 1111 1609 τῇ
1127 1551 1237 1610 νήσῳ
1255 1552 1362 1609 λάβῃ
1378 1551 1482 1598 τινά.
1532 1551 1761 1610 προθύμως
1778 1553 1825 1595 δὲ

368 1628 441 1667 τοῦ
460 1626 630 1665 Σικελοῦ
649 1619 965 1671 κατανεύσαντος
985 1623 1040 1671 εἷς
1056 1625 1174 1664 τοῦτο
1195 1621 1443 1678 ἀφικνεῖται,
1479 1621 1546 1664 καὶ
1577 1622 1822 1675 συμπλακεὶς
1831 1629 1876 1665 20

367 1695 427 1751 τῷ
449 1688 706 1748 Ἀπολάφαρ
736 1689 793 1732 ἔτι
823 1688 1031 1743 δυνάμεως
1058 1693 1131 1744 τῆς
1158 1688 1261 1743 μετὰ
1287 1693 1359 1731 τοῦ
1387 1689 1598 1747 πατρικίου
1617 1684 1660 1730 Γ
1655 1690 1822 1747 εωργίου

366 1757 613 1818 ὖστερούσης
639 1763 712 1803 τοῦ
730 1756 929 1813 Μανιάκη
957 1762 1030 1814 τῆς
1057 1759 1112 1809 εἷς
1130 1759 1363 1814 συμμαχίαν
1384 1755 1529 1801 τούτου
1551 1758 1822 1816 πεμφθείσης,

457 1901 481 1936 8
503 1898 608 1942 πεζοὶ
630 1900 661 1934 C
800 1900 845 1935 13
867 1895 1083 1938 ἀποστείλας
1106 1910 1160 1934 om
1178 1898 1209 1933 C
1346 1898 1392 1935 16
1413 1894 1465 1940 eis
1486 1898 1631 1945 εἴρηται
1649 1899 1727 1935 τῶν
1749 1896 1821 1935 δύο

454 1944 630 1991 ἀδελφῶν
651 1945 682 1980 C
818 1947 862 1983 18
885 1941 1047 1990 ἄρχοντα
1069 1945 1101 1980 C

365 2069 524 2106 Orientis
547 2069 696 2105 creavit.
741 2070 833 2105 idem
864 2069 1055 2116 imperator
1082 2070 1268 2106 Antonium
1303 2079 1442 2124 quoque
1465 2069 1606 2105 Pachen
1628 2069 1820 2107 eunuchum

366 2117 437 2152 sibi
453 2127 583 2161 genere
606 2115 836 2162 propinquum
857 2116 1083 2151 Nicomediae
1106 2117 1304 2162 episcopum
1328 2116 1425 2159 fecit,
1451 2115 1554 2161 plane
1575 2115 1664 2151 nihil
1681 2116 1819 2163 episco-

363 2168 450 2209 patu
473 2162 612 2207 dignum
637 2162 840 2207 habentem,
876 2168 912 2196 et
932 2164 1056 2197 bovem
1076 2163 1199 2208 (quod
1222 2161 1344 2207 aiunt)
1367 2161 1538 2196 infantiae
1555 2162 1592 2196 in
1612 2162 1732 2207 lingua
1753 2174 1818 2208 ge-

364 2213 526 2244 stantem.
565 2219 651 2254 *cum
677 2213 791 2243 autem
813 2208 952 2246 siccitas
975 2209 1101 2243 suisset
1122 2220 1246 2254 magna
1276 2213 1313 2243 et
1340 2207 1425 2243 totis
1456 2219 1520 2243 sex
1549 2208 1726 2243 mensibus
1747 2219 1818 2243 non

363 2254 526 2300 pluisset,
549 2253 779 2299 supplicatum
803 2260 857 2289 est
880 2265 900 2288 a
920 2255 1090 2290 fratribus
1111 2254 1342 2300 imperatoriS,
1366 2253 1584 2299 gestantibus
1602 2254 1734 2289 Ioanne
1756 2265 1816 2289 ea·-

364 2311 459 2335 crum
489 2300 699 2345 mandylium
722 2300 799 2335 sive
830 2300 991 2345 linteum,
1024 2312 1147 2345 magno
1179 2300 1368 2335 domestico
1397 2299 1577 2346 epistolam
1606 2299 1742 2335 Christi
1772 2299 1818 2335 ad

363 2347 559 2390 Augurum,
593 2347 864 2392 protovestiario
896 2346 1052 2392 Georgio
1083 2358 1200 2382 sacras
1232 2357 1396 2383 cunarum
1428 2345 1577 2389 fascias;
1610 2345 1817 2392 peditesque

363 2397 609 2437 processerunt
642 2403 664 2426 a
694 2403 818 2437 magno
847 2392 978 2438 palatio
1007 2404 1117 2438 usque
1147 2393 1192 2428 ad
1221 2393 1337 2427 fanum
1359 2391 1526 2437 deiparae
1545 2391 1817 2427 Blachernense.

363 2437 459 2472 aliud
482 2448 549 2482 quo
577 2449 620 2472 ue
643 2438 848 2484 supplicium
867 2450 888 2473 a
910 2439 1109 2484 patriarcha
1130 2444 1307 2484 peractum
1330 2443 1366 2473 et
1386 2437 1493 2472 clero.
1539 2438 1603 2472 sed
1634 2448 1705 2472 non
1733 2443 1814 2472 tan-

362 2489 436 2518 tum
456 2495 526 2518 non
548 2495 571 2529 p
587 2484 649 2529 uit,
675 2496 794 2519 verum
819 2490 856 2519 et
875 2485 1007 2530 grando
1030 2485 1155 2530 ingens
1177 2485 1293 2519 delata
1313 2485 1457 2519 arbores
1480 2483 1680 2519 comminuit
1701 2487 1739 2518 ot
1758 2487 1815 2517 te-

363 2529 463 2573 gulas
480 2529 655 2564 domorum
670 2529 779 2567 urbis.
807 2542 882 2565 cum
906 2538 1019 2565 autem
1042 2531 1079 2566 in
1101 2532 1187 2565 urbe
1208 2531 1300 2565 fame
1323 2529 1551 2574 laboraretur,
1573 2529 1723 2564 Ioannes
1740 2528 1816 2564 uuis

363 2575 516 2609 dimissis
541 2587 561 2609 e
582 2575 822 2622 Peloponneso
855 2582 892 2612 et
914 2577 1066 2612 Graecia
1094 2576 1284 2612 modiorum
1317 2574 1482 2611 frumenti
1512 2577 1648 2611 100000
1677 2574 1814 2619 coemit,

363 2619 477 2666 iisque
499 2620 659 2656 miseriae
682 2622 809 2657 civium
835 2634 936 2669 opem
960 2622 1054 2669 tulit,

455 2688 498 2722 In
519 2689 643 2724 Sicilia
665 2691 811 2736 duobus,
833 2692 886 2725 uti
909 2691 1039 2727 dictum
1061 2695 1125 2735 est,
1148 2690 1315 2726 fratribus
1336 2688 1604 2734 dissidentibus,
1625 2690 1663 2724 et
1681 2685 1814 2735 Apola-

364 2731 473 2776 pharo
496 2741 693 2782 superante,
716 2737 805 2771 alter
826 2737 966 2772 Africae
988 2749 1136 2773 ameram
1149 2738 1313 2772 Umerum
1335 2736 1374 2770 in
1394 2735 1558 2770 auxilium
1578 2737 1696 2770 vocat·
1719 2733 1813 2779 quod

364 2778 397 2811 is
427 2780 587 2824 promisit
618 2793 659 2816 ea
688 2783 892 2818 condicione
915 2788 954 2817 ut
975 2783 1042 2818 sibi
1067 2782 1183 2829 aliqua
1204 2784 1242 2817 in
1266 2781 1389 2817 Sicilia
1409 2781 1645 2826 assignaretur
1695 2790 1811 2814 osnes-

364 2823 432 2858 sio.
478 2829 583 2870 atque
605 2826 670 2862 hac
693 2829 896 2864 condicione
917 2830 1067 2874 probata
1087 2828 1199 2873 venit,
1225 2831 1261 2863 et
1281 2827 1412 2873 praelio
1435 2827 1524 2862 vicit
1544 2825 1678 2880 Apolap
1743 2835 1812 2868 um,

362 2869 456 2917 quod
486 2872 635 2907 nondum
663 2879 809 2910 venerat
841 2886 884 2911 eo
915 2886 993 2911 cum
1016 2874 1240 2912 auxiliaribus
1261 2874 1374 2922 copiis
1395 2873 1585 2911 Maniaces.
1629 2875 1743 2908 victus
1766 2871 1812 2907 ad
