1916 3210
352 201 448 247 818
772 201 1063 244 XYLANDRI
1094 202 1167 244 ET
1202 202 1374 246 GOARI

351 312 566 350 exstructam
578 335 590 356 ,
620 308 659 345 ut
675 307 724 345 ibi
747 307 904 360 populus
923 307 1178 359 imperatorem
1193 311 1396 362 exciperet;
1423 314 1533 363 quod‘
1548 313 1635 354 huic
1649 319 1796 356 senten-

351 369 424 404 tiae
451 378 524 403 non
552 366 743 414 repugnat.
813 376 897 401 nam
935 364 1208 416 σαξιμοδέξιον
1242 368 1332 416 quid
1362 368 1428 416 sit,
1469 370 1586 408 sciunt
1609 371 1795 424 (opinor)

351 421 504 459 barbari.
533 419 635 456 XYL.
668 419 838 470 πλησίον
857 417 902 459 δὲ
920 422 994 459 τοῦ
1016 419 1226 472 παλατίου]
1255 435 1300 460 ex
1317 423 1440 472 regiae
1457 424 1521 462 GP
1539 425 1793 479 descriptione,

351 479 543 528 penetrata
571 473 669 512 obvii
694 475 847 525 primum
878 476 972 513 muri
996 480 1129 527 porta,
1160 479 1415 529 amplissimum
1431 481 1563 519 atrium
1583 482 1792 522 fidelissimo

350 531 517 570 satellitio
536 531 711 567 munitum
737 530 974 581 popularibus
1003 532 1117 570 turbis
1134 535 1299 584 pervium
1319 540 1358 573 et
1374 548 1582 575 concessum
1597 539 1793 577 occurrisse

350 588 474 636 liquet.
530 586 579 623 ibi
598 585 760 624 Venetae
777 587 893 638 parti,
925 587 982 625 cui
999 589 1214 640 propensius
1231 590 1353 629 affecti
1373 596 1477 630 erant
1492 593 1792 644 imperatore-vob

348 641 573 685 rebelliones*
584 654 607 679 a
625 641 776 691 Prasina
795 655 861 681 ceu
879 644 1085 694 potentiore
1103 647 1250 696 saepius
1270 647 1465 694 excitatas,
1501 649 1717 688 lastinianus
1734 649 1806 687 hic>

349 699 457 736 sedes
485 697 668 748 lapideas,
710 697 841 748 quibus
861 710 943 737 sese
963 700 1177 739 redeuntem
1203 700 1262 739 vel
1286 713 1514 750 egressurum
1529 703 1658 741 faustis
1676 703 1793 743 acela-

347 754 565 792 mationibus
589 757 782 804 exceptura
798 754 1030 803 consisteret,
1059 760 1242 795 exstruere
1257 757 1482 798 moliebatur.
1537 758 1644 796 vicini
1661 759 1794 797 nibilo-

346 812 464 848 minus
480 808 605 859 templi
621 809 796 858 religione
813 811 1028 859 deterritus,
1057 823 1106 850 ne
1126 825 1166 850 se
1185 812 1308 864 populi
1327 813 1480 863 querelis
1502 813 1696 860 obiiceret,
1722 826 1794 866 pa-

347 864 524 903 triarchae
542 864 708 903 Callinici
729 869 815 903 vota
836 866 975 917 coeptis
996 866 1157 906 auxiliari
1179 869 1343 920 expetiit.
1407 868 1468 907 ille
1486 882 1561 907 non
1583 870 1792 909 deiiciendis

348 921 415 960 sed
437 921 649 959 dedicandis
671 921 814 972 templis
834 934 915 959 cum
938 935 1064 973 preces
1089 924 1137 961 ab
1157 924 1305 963 ecclesia
1323 928 1478 962 statutas
1497 926 1616 977 primo
1640 938 1793 977 respon·

347 977 483 1021 disset,
512 989 596 1014 mox
621 977 847 1027 imperatoris
872 979 1086 1017 auctoritate
1115 980 1249 1027 victus,
1284 981 1355 1018 vim
1384 982 1516 1019 factam
1543 985 1582 1020 et
1604 993 1793 1020 assensum

345 1033 523 1071 violenter
539 1036 715 1070 extortum
735 1045 831 1070 novo
849 1033 908 1072 dei
925 1035 1118 1085 praeconio
1136 1036 1332 1075 adinvento
1348 1037 1595 1076 manifestavit
1611 1038 1789 1088 apertius.

347 1084 485 1141 βάθρα
511 1101 621 1139 porro
649 1090 730 1127 ταῖν
757 1087 934 1129 Βενέτων
957 1089 1137 1140 lapideae
1164 1092 1273 1129 sedes
1300 1097 1404 1131 erant
1430 1093 1598 1130 Venetae
1612 1093 1794 1144 factioni

338 1143 568 1194 parandae,
599 1147 639 1182 et
662 1148 702 1181 ut
719 1146 877 1195 loquitur
895 1145 1027 1184 Paulus
1045 1147 1241 1197 Diaconus,
1271 1147 1382 1185 bases
1398 1148 1546 1199 populi
1563 1155 1791 1187 construen-

344 1201 446 1245 dae,
486 1206 532 1236 at
558 1199 644 1236 illic·
668 1201 940 1251 imperatorem
966 1203 1216 1253 susciperent.
1277 1216 1361 1243 nam
1389 1209 1428 1243 et
1452 1205 1586 1244 ibidem
1613 1205 1669 1244 vel
1693 1206 1791 1244 iuxta

343 1256 549 1295 constitisse
569 1255 755 1305 Prasinos,
783 1257 913 1307 colligo
931 1270 976 1297 ex
995 1257 1124 1298 Leone
1149 1260 1396 1299 Grammatico
1415 1261 1452 1299 in
1473 1260 1678 1311 'theophilo
1698 1261 1790 1299 scri-

343 1313 478 1360 bente,
505 1309 577 1358 τᾶς
596 1307 836 1365 ἄναβάθρας
850 1312 953 1353 ἔνθα
974 1314 1016 1353 οἵ
1033 1315 1153 1366 δῆμοι
1171 1315 1363 1359 ἵστανται.
1417 1316 1528 1355 alium
1544 1316 1655 1354 nihilo
1670 1318 1788 1356 secius

342 1368 461 1405 locum
493 1380 517 1405 a
542 1368 700 1407 Prasinis
726 1369 890 1408 Venetos
917 1371 1097 1420 delegisse
1126 1372 1345 1420 Simoeatta,
1387 1373 1450 1410 ubi
1475 1373 1523 1412 de
1552 1373 1789 1412 coronatione

341 1423 520 1462 Leontiae
541 1423 685 1463 Phocae
703 1426 848 1476 tyranni
867 1427 998 1477 uxoris,
1027 1428 1150 1465 scribit
1177 1427 1203 1466 8
1233 1432 1272 1470 2.
1329 1428 1466 1467 Gom.

455 1514 496 1551 p.
521 1499 604 1542 774
631 1514 667 1541 V.
693 1500 733 1544 4.
787 1499 861 1554 τη“ν
881 1498 1046 1556 φιάλην]
1076 1505 1251 1553 machina,
1281 1519 1354 1557 qua
1375 1519 1397 1545 e
1418 1506 1547 1544 statuis
1564 1506 1787 1555 marmoreis,

342 1556 531 1595 metallicis
558 1557 686 1595 fistulis
719 1558 778 1597 vel
805 1560 942 1609 apertis
971 1561 1066 1598 tubis
1091 1562 1342 1611 profunditur,
1384 1563 1587 1612 spargitur,
1614 1561 1652 1599 in
1674 1561 1788 1600 altum

341 1613 549 1659 evibratur,
586 1626 629 1651 ac
650 1617 728 1652 tum
753 1614 936 1653 oculorum
963 1617 1132 1666 cupidine
1160 1619 1289 1655 satiata
1314 1618 1362 1655 ad
1388 1617 1632 1656 concurrentis
1658 1617 1786 1668 populi

341 1667 601 1706 sublevandam
621 1669 720 1707 sitim
745 1673 782 1708 et
807 1671 1087 1720 exstinguendos
1108 1673 1260 1711 ardores
1279 1678 1442 1712 servatur
1460 1677 1496 1711 et
1518 1673 1615 1710 ultro
1631 1672 1788 1711 liberali-

340 1729 399 1762 ter
416 1735 511 1773 aqua
530 1724 739 1772 exhibetur,
767 1722 891 1776 φιάλη
911 1731 978 1774 est,
1006 1728 1109 1777 quasi
1123 1727 1288 1776 phiala,
1316 1729 1471 1780 lymphis
1489 1728 1703 1767 exhibendis
1722 1739 1786 1765 vas

338 1779 525 1818 idoneum.
579 1780 784 1819 huiusmodi
805 1781 933 1832 phialis
955 1784 1067 1821 aedes
1091 1784 1269 1835 publicae,
1299 1785 1446 1836 templa,
1474 1797 1542 1822 nec
1560 1796 1632 1822 non
1650 1783 1786 1835 palatia

340 1847 488 1930 {effipia
502 1835 690 1929 abugdare
709 1838 997 1889 exquisiverunt3
1026 1839 1075 1878 de
1091 1840 1222 1890 quibus
1237 1840 1484 1890 Euehologica
1500 1844 1538 1879 et
1556 1840 1785 1879 doctissimus

450 1903 504 1929 us.
600 1903 699 1930 oAn.
1718 1909 1722 1911 ’

452 1956 507 1995 ib.
541 1971 576 1999 V.
605 1959 643 2001 5.
709 1961 908 2000 τελεῖσθαι
939 1958 1025 2001 ἐκεῖ
1060 1958 1103 2003 τὸ
1141 1960 1467 2015 σαξιμοδὲξιμον]
1511 1967 1550 2003 at
1586 1962 1651 2014 qui
1688 1961 1785 2001 cele-

340 2013 514 2051 brabatur
540 2015 639 2053 istud
666 2015 989 2068 σαξιμοδέξιμον,
1041 2021 1081 2056 ut
1111 2020 1332 2070 perficiendo
1354 2019 1454 2058 locus
1484 2018 1656 2058 ecclesiae
1686 2019 1784 2056 soret

340 2069 597 2109 necessarius?
651 2072 862 2111 vocabulum
899 2074 1089 2112 obscurum
1126 2077 1163 2113 et
1197 2075 1342 2113 difficile
1375 2075 1500 2124 paucis
1533 2076 1669 2114 enodat
1700 2073 1782 2112 Leo

339 2126 606 2164 Grammaticus
626 2127 664 2166 in
685 2127 905 2179 Theophila.
960 2124 1110 2181 φιάλην
1143 2130 1290 2179 (forsan
1309 2126 1476 2181 φιάλιν)
1505 2129 1548 2171 ἐν
1580 2124 1613 2185 ᾧ
1634 2129 1783 2183 γίνεται

340 2178 386 2221 to*
420 2181 718 2235 σαξιμοδέξιμον
744 2180 979 2237 λεγόμενον,
1020 2188 1102 2225 τῶν
1127 2186 1263 2226 ἵππων
1289 2182 1526 2239 ἀμφοτέρων
1551 2188 1631 2226 τῶν
1649 2187 1782 2238 μεροῖν

339 2236 602 2289 διερχομένων
625 2236 721 2290 μετά
743 2242 901 2292 χρυσῶν
918 2237 1180 2294 σαγισμάτων.
1234 2247 1359 2295 partes
1379 2244 1502 2292 itaque
1522 2244 1560 2281 in
1581 2242 1688 2280 Circo
1715 2243 1782 2280 de-

338 2297 564 2343 certaturae,
608 2295 664 2334 vel
685 2297 963 2347 praecedentem
980 2297 1235 2349 imperatorem
1253 2298 1371 2345 (facta
1398 2300 1507 2337 toties
1537 2299 1573 2336 in
1599 2297 1780 2335 historicis

339 2348 535 2388 decantata
554 2347 782 2402 προελεύσει
796 2353 873 2391 sive
889 2349 1070 2408 προόδῳ,
1098 2354 1167 2393 hoc
1183 2358 1242 2393 est
1263 2367 1343 2393 cnm
1363 2354 1513 2394 solemni
1526 2366 1674 2405 pompa,
1693 2365 1781 2404 pro-

340 2406 472 2453 cessu)
507 2407 743 2447 comitaturae
770 2409 810 2447 in
837 2410 1128 2450 Saximodeximo
1162 2414 1278 2449 tectos
1311 2410 1429 2450 aureis
1463 2409 1630 2459 stragulis
1663 2421 1778 2459 equos

340 2461 592 2512 ostentabant,
623 2467 663 2502 et
691 2476 737 2502 eo
764 2465 949 2514 digressae
974 2467 1216 2516 capessebant
1243 2468 1348 2504 viam.
1403 2466 1501 2504 locus
1516 2467 1639 2504 forsan
1654 2465 1706 2502 ita
1722 2465 1778 2502 di-

340 2517 439 2563 ctus,
469 2519 568 2566 ‘1¹¹⁰‘i
598 2523 697 2558 esset
724 2518 871 2568 εἶ’σαξις
901 2516 1043 2572 δήμων
1078 2520 1317 2573 δεξομένων,
1338 2524 1520 2572 partiam
1533 2520 1680 2572 populi
1700 2521 1778 2557 im-

332 2578 554 2618 peratorem
575 2582 872 2625 excepturarztm
886 2577 1133 2615 introductio.
1194 2578 1330 2618 GOAR.

447 2637 500 2675 ib.
536 2652 570 2678 v.
597 2644 663 2682 12.
717 2642 774 2689 εἰς
796 2640 840 2683 td
865 2642 1012 2696 Πετρὶν
1039 2643 1270 2696 ἐκκλησίαν]
1304 2646 1352 2684 ad
1369 2646 1590 2684 destructam
1606 2654 1777 2695 compen-

339 2692 505 2733 sandam.
561 2697 731 2749 Πετρίον
745 2699 888 2751 saepius
908 2700 947 2738 in
960 2699 1031 2739 hoc
1051 2713 1162 2752 opere
1183 2706 1422 2753 nuncupatur.
1477 2701 1610 2738 Gom,

447 2759 501 2797 ib.
533 2773 568 2799 v.
597 2764 662 2803 19.
717 2762 932 2819 στρατηγός
961 2768 1044 2806 τῶν
1077 2763 1322 2807 ἀνατολικῶν
1354 2779 1475 2806 comes
1514 2767 1673 2805 Orientis
1706 2768 1776 2813 est,

335 2810 384 2851 de
404 2825 478 2864 quo
504 2815 646 2857 Notitia
673 2819 839 2873 Imperii,
881 2819 1092 2876 στρατηγός
1111 2824 1184 2875 τῆς
1201 2819 1383 2869 Ἑλλάδος
1402 2823 1594 2875 proconsul
1618 2821 1774 2860 Achaiae
