1916 3210
319 177 417 226 568
788 173 1026 220 GEORGII
1057 173 1300 220 GEDRENI

317 294 392 335 τοῦ
418 288 597 344 ἠπείγετο
626 288 693 331 καὶ
723 286 825 344 πρὸς
849 286 945 338 τοὺς
970 291 1243 342 πολεμοῦντας
1265 284 1416 338 Ἰνδοὺς
1442 288 1764 344 διαγωνίσασθαι

318 359 409 414 μετ’
435 356 580 399 αὐτῶν.
645 356 799 398 ἐκείνων
815 355 862 397 δὲ
876 355 1160 410 ἐξαιτουμένων
1179 356 1235 405 εἷς
1251 354 1324 409 τὴν
1341 353 1494 398 ἑαυτῶν
1509 353 1765 414 ὑποστρέψαι

320 427 654 480 συγχωρηθῆναι,
688 423 899 477 ἀνεθείσης
925 423 1060 474 αὗτοΐς
1083 427 1156 478 τῆς
1180 423 1223 465 ἑν
1242 426 1294 480 τῇ
1311 420 1470 482 γεφύρᾳ
1488 426 1672 480 φυλακῆς
1687 426 1764 468 τοῦ

315 491 545 549 Ἀράξιδος,
581 490 734 547 ἐπείπερ
761 492 904 542 ἐκεῖνος
932 491 1096 534 ἐνέκειτο
1114 492 1195 534 καὶ
1220 492 1315 545 βίαν
1334 488 1766 547 ἔπενεγκεῖνιέβοῦλετυ,

324 561 521 609 δείσαντες
544 552 654 601 οὗτοι
674 559 732 614 μὴ
753 561 820 602 καὶ
838 558 1007 604 πάθωσί
1021 577 1061 604 τι
1081 557 1231 611 δεινόν,
1261 559 1544 603 ἀποστατοῦσι.
1607 560 1677 602 καὶ
1692 559 1800 615 τὴνῦ

323 629 578 684 Καρβωνΐτιν
601 624 819 678 ὑποδύντες
845 626 995 685 ἔρημον
1023 627 1092 671 διὰ
1120 627 1167 670 τὸ
1197 626 1255 682 μὴ
1288 631 1458 684 θαρρεΐν
1485 626 1643 683 ὀλίγους
1667 625 1770 685 πρὸς
1804 671 1807 674 ,

322 693 522 744 τοσαύτας
552 694 957 752 ἀντιπαρατάξασθαι
981 694 1204 754 μυριάδας,
1239 696 1390 738 ἐκεῖθεν
1408 694 1609 752 ἐκδρομὰς
1628 692 1770 737 notoni-

323 780 436 818 μενοι
461 760 605 820 ἐδῄουν
630 765 698 806 καὶ
722 763 865 821 ἔφερον
885 764 935 807 τὰ
958 767 1218 822 Σαρακηνῶν.
1285 761 1636 818 δυσανασχετήσας
1655 757 1728 806 οὖν
1746 759 1771 806 ὅ

325 833 588 886 ΖΙῙουχοῦμετ·
606 831 670 874 ἐπὶ
696 838 780 882 τοῖς
807 832 1047 888 γινομένοις,
1081 831 1254 890 στρατὸν
1284 831 1483 888 ἀθροίσας
1509 830 1615 888 ἀμφὶ
1638 830 1716 881 τὰς·
1733 827 1771 874 κ’

187 909 216 944 Ρ
238 910 306 945 768
323 898 510 955 χιλιάδας
541 900 726 954 ἐκπέμπει
754 900 857 943 κατὰ
884 904 965 944 τῶν
991 899 1206 958 Τοῦρκων,
1247 898 1462 954 ἐπιστήσας
1501 899 1637 949 αὗτοῖς
1675 898 1773 942 δέκα
1783 903 1828 942 10

327 967 574 1025 στρατηγοὺς
603 967 682 1010 ἀπὸ
711 972 792 1011 τῶν
823 966 1108 1025 εὐγενεστάτω
1131 969 1198 1011 καὶ
1222 966 1502 1010 συνετωτάτων
1527 968 1594 1010 καὶ
1613 966 1678 1010 ἐπ’
1701 965 1776 1009 ἇν-

330 1037 422 1096 δρίᾳ
438 1036 805 1094 ,μεμαρτυρημένων
822 1040 1083 1094 Σαρακηνῶν.
1150 1035 1317 1093 ἄραντες
1336 1030 1405 1078 οὖν
1425 1029 1534 1078 οὗτοι
1550 1032 1775 1092 ἀπήρχοντο

327 1104 429 1161 πρὸς
449 1103 518 1146 τὸν
539 1102 726 1159 πόλεμον.
793 1107 860 1148 καὶ
884 1107 1076 1148 εῗσελθεῒν
1096 1104 1169 1159 μὲν
1190 1105 1245 1154 εἷς
1264 1103 1339 1159 τὴν
1358 1103 1506 1160 ἔρημον
1528 1102 1598 1146 διὰ
1615 1102 1686 1158 τὴν
1702 1105 1778 1146 τοῦ

327 1171 477 1222 ὕδατος
508 1174 574 1214 καὶ
603 1177 682 1216 τῶν
711 1177 876 1230 τροφῶν
902 1172 1053 1216 ἔνδειαν
1080 1172 1304 1222 ἀλυσιτελὲς
1332 1171 1573 1228 ἐλογίζοντο,
1617 1169 1778 1227 ἔγγιστα

331 1240 376 1283 δὲ
404 1243 477 1283 τοῦ
499 1238 698 1295 στόματος
725 1245 798 1295 τῆς
821 1238 972 1299 ἐρήμου
997 1238 1406 1298 στρατοπεδεύσαντες
1427 1241 1705 1282 διεσκοποῦντο
1727 1238 1774 1281 τὸ
1787 1242 1833 1278 15

331 1308 528 1363 ποιητέον.
560 1358 566 1366 Ι
595 1307 617 1351 ὃ
653 1309 696 1351 δὲ
728 1311 1012 1367 Ταγγρολίπηξ
1032 1310 1072 1360 ἒς
1093 1308 1138 1352 τὸ
1159 1306 1294 1363 βάθος
1315 1305 1570 1363 αὐλιζόμενος
1590 1310 1663 1362 τῆς
1681 1304 1779 1363 ἰρή-

331 1393 434 1430 μου,
462 1377 617 1434 ἐπείπερ
644 1376 772 1431 ἔμαθε
796 1378 868 1433 τὴν
884 1378 976 1421 κατ’
999 1377 1124 1420 αὐτοῦ
1142 1377 1395 1434 ἐκστρατείαν
1402 1407 1416 1428 ,
1445 1373 1467 1418 ὃ
1487 1378 1566 1418 τῶν
1585 1372 1780 1428 Τοῦρκων

333 1442 527 1500 ἀρχηγός,
561 1443 939 1501 κοινολογησάμενος
956 1452 1039 1496 τοΐς
1059 1444 1148 1500 μετ’
1176 1445 1301 1487 αὐτοῦ
1318 1446 1384 1486 καὶ
1403 1443 1622 1487 ἐπιθέσθαι
1638 1441 1782 1494 νυκτὸς

331 1518 415 1562 τοῖς
434 1514 684 1569 Σαρακηνοΐς
704 1516 771 1556 καὶ
788 1514 971 1570 Πέρσαις
991 1512 1197 1570 συμφέρον
1221 1511 1316 1554 εἶναι
1334 1512 1522 1566 νομίσας,
1555 1511 1782 1570 ταχυπορίᾳ

329 1578 583 1635 χρησάμενος
611 1581 652 1623 ἓν
680 1583 794 1624 δυσὶν
821 1580 989 1639 ἡμέραις
1017 1582 1237 1623 ἐπιτίθεται
1263 1584 1314 1637 τῇ
1338 1581 1451 1637 τρίτῃ
1479 1578 1620 1629 νυκτὸς
1646 1579 1837 1628 αὖτοῖςὶθ

284 1651 314 1686 Β
340 1648 565 1704 ἀμερίμνως
596 1649 875 1704 σκηνουμένοις
904 1651 971 1692 καὶ
1001 1649 1128 1704 μηδὲν
1155 1648 1484 1704 προσδεχομένοις
1513 1645 1649 1690 κακόν.
1713 1648 1784 1689 καὶ

333 1714 501 1766 τούτους
519 1716 592 1770 μὲν
613 1720 765 1760 θᾶττον
783 1718 965 1775 τρέπεται
985 1715 1127 1772 λόγου,
1156 1715 1276 1766 αὐτὸς
1294 1716 1338 1758 δὲ
1356 1713 1546 1773 ἁρμάτων
1567 1716 1634 1757 καὶ
1649 1714 1785 1757 ἰ’ππων

336 1785 401 1826 καὶ
421 1782 643 1842 χρημάτων
664 1783 875 1843 κυριεύσας
895 1789 1053 1828 πολλῶν
1078 1784 1207 1827 οὐκέτι
1230 1783 1369 1827 λοιπὸν
1391 1781 1446 1835 ὥς
1468 1782 1600 1841 φυγὰς
1621 1783 1688 1826 καὶ
1710 1786 1786 1840 λῃ-

428 1923 452 1958 4
475 1920 687 1968 ἐβουλεύετο
712 1925 743 1960 C
894 1927 936 1961 13
957 1923 1026 1969 τὴν
1048 1923 1183 1960 σπάνιν
1204 1923 1273 1959 τοῦ
1297 1924 1327 1959 C
1478 1924 1522 1962 15
1543 1935 1717 1970 στρατοπ.
1738 1944 1786 1951 -

430 1971 474 2004 16
496 1968 632 2014 ἐρήμου
656 1983 708 2005 om
732 1971 841 2005 codex
862 1971 1038 2016 Xylandri
1141 1972 1182 2006 16
1204 1969 1447 2016 τραγγολίπηξ
1469 1971 1500 2006 C
1601 1973 1644 2006 17
1663 1968 1687 2006 α’
1709 1971 1786 2005 τῶν

431 2014 606 2061 Τούρκων
629 2013 790 2061 ἀρχηγός
811 2028 865 2052 om
888 2018 918 2052 C
1054 2018 1097 2053 19
1118 2017 1346 2061 ταχυπορίαν
1371 2017 1402 2051 C
1545 2017 1591 2053 22
1614 2016 1731 2052 ἵππου
1753 2017 1786 2052 G

341 2150 421 2184 sus,
459 2139 597 2174 eosdem
631 2139 768 2175 Turcos
799 2140 911 2176 voluit
941 2142 1046 2176 etiam
1077 2141 1116 2176 in
1145 2151 1293 2187 pugnam
1317 2142 1439 2174 contra
1459 2138 1583 2186 Indos,
1615 2150 1637 2174 a
1662 2139 1788 2186 quibus

341 2187 628 2231 oppugnabatur,
663 2186 732 2220 sibi
765 2187 899 2221 adesse.
946 2199 1090 2233 cumque
1123 2186 1319 2233 petentibus
1350 2190 1390 2220 ut
1418 2185 1552 2221 domum
1581 2185 1650 2221 sibi
1670 2186 1790 2221 redire

342 2230 465 2265 liceret
487 2235 523 2266 et
543 2232 752 2286 Praesidium
778 2234 821 2266 ab
847 2234 972 2268 Araxis
995 2239 1101 2279 ponte
1124 2234 1372 2274 abduceretur,
1405 2231 1475 2265 vim
1503 2231 1606 2266 etiam
1635 2231 1789 2267 intenta-

342 2282 417 2319 ret,
452 2277 561 2310 Turcl
584 2278 689 2312 veriti
712 2279 842 2313 maiora
867 2279 1021 2323 pericula
1043 2281 1087 2314 ab
1112 2291 1153 2313 eo
1175 2280 1393 2321 defecerunt,
1419 2282 1455 2311 et
1475 2276 1513 2312 in
1530 2277 1791 2312 Carbonitidem

343 2321 562 2356 solitudinem
585 2324 720 2369 (neque
745 2325 831 2358 enim
853 2329 923 2358 tam
946 2325 1049 2370 pauci
1069 2325 1234 2359 adversus
1254 2329 1322 2357 tam
1345 2322 1449 2357 multa
1465 2324 1665 2369 depugnare
1681 2324 1791 2358 aude-

342 2368 428 2401 bant
455 2368 571 2412 milia)
605 2381 644 2405 se
676 2371 927 2415 subduxerunt,
961 2371 1111 2415 indeque
1140 2369 1328 2404 identidem
1355 2374 1574 2414 erumpentes
1596 2369 1792 2403 Saraceno-

343 2424 418 2447 rum
444 2413 614 2448 dicionem
637 2416 792 2460 populati
815 2421 907 2450 sunt.
953 2416 1168 2462 iniquissime
1189 2416 1225 2450 id
1246 2416 1363 2450 ferens
1385 2415 1644 2459 Muchumetus,
1679 2415 1724 2449 ad
1745 2416 1793 2450 20

343 2458 515 2493 hominum
548 2459 642 2495 milia
676 2461 856 2496 adversum
889 2462 1026 2497 Turcos
1059 2462 1182 2506 mittit,
1218 2461 1335 2495 decem
1366 2459 1598 2495 nobilissimos
1620 2463 1793 2505 notaeque

343 2504 560 2540 fortitudinis
584 2517 625 2540 ac
648 2507 851 2552 prudentiae
874 2507 978 2542 duces
1002 2508 1195 2542 Saracenos
1227 2506 1393 2542 exercitui
1421 2505 1639 2550 praeficiens.
1687 2505 1724 2539 hi
1747 2505 1793 2540 nd

345 2548 470 2583 bellum
500 2551 666 2596 profecti,
700 2552 833 2588 intrare
862 2553 900 2588 in
929 2555 1101 2589 desertum
1126 2555 1169 2588 ob
1193 2564 1303 2598 aquae
1326 2557 1361 2586 et
1383 2551 1618 2585 alimentorum
1640 2551 1793 2597 inopiam

346 2594 539 2630 iudicantes
572 2597 840 2642 incommodum,
875 2600 1032 2645 proxime
1064 2600 1193 2634 aditum
1223 2597 1418 2633 solitudinis
1441 2597 1633 2631 'rurcorum
1657 2598 1726 2632 dux
1748 2597 1794 2631 de

347 2640 499 2676 adventu
530 2643 779 2679 Saracenorum
808 2646 922 2680 factus
945 2645 1093 2690 certior,
1125 2657 1165 2679 re
1187 2656 1262 2679 cum
1285 2644 1356 2678 suis
1378 2643 1645 2687 communicata,
1677 2641 1794 2677 subito

349 2686 480 2721 adoriri
502 2688 694 2723 Saracenos
718 2701 759 2724 ac
781 2690 908 2725 Persas
931 2691 1071 2734 statuit3
1105 2691 1279 2735 biduoque
1306 2689 1438 2733 magnis
1467 2688 1634 2723 confectis
1655 2687 1794 2733 spatiis,

349 2732 454 2766 tertia
485 2738 586 2767 nocte
609 2746 669 2769 eos
691 2747 813 2770 secure
836 2736 872 2770 in
895 2734 1055 2771 tentoriis
1087 2740 1230 2781 agentes
1259 2734 1414 2779 nihilque
1444 2733 1524 2768 mali
1555 2737 1796 2779 exspectantes

350 2776 484 2812 invadit
515 2783 619 2823 atque
648 2780 742 2823 illico
776 2782 951 2828 prpfligat.
997 2781 1049 2816 ibi
1083 2782 1240 2816 curribus
1274 2780 1372 2825 equis
1402 2779 1618 2825 pecuniaque
1650 2778 1796 2830 plurima

350 2823 503 2868 pot-itus,
534 2835 602 2861 nou
629 2825 696 2860 iam
719 2831 758 2862 ut
781 2827 949 2872 fugitivus
970 2827 1152 2863 latrocinia
1175 2837 1359 2871 exercere,
1391 2826 1453 2862 sed
1475 2825 1588 2872 palam
1612 2824 1796 2864 exindem
