1890 3236
279 218 379 265 230
752 213 990 260 GEORGII
1014 210 1262 260 CEDRENI
1288 245 1291 248 >

280 336 431 390 φυγῆς,
464 328 620 372 κάκεῖσε
640 326 904 385 ἀναιρεθῆναι
923 324 1023 370 ὅθεν
1043 325 1101 382 δὴ
1120 327 1187 371 καὶ
1208 325 1466 386 πεφεύγασιν.
1503 326 1511 335 ’
1532 329 1568 374 ὃ»
1584 331 1639 388 δὴ
1663 334 1732 376 καὶ

277 400 432 456 γέγονε,
467 399 534 440 καὶ
565 396 962 451 ἀνεσκολοπίσθησαν
987 395 1025 438 οἶ
1051 394 1086 438 λ’
1110 399 1339 454 Σαρακηνοὶ
1362 395 1418 448 ὥς
1441 399 1731 453 δῆθενυοῖιλειμ

278 465 486 510 ποτάκται.
550 466 618 507 καὶ
659 462 790 522 φόβος
827 463 976 520 ἐγένετο
1011 463 1138 520 μέγας
1167 467 1222 516 εἷς
1249 463 1382 508 πάντα
1411 465 1483 509 τὸν
1507 464 1730 521 Ῥωμαὶέιόν

277 533 440 585 στόλον,
474 533 541 575 καὶ
573 536 707 575 πᾶσαν
737 533 940 587 μαλακίαν
972 531 1171 576 ἀπέθεντο
1198 534 1266 575 καὶ
1296 531 1481 591 τρυφήν,
1521 537 1589 578 καὶ
1617 534 1731 592 ἀῖγετν

138 611 166 646 Ρ
182 590 258 647 ’583
276 601 427 656 ταχέως
444 599 544 655 πρὸς
561 600 656 651 τούς
673 601 887 655 πολεμίους
904 598 1155 658 παρεκάλουν
1172 601 1243 644 τὸν
1257 599 1451 658 ἡγεμόνα,
1514 603 1558 646 ἓν
1573 602 1764 655 τούτὸὶςδ

274 671 320 713 δὲ
347 671 413 712 καὶ
446 668 568 720 αὐτὸς
592 669 638 711 τὸ
669 673 803 712 λεῖπον
829 674 902 725 τῆς
921 671 1131 726 στρατείας
1151 670 1231 712 ἀπὸ
1252 674 1332 713 τῶν
1353 671 1397 713 ἐκ
1416 669 1730 727 Πελοποννήσου
1787 687 1790 690 ’

273 741 529 794 στρατιωτῶν
546 735 863 794 ἀναπληρώσας,
890 739 957 780 καὶ
975 738 1045 781 τὸν
1063 738 1289 795 στρατηγὸν
1307 743 1378 782 τοῦ
1398 736 1523 782 τόπου
1540 739 1732 797 συνεργὸν

272 804 622 864 προσλαβόμενος,
657 806 758 863 πρὸς
776 805 955 848 ἐπίθεσιν
977 806 1254 863 εὖτρεπίζεται.
1319 811 1402 850 τῶν
1419 807 1465 850 δὲ
1482 809 1731 864 Σαρακηνῶν

246 896 248 898 ·
271 875 628 932 κατωφρυωμένων
648 874 727 929 ’ἤδη
748 875 815 916 καὶ
835 874 987 930 πολλὴν
1006 876 1156 918 ὸέιλίαν
1175 873 1451 930 καταγνόντων
1469 880 1542 918 τοῦ
1555 874 1730 930 Ῥωμαϊ-

272 947 344 986 κοῦ
368 941 514 986 στόλου
535 942 603 985 διὰ
623 943 696 997 τὴν
718 940 900 1000 πρόσθεν
917 941 1083 1001 ἀργίαν,
1113 945 1180 986 καὶ
1203 944 1268 986 ἐπ’
1292 943 1430 994 ἀδείας
1449 947 1601 1000 πολλῆς
1618 945 1728 1002 ἒξερ-
1741 953 1786 989 10

268 1011 452 1067 χομένων
480 1011 559 1054 ἀπὸ
587 1015 668 1054 τῶν
695 1011 849 1054 οἶκείων
870 1014 970 1054 νεῶν
991 1013 1058 1054 καὶ
1080 1011 1131 1055 τὰ
1150 1013 1448 1069 προσπίπτοντα
1472 1013 1730 1068 ληϊζομὲνων,

273 1080 464 1137 ἐξαίφνης
490 1080 658 1134 πλησίον
686 1079 819 1122 αὒτῶν
844 1076 974 1139 ἓφᾷνη
1003 1077 1026 1122 ὅ
1055 1083 1136 1123 τῶν
1160 1078 1369 1134 Ῥωμαίων
1395 1078 1619 1135 ναύαρχος,
1661 1082 1729 1124 καὶ

271 1145 467 1202 σύνθημα
494 1146 591 1198 δοὺς
617 1147 838 1190 ἐπιτίθεται
861 1154 946 1198 τοῖς
972 1149 1175 1202 πολεμίοις
1201 1147 1439 1204 ἀπροόπτως
1465 1149 1507 1191 ἓν
1529 1153 1583 1206 τῇ
1605 1150 1729 1192 νυκτί.

271 1216 339 1257 καὶ
374 1213 475 1271 μήτε
515 1221 708 1272 συστῆναι
738 1213 841 1271 μήτε
870 1215 973 1273 πρὸς
1004 1215 1132 1271 ἀλκὴν
1162 1220 1361 1273 τραπῆναι
1391 1213 1554 1270 σχόντες
1586 1217 1728 1274 καιρὸν

220 1290 251 1326 Β
273 1283 425 1334 ἀκλεῶς
445 1282 772 1341 ἀπεσφάττοντο,
806 1285 873 1326 καὶ
893 1284 936 1326 αἶ
953 1287 1045 1339 νῆες
1063 1286 1158 1342 πυρὶ
1174 1283 1278 1339 μετὰ
1298 1288 1378 1327 τῶν
1397 1285 1598 1339 ἐπιβατῶν
1618 1301 1724 1342 παρ-
1737 1293 1782 1328 15

272 1353 464 1395 εδίὸοντο.
530 1353 604 1403 τὰς
623 1353 667 1395 δὲ
684 1354 912 1410 ληφθείσας
927 1353 1073 1403 ἀσινεῖς
1090 1351 1224 1407 ὥσπερ
1244 1350 1434 1408 ἀνάθεμά
1451 1370 1490 1395 τι
1509 1351 1531 1395 ὁ
1551 1369 1727 1410 στρατη-

268 1420 342 1477 γὸς
364 1417 516 1477 Νάσαρ
542 1422 682 1464 δίδωσι
711 1426 768 1480 τῷ
798 1425 907 1480 θεῷ,
940 1425 992 1479 τῇ
1017 1421 1121 1464 κατὰ
1144 1418 1358 1476 Μεθώνην
1385 1421 1574 1480 ἐκκλησία
1601 1421 1728 1472 αὐτὰς

268 1487 632 1546 ἀποχαρισάμενος.
700 1488 746 1532 ὃν
769 1489 833 1531 ἐπὶ
857 1495 941 1539 τοῖς
962 1489 1252 1546 πεπραγμένοις
1269 1489 1478 1539 ἐπαινέσας
1497 1487 1518 1531 ὃ
1535 1490 1728 1543 βασιλεὺς

269 1557 512 1614 προσωτέρω
536 1564 682 1615 χωρεῖν
714 1554 924 1600 ἐκελεύετο.
990 1557 1054 1599 ἐπὶ
1082 1564 1167 1608 τοῖς
1190 1558 1400 1615 προτέροις
1427 1551 1500 1599 οὖν
1527 1555 1726 1614 προτερή-

268 1640 372 1679 μασι
401 1623 617 1681 προθύμου
647 1631 720 1669 τοῦ
748 1630 925 1683 στρατοῦ
955 1623 1242 1683 τυγχάνοντος,
1289 1627 1592 1682 διαπεραιοῦται
1623 1625 1782 1682 πρὸς20

269 1692 476 1745 Σικελίαν,
509 1695 577 1736 καὶ
594 1694 667 1745 τὰς
685 1695 863 1738 ἐνταῦθα
882 1691 1038 1746 πόλεις,
1067 1693 1160 1737 ὅσαι
1178 1700 1262 1744 τοῖς
1280 1695 1576 1750 Καρχηδονίοις
1593 1691 1727 1750 ὑπῆρ-

267 1777 343 1814 χον
367 1758 590 1818 ὖπόφοροι,
627 1762 749 1805 ἐπιὼν
777 1760 943 1819 ἐπόρθει
969 1764 1038 1805 καὶ
1065 1762 1380 1820 κατεστρέφετο,
1414 1762 1481 1804 καὶ
1513 1765 1727 1819 φορτηγῶν

270 1833 370 1871 νεῶν
397 1833 643 1884 παμπολλῶν
672 1828 907 1887 ἐκράτησεν,
943 1825 997 1873 ὧν
1018 1828 1040 1873 ὃ
1065 1828 1217 1887 φόρτος
1240 1830 1346 1872 ἄλλα
1367 1846 1408 1873 τε
1431 1823 1481 1884 ἦν
1499 1828 1631 1871 πολλὰ
1648 1833 1728 1872 τῶν

220 1903 253 1939 C
275 1897 517 1955 τιμιωτέρων
544 1899 611 1942 καὶ
639 1899 691 1955 δὴ
724 1900 791 1942 καὶ
821 1897 955 1941 ἔλαιον
983 1898 1170 1954 δαψιλές.
1236 1899 1278 1949 ἐς
1308 1901 1500 1942 τοσοῦτον
1527 1897 1576 1941 δέ
1602 1914 1728 1956 φασιν

360 2027 382 2062 5
405 2024 496 2068 τέως
518 2027 549 2063 C
685 2028 729 2064 10
750 2025 918 2073 ἀγγελίαν
939 2027 970 2064 C

269 2137 347 2183 quis
379 2138 548 2185 fuissent,
583 2145 688 2186 atque
715 2141 796 2176 istic
826 2141 918 2177 unde
949 2141 1188 2189 profugissent
1210 2141 1360 2176 interfici
1383 2140 1498 2176 iussit.
1545 2152 1630 2186 ergo
1659 2139 1722 2176 de-

268 2189 439 2219 sertorum
460 2185 537 2220 loco
568 2186 605 2220 in
637 2187 733 2232 palos
753 2188 889 2224 suffixis
914 2187 950 2222 in
972 2188 1214 2233 Peloponneso
1236 2187 1382 2233 triginta
1403 2187 1482 2222 istis
1504 2185 1724 2232 sarracenis,

268 2229 443 2265 Romanos
465 2231 659 2266 classiarios
684 2245 801 2268 omnes
823 2233 946 2279 ingens
970 2240 1080 2269 metus
1101 2233 1267 2275 incessit;
1304 2233 1466 2278 omnique
1493 2232 1636 2267 mollitie
1658 2244 1723 2267 ex-

268 2286 369 2309 cussa
388 2277 479 2311 ultro
502 2278 623 2312 ducem
646 2281 794 2314 orabant
816 2285 852 2313 ut
874 2291 914 2313 se
936 2279 973 2313 in
995 2280 1114 2314 hostes
1131 2279 1288 2313 duceret.
1337 2278 1483 2324 proinde
1499 2278 1616 2313 Nasar
1633 2277 1723 2312 clas-

267 2320 449 2357 siariorum
472 2322 562 2358 lecto
586 2335 629 2358 ex
652 2324 816 2360 militibus
838 2324 1142 2370 Peloponnesiacis
1164 2324 1424 2370 supplemento,
1446 2329 1483 2359 et
1499 2324 1560 2369 qni
1577 2323 1629 2358 ibi
1646 2328 1724 2358 erat

268 2368 447 2410 praesecto
478 2368 514 2403 in
544 2369 706 2404 auxilium
739 2370 895 2415 adscito,
933 2371 978 2405 ad
1009 2382 1082 2405 rem
1113 2372 1297 2415 gerendam
1318 2381 1358 2404 se
1379 2375 1493 2415 parat.
1540 2370 1608 2404 iam
1639 2368 1723 2403 elati

264 2411 390 2446 animis
411 2414 597 2449 Sarraceni
620 2417 663 2449 ob
686 2415 914 2451 cessationem
935 2421 1169 2461 antegressum
1189 2415 1354 2451 Romanis
1374 2426 1536 2449 summam
1554 2414 1722 2449 timidita-

267 2461 337 2490 tem
360 2458 597 2505 imputabant,
621 2461 760 2507 ipsique
778 2471 902 2496 secure
925 2474 944 2496 e
968 2463 1116 2497 navibus
1138 2461 1210 2496 suis
1231 2460 1364 2506 egressi
1386 2460 1544 2506 proxima
1562 2470 1723 2505 quaeque

267 2501 590 2550 depraedabantur,
623 2519 698 2541 cum
729 2507 845 2541 subito
877 2507 995 2542 classis
1025 2508 1202 2541 Romanae
1227 2508 1298 2541 dux
1328 2518 1389 2540 eos
1409 2510 1613 2540 consecutus
1635 2503 1721 2539 nihil

268 2547 339 2582 tale
373 2557 616 2594 exspectantes
648 2564 712 2598 per
741 2559 877 2587 noctem
904 2554 985 2587 dato
1015 2552 1116 2597 signo
1148 2552 1296 2587 invadit.
1348 2551 1399 2586 ita
1429 2561 1542 2596 neque
1573 2549 1722 2584 coeundi

269 2604 384 2637 neque
403 2595 590 2630 resistendi
614 2603 749 2643 tempus
773 2609 972 2632 concessum
992 2597 1172 2643 barbaris,
1205 2598 1300 2643 iique
1324 2595 1472 2641 ingloria
1494 2607 1580 2630 nece
1603 2596 1720 2640 perie-

267 2645 368 2683 runt,
402 2642 546 2675 navibus
570 2642 721 2687 ipsorum
745 2655 813 2678 una
836 2655 910 2677 cum
934 2645 1136 2678 vectoribus
1158 2643 1358 2678 combustis.
1403 2653 1493 2686 quae
1515 2646 1722 2686 supererant

268 2694 400 2729 naves,
432 2698 492 2720 eas
516 2688 631 2721 Nasar
654 2689 754 2733 quasi
779 2689 958 2724 donarium
982 2691 1049 2723 deo
1072 2690 1196 2732 offert,
1218 2687 1449 2723 Methonaeae
1472 2685 1637 2721 dedicans
1660 2699 1719 2720 ee-

267 2729 409 2766 clesiae.
456 2732 644 2778 imperator
685 2746 762 2768 eum
800 2734 1026 2769 collaudatum
1066 2745 1213 2780 pergere
1248 2733 1358 2767 iubet.
1405 2731 1511 2766 alacri
1550 2743 1634 2776 ergo
1675 2732 1720 2765 ob

266 2778 400 2819 partam
438 2777 620 2812 victoriam
657 2779 813 2814 exercitu
851 2780 887 2813 in
925 2780 1079 2814 Siciliam
1114 2779 1247 2814 traiicit
1285 2779 1422 2820 Nasar,
1470 2782 1506 2811 et
1543 2788 1632 2822 quae
1668 2776 1720 2811 ibi

267 2821 602 2867 Carthaginensibus
651 2831 752 2860 erant
797 2824 1045 2870 stipendiariae
1094 2826 1221 2868 urbes,
1269 2823 1453 2868 populatur
1503 2827 1608 2868 atque
1656 2833 1720 2856 va-

267 2873 350 2903 stat.
397 2869 520 2905 multas
552 2869 656 2906 etiam
696 2881 804 2905 naves
837 2870 1017 2906 onerarias
1047 2871 1179 2916 capit,
1205 2880 1295 2915 quae
1325 2880 1402 2904 cum
1434 2867 1520 2904 alias
1548 2867 1720 2914 pretiosas
