1916 3210
320 183 418 230 510
791 178 1026 227 GEORGII
1052 177 1295 224 GEDRENI

455 294 630 351 Μιχαὴλ
648 292 693 338 δὲ
712 292 734 337 ὅ
753 293 946 349 βασιλεὺς
961 289 1041 336 ῧπό
1060 309 1103 336 τε
1123 295 1196 348 τῆς
1214 291 1423 348 δαιμονίας
1443 289 1564 338 νόσον
1581 289 1767 352 εἰργόμε-

322 382 411 417 νος,
445 367 510 407 καὶ
533 363 664 413 ἄλλως
682 362 784 419 πρὸς
797 363 1074 419 μεταχείρησιν
1095 358 1342 419 πραγμάτων
1360 359 1601 419 νωθρόςτις
1618 361 1676 407 ὢν
1696 362 1766 405 καὶ

322 430 493 487 ἀμβλύς,
527 434 662 485 σχῆμα
679 431 752 484 μέν
770 428 847 485 εἶχε
867 434 940 485 τῆς
959 430 1166 483 βασιλείας
1184 431 1250 472 καὶ
1271 427 1414 484 ὄνομα,
1445 426 1472 483 ἦ
1495 428 1540 472 δὲ
1557 432 1639 473 τῶν
1656 446 1766 487 πρα-

320 498 483 557 γμάτων
513 498 686 555 ἐνέργεια
717 497 858 541 ἅπασα
888 501 1100 540 πολιτικῶν
1130 514 1172 540 τε
1193 499 1261 540 καὶ
1288 499 1582 555 στρατιωτικῶν
1607 496 1652 540 ἓν
1676 503 1767 548 ‘tuis'

318 569 455 624 χερσὶν
471 562 519 622 ἦν
537 570 610 609 τοῦ
626 563 836 609 Ἰωάννου.
876 565 1003 616 εὐθὺς
1019 560 1090 608 οὖν
1107 566 1394 623 προχειρίζεται
1414 564 1486 608 τὸν
1504 563 1631 608 αὗτοῦ
1644 563 1766 610 ἀδελ·
1777 570 1800 606 5

272 652 303 686 c
327 635 406 693 φόν
426 632 608 689 Νικήταν
636 635 762 677 δοῦκα
785 634 1044 688 Ἀντιοχείας,
1091 632 1137 676 ὃν
1163 631 1395 677 ἀπελθόντα
1420 635 1614 676 εἰσελθεῖν
1639 633 1770 690 έκττῇ
1805 671 1808 674 ,

324 701 436 745 πόλει
466 703 513 744 οὗ
547 700 828 759 συνεχώρησαν
855 702 894 744 οἶ
922 702 1151 756 Ἀντιοχεῖς·
1185 702 1263 759 πρὸ
1284 705 1431 759 μικροῦ
1450 701 1528 758 γὰρ
1550 697 1773 759 φορολόγδς

324 789 406 822 τις,
441 771 621 824 Σαλίβας
646 770 720 825 τὴν
747 771 1032 828 προσηγορίαν,
1071 769 1124 813 τὰ
1144 770 1236 813 κατ’
1267 769 1414 820 αὐτοὺς
1443 767 1773 827 ἐπιτετραμμένος

325 840 394 882 καὶ
419 838 578 895 βαρέως
602 844 685 889 τοΐς
708 837 942 896 ἀνθρώποις
969 838 1325 896 προσενηνεγμένος
1354 838 1544 882 κτείνεται
1569 835 1683 894 παρὰ
1700 839 1775 880 τοῦ

328 905 457 962 δήμου
473 911 552 949 τῶν
566 906 810 962 Ἀντιοχέων.
878 906 947 950 διὰ
965 911 1060 963 γοῦν
1077 906 1147 950 τὸν
1161 904 1306 950 τούτου
1325 904 1463 964 φόνον,
1488 907 1556 948 ἵνα
1571 903 1630 961 μή
1646 922 1687 960 ,τι
1705 905 1770 948 καὶ
1784 909 1829 946 10

327 973 543 1030 ἀνήκεστον
570 971 774 1028 πάθωσιν,
819 974 859 1017 οἷ
881 974 1110 1029 ’Λντιοχεῖς
1143 973 1316 1026 δεδιότες
1348 973 1586 1017 ἀπέκλεισαν
1611 975 1670 1032 τῷ
1693 976 1777 1017 Νι·-

327 1041 432 1102 κήτᾳ
451 1043 524 1098 τὴν
544 1042 712 1086 εἴσοδον.
780 1041 914 1100 ὅρκοις
933 1044 976 1086 δὲ
999 1041 1142 1087 τούτου
1162 1042 1466 1097 πιστωσαμένου
1494 1039 1550 1093 ὥς
1577 1040 1777 1097 ἀμνηστία

328 1115 463 1154 κακῶν
484 1111 619 1162 αὐτοῖς
638 1110 767 1155 ἔσεται
788 1113 854 1154 καὶ
878 1111 993 1155 οὖδέν
1014 1111 1145 1162 οὐδεὶς
1163 1113 1339 1155 πείσεται
1365 1109 1488 1168 ἄχαρι
1515 1109 1583 1153 διὰ
1610 1109 1680 1153 τὸν
1702 1112 1778 1153 τοῦ

330 1181 489 1233 Σαλιβα
512 1178 648 1236 φόνον,
682 1184 934 1237 συγχωροῦσι
954 1179 1028 1235 τὴν
1048 1179 1218 1223 εἴσοδον.
1284 1177 1307 1222 ὅ
1330 1179 1373 1222 δὲ
1394 1183 1467 1233 τῆς
1493 1176 1646 1229 πόλεως
1671 1177 1778 1222 ἔπει-

330 1247 530 1302 λημμένος
555 1249 620 1290 καὶ
649 1246 788 1304 κύριος
811 1252 892 1291 τῶν
920 1245 1167 1306 πραγμάτων
1193 1244 1421 1304 γενόμενος,
1461 1246 1575 1303 ὀλίγα
1603 1244 1630 1301 ἢ
1659 1244 1777 1289 οῦδὲν
1790 1246 1834 1283 15

278 1325 309 1359 D
333 1320 412 1359 τῶν
429 1314 559 1373 ὅρκων
578 1318 818 1373 φροντίσας,
852 1316 960 1374 ἀμφὶ
978 1317 1052 1372 μὲν
1075 1316 1170 1367 τοὺς
1196 1315 1347 1373 ἄνδρας
1377 1313 1413 1374 ρ’
1435 1314 1656 1358 ἀπέκτεινεν
1676 1313 1780 1357 ἄπο-

329 1381 460 1438 τεμών
478 1401 520 1427 τε
543 1385 609 1426 καὶ
629 1383 951 1435 ἀνασκολοπίσας
958 1415 973 1437 ,
1008 1386 1146 1428 ἕνδεκα
1165 1384 1209 1427 δὲ
1228 1384 1322 1435 τοὺς
1339 1381 1589 1441 προῦχοντας
1606 1379 1787 1435 gauzo&

328 1468 424 1502 τους
452 1451 604 1509 ἄνδρας
632 1454 699 1495 καὶ
727 1452 827 1508 γένει
856 1459 1086 1510 περιφανεῖς
1115 1451 1340 1508 δημεύσας,
1375 1445 1430 1494 ὧν
1451 1444 1740 1508 κορυφαῖοςῆν
1759 1447 1784 1494 ὅ

330 1520 539 1577 πατρίκιος
555 1520 778 1572 Ἔλπίδιος,
815 1522 1002 1575 δεσμίους
1026 1520 1213 1573 ἐκπέμπει
1231 1520 1335 1576 πρὸς
1352 1519 1398 1562 τὸ
1417 1517 1652 1571 Βυζάντιον,
1679 1516 1783 1575 γρά-
1803 1571 1805 1573 ¹

329 1599 419 1643 ’ψας
441 1593 496 1646 τῷ
517 1588 680 1646 ἀδελφῷ
707 1586 879 1644 Ἰωάννῃ
901 1589 959 1643 μὴ
984 1589 1053 1630 διὰ
1071 1588 1141 1631 τὸν
1159 1592 1233 1631 τοῦ
1252 1589 1411 1641 Σαλίβα
1442 1585 1566 1644 φόνον
1589 1587 1839 1641 κωλυθῆ-ῧῠ

330 1673 399 1699 ναι
420 1656 529 1714 αὐτῷ
552 1655 626 1710 τὴν
647 1659 704 1707 εἷς
721 1655 795 1710 τὴν
814 1655 929 1699 πόλιν
948 1656 1117 1711 εἴσοδον,
1151 1655 1256 1698 ἀλλὰ
1276 1656 1344 1698 διὰ
1361 1655 1433 1710 τὴν
1453 1655 1508 1705 εἲς
1525 1654 1595 1698 τὸν
1609 1654 1784 1697 Auzem-

331 1724 454 1779 σηνὸν
484 1722 651 1767 εὔνοιαν.
718 1728 837 1766 τοῦτο
875 1728 947 1779 τῆς
982 1723 1323 1781 προαποκειμένης
1358 1721 1550 1773 ὗπονοίας
1578 1721 1683 1766 κατὰ
1712 1725 1786 1765 τοῦ

333 1791 608 1847 Δαλασσηνοῦ
635 1796 694 1850 τῷ
731 1790 904 1849 Ἰωάννῃ
936 1790 1118 1849 ζώπυρον
1144 1790 1310 1848 ἐγεγόνει
1334 1793 1401 1834 καὶ
1427 1792 1484 1842 εἰς
1508 1790 1662 1847 πυρσὸν
1685 1788 1788 1845 ἀνή-

335 1876 469 1904 πτετο.
535 1860 603 1903 καὶ
625 1859 751 1911 εὐθὺς
768 1859 905 1918 ἄγεται
927 1861 984 1911 εἷς
1000 1860 1070 1903 τὸν
1094 1860 1289 1916 βασιλέα,
1326 1860 1394 1903 καὶ
1421 1858 1523 1903 κατὰ
1549 1858 1624 1915 τὴν
1650 1859 1787 1916 τρίτην

429 1967 448 2002 1
475 1965 670 2010 δαιμονίου
693 1965 725 2001 C
814 1965 839 2002 4
859 1963 1028 2012 πολιτική
1050 1977 1090 2002 τε
1112 1965 1175 2003 καὶ
1197 1944 1435 2012 στρατιωτικὴ
1452 1966 1483 2001 C
1571 1966 1596 2001 9
1616 1963 1787 2011 ἐπενηνε,

428 2011 559 2057 γμένος
582 2013 613 2047 C
749 2013 792 2048 18
814 2011 1013 2057 δεσμεύσας
1036 2013 1066 2048 C
1201 2014 1247 2050 24
1270 2012 1317 2048 τὰ
1341 2013 1505 2059 βασίλεια
1528 2010 1560 2047 C

431 2102 596 2139 Ceterum
619 2102 790 2138 Michaelo
822 2108 859 2139 et
890 2115 912 2139 a
942 2103 1030 2139 malo
1053 2104 1220 2140 daemone
1240 2103 1406 2139 infestato
1428 2107 1464 2138 et
1485 2100 1638 2148 alioquin
1660 2100 1789 2147 ignavo

341 2159 464 2184 nomen
489 2155 526 2184 et
550 2150 663 2194 figura
685 2148 905 2194 imperatoris
927 2150 1090 2195 aderant,
1125 2161 1239 2184 rerum
1262 2150 1415 2184 civilium
1437 2148 1704 2193 bellicamque
1726 2146 1790 2182 ad·-

340 2194 547 2237 ministratio
580 2195 690 2229 omnis
720 2194 758 2229 in
788 2206 889 2230 manu
919 2201 996 2230 erat
1026 2195 1181 2231 Ioannis.
1228 2195 1285 2230 hic
1314 2195 1430 2230 statim
1452 2195 1615 2230 Nicetam
1645 2194 1791 2228 fratrem

342 2251 440 2276 suum
470 2240 683 2276 Antiocheae
717 2240 838 2275 ducem
867 2241 1047 2286 designat3
1078 2253 1178 2287 quem
1211 2242 1254 2276 ad
1289 2253 1329 2276 se
1360 2240 1556 2277 venientem
1583 2237 1792 2274 Antiocheni

342 2297 412 2320 non
433 2286 645 2321 admiserunt
665 2287 702 2321 in
726 2288 857 2331 urbem,
894 2293 1085 2323 metuentes
1108 2299 1152 2322 ne
1172 2287 1203 2322 is
1223 2287 1259 2321 in
1282 2287 1378 2333 ipsos
1400 2285 1543 2333 gravius
1565 2283 1695 2330 aliquid
1716 2288 1792 2319 sta·

339 2336 476 2376 tueret,
509 2333 604 2377 quod
632 2332 733 2378 paulo
767 2338 848 2367 ante
870 2333 1008 2368 Salibas
1030 2333 1168 2379 quidam
1186 2332 1353 2368 tributum
1377 2333 1517 2377 exigere
1538 2331 1583 2366 ab
1605 2329 1694 2376 ipsis
1716 2328 1791 2364 ius-

341 2388 399 2411 sus
413 2404 423 2421 ‚
458 2388 533 2412 cum
557 2378 716 2423 asperius
738 2377 894 2413 homines
912 2383 1098 2423 tractaret,
1130 2390 1151 2413 a
1174 2378 1300 2425 populo
1324 2379 1440 2414 fuerat
1461 2377 1680 2412 interfectus.
1727 2385 1792 2410 ve-

341 2422 433 2457 niam
464 2428 578 2458 tamen
608 2423 684 2458 eius
717 2424 803 2458 facti
834 2424 1138 2470 impunitatemque
1168 2424 1391 2459 iureiurando
1425 2423 1542 2458 addito
1578 2418 1794 2468 promittenti

340 2474 461 2513 portas
486 2474 708 2514 aperuerunt.
756 2470 900 2504 Nicetas
923 2470 1090 2505 admissus
1120 2474 1156 2504 et
1178 2471 1265 2504 urbe
1285 2469 1442 2524 potitus,
1480 2468 1566 2504 nibil
1590 2471 1651 2502 aut
1670 2476 1793 2521 purum

342 2514 455 2548 datam
478 2526 602 2550 curans
627 2515 750 2560 fidem,
777 2515 873 2550 viros
897 2515 1037 2551 circiter
1060 2520 1195 2550 centum
1218 2515 1390 2561 capitibus
1412 2512 1589 2549 truncavit
1611 2518 1648 2548 et
1668 2523 1706 2546 ιιι
1728 2522 1794 2556 pa-

341 2558 395 2592 los
419 2560 573 2604 suffixit3
610 2561 767 2596 undecim
789 2573 893 2607 porro
915 2561 1012 2596 viros
1035 2561 1219 2607 primarios
1242 2567 1279 2596 et
1300 2560 1580 2607 opulentissimos
1603 2569 1646 2594 ac
1665 2567 1795 2602 genere

343 2603 516 2649 illustres,
553 2617 695 2651 quorum
719 2606 882 2653 princeps
904 2607 1067 2653 Elpidius
1092 2606 1281 2653 patricius,
1325 2606 1425 2641 bonis
1459 2616 1579 2641 eorum
1610 2600 1794 2649 publicatis

344 2648 480 2685 vinctos
504 2651 710 2695 Byzantium
733 2653 847 2694 misit;
881 2652 1091 2698 scripsitque
1112 2652 1235 2687 Ioanni
1264 2652 1367 2687 fratri
1396 2663 1467 2686 non
1496 2652 1540 2685 ob
1563 2649 1703 2685 caedem
1724 2647 1794 2682 Sa-

344 2694 457 2738 libne,
501 2698 565 2732 sed
595 2698 639 2732 ob
674 2698 951 2733 benevolentiam
983 2699 1022 2732 in
1043 2698 1288 2742 Dahssenum,
1323 2697 1420 2732 urbis
1442 2697 1602 2742 ingressu
1623 2706 1663 2730 se
1686 2691 1796 2728 fuisse

345 2739 568 2792 prohibitum.
615 2742 682 2777 hoc
713 2743 781 2778 iam
812 2750 894 2779 ante
924 2750 1123 2790 conceptam
1152 2744 1197 2778 de
1218 2743 1408 2779 Dalasseno
1433 2741 1663 2788 suspicionem
1685 2736 1797 2772 veluti

346 2785 529 2821 scintillam
562 2789 732 2833 quandam
763 2789 911 2834 sopitam
943 2790 1111 2825 excitavit
1133 2789 1315 2834 ignemque
1337 2788 1528 2824 succendit.
1574 2785 1667 2820 illico
1689 2782 1798 2827 igitur

346 2829 554 2867 Delassenus
578 2834 622 2869 ad
644 2835 888 2881 imperatorem
911 2835 1105 2880 adducitur,
1139 2840 1177 2872 et
1200 2834 1308 2871 tertia
1330 2834 1388 2870 die
1408 2831 1576 2880 Augusti,
1607 2828 1798 2866 indictione
