1916 3210
160 647 189 680 P
210 644 281 682 ⁴744

316 182 414 230 524
792 181 1031 227 GEORGII
1060 183 1300 228 CEDRENI

313 298 449 347 δοντες
479 288 552 339 οὖν
583 291 622 338 οἳ
656 296 847 350 νησιῶται
873 295 978 350 μηδὲ
1004 292 1186 350 ζιῦπυρον
1213 293 1510 354 ὑπολειφθῆναι
1533 296 1767 356 Ῥωμαϊκῆς

313 364 520 418 δυνάμεως
539 362 773 418 ἓμφωλεῦον
793 366 844 420 τῇ
862 362 973 421 νήσῳ
982 394 996 415 ,
1029 363 1161 407 πάντα
1179 365 1250 407 τὸν
1269 363 1393 408 ὅπλον
1415 370 1572 422 κινῆσαι
1589 366 1762 424 δυνάμε-

310 450 379 475 νον
401 431 665 487 ἀθροίσαντες
683 432 750 472 καὶ
771 431 1026 486 συμμαχικὸν
1047 432 1120 475 οὐκ
1138 432 1271 489 ὀλίγον
1289 434 1601 492 Καρχηδονίων,
1636 436 1766 481 οἰπιελψΥ

310 499 456 549 θόντες
482 499 524 540 ἐν
543 496 719 555 Μεσήνῃ
747 499 821 554 τὴν
846 498 963 542 πόλιν
988 502 1315 558 περιεστοίχισαν.
1381 506 1453 545 τοῦ
1474 503 1518 545 δὲ
1537 504 1764 558 κλείσαντος

310 568 386 618 τὰς
407 565 537 616 πύλας
558 567 620 607 ἐπὶ
646 572 752 623 τρεῒς
769 565 924 626 ἥμέρας
943 570 1009 612 καὶ
1023 569 1179 624 μηδένα
1199 571 1413 627 προπηδᾶν
1434 572 1578 622 ἐῶντος
1594 576 1666 628 τῆς
1684 570 1794 617 τοί-5

314 652 436 693 φρου,
466 633 572 676 ἀλλὰ
600 633 764 691 δόκησιν
791 637 941 687 δειλίας
969 636 1290 694 παρεσχηκότος,
1323 637 1702 698 καταφρονήσαντες
1718 640 1764 690 οἱ
1816 690 1819 693 ,

310 704 541 760 Σαρακηνοὶ
563 702 691 754 ἀδεῶς
708 719 750 747 τε
770 702 1051 749 ἐσκεδάννυντο
1072 708 1139 748 καὶ
1158 705 1314 764 νύκτωρ
1336 709 1404 750 καὶ
1423 707 1526 762 μεθ’
1546 707 1704 767 ἡμέραν
1721 709 1765 753 ἐν

308 771 446 822 πότοις
463 773 532 814 καὶ
549 771 687 822 αὐλοῖς
703 773 772 814 καὶ
792 771 1017 828 κυμβάλοις
1033 769 1151 829 ἦσαν,
1179 773 1236 826 ὥς
1254 773 1360 830 τάχα
1377 780 1452 832 τῆς
1466 774 1619 828 πόλεως
1632 778 1674 828 ἐς
1689 776 1765 833 τὴν

311 840 451 896 αὔριον
470 837 695 896 μελλούσης
714 838 960 885 ἁλώσεσθαι.
1029 841 1161 904 ἡμέρᾳ
1183 844 1228 886 δὲ
1246 842 1440 901 τετάρτῃ,
1479 844 1582 887 καθ’
1599 842 1772 902 &mid-.-

308 913 444 963 θαμεν
474 909 641 951 ἐκτελεῖν
667 909 742 964 τὴν
771 908 1051 966 πεντηκοστήν,
1095 910 1350 967 κατανοήσας
1369 911 1390 955 ὅ
1412 912 1670 968 Κεκαυμένος
1687 913 1761 970 τὴν
1773 919 1820 958 10

308 977 499 1032 ἀμέλειαν
515 978 583 1019 καὶ
603 976 811 1037 ῥᾳθυμίαν
827 983 908 1021 τῶν
926 982 1189 1037 Σαρακηνῶν,
1230 981 1298 1023 καὶ
1318 979 1379 1024 ὅτι
1405 982 1447 1025 ἓν
1470 985 1601 1040 πολλῇ
1620 983 1763 1040 ἀμερι-

306 1047 406 1106 μνίᾳ
435 1043 642 1100 διάγουσιν
668 1046 813 1089 οὐδένα
843 1045 964 1104 λόγον
992 1053 1073 1091 τῶν
1101 1048 1211 1100 ε’ντὸς
1241 1052 1315 1092 τοῦ
1345 1050 1500 1104 τείχους
1518 1049 1765 1106 ποιούμενοι,

308 1114 381 1155 τὸν
400 1112 547 1156 ἑαυτοῦ
565 1113 889 1172 παραθαρρύνας
908 1116 1008 1159 λαὸν
1032 1118 1100 1159 καὶ
1121 1116 1195 1172 τὴν
1221 1115 1467 1172 ἀναίμακτον
1488 1125 1572 1170 τοῖς
1586 1119 1767 1177 ἱερεῦσιν

308 1182 528 1225 ἐπιτελέσαι
548 1181 738 1234 κελεύσας
757 1185 922 1236 θυσίαν,
955 1186 1021 1227 καὶ
1044 1189 1125 1228 τῶν
1145 1186 1270 1228 θείων
1289 1184 1376 1240 ἅμα
1394 1191 1494 1230 πᾶσι
1511 1186 1766 1243 μετεσχηκὼς

306 1251 549 1308 μυστηρίων,
584 1253 675 1308 περὶ
700 1251 811 1308 ὥραν
830 1253 994 1309 ἀρίστου
1011 1253 1086 1304 τὰς
1103 1258 1174 1309 τῆς
1192 1251 1347 1306 πόλεως
1361 1253 1492 1306 πύλας
1508 1254 1819 1309 ἆναπετάσαςιό

255 1325 285 1360 Β
312 1318 608 1377 προσρήγνυται
630 1320 734 1374 μετὰ
760 1323 948 1377 μεγίστης
977 1320 1108 1379 ῥύμης
1134 1328 1219 1373 τοῖς
1248 1323 1438 1374 ἐναντίοις
1465 1322 1668 1377 μεθύουσι
1693 1325 1764 1368 καὶ

308 1391 623 1444 καρηβαροῦσιν,
659 1387 781 1438 αὐτὸς
809 1395 967 1447 πρῶτος
993 1390 1096 1445 μετὰ
1113 1395 1193 1433 τῶν
1215 1391 1291 1433 σὺν
1314 1392 1424 1450 αὐτῷ
1441 1393 1504 1434 ἐπὶ
1521 1392 1596 1448 τὴν
1614 1392 1768 1448 σκηνὴν

306 1454 628 1510 ἐξιππασάμενος
653 1456 892 1515 Ἀπολάφαρ
923 1462 996 1500 τοῦ
1026 1463 1098 1514 τῆς
1122 1458 1247 1514 νήσου
1273 1458 1481 1516 ἄρχοντος.
1555 1462 1623 1504 καὶ
1646 1454 1769 1511 οὗτος

307 1524 381 1579 μὲν
401 1524 527 1575 εὐθὺς
545 1524 785 1582 ἀναιρεῖται,
820 1526 1084 1583 ἀκροσφαλὴς
1103 1525 1182 1570 ὑπὸ
1203 1527 1338 1582 μέθης
1356 1526 1563 1585 ὑπάρχων,
1592 1528 1763 1587 διαρρή-

304 1609 446 1649 γνυται
466 1593 511 1635 δὲ
529 1594 598 1635 καὶ
621 1591 647 1646 ἡ
666 1593 791 1636 αὐτοῦ
811 1592 956 1648 σκηνή·
994 1593 1156 1638 ἔπιπτον
1175 1595 1219 1637 δὲ
1237 1597 1303 1637 καὶ
1325 1595 1363 1637 οἱ
1383 1595 1499 1639 ἄλλοι
1519 1601 1600 1641 τῶν
1616 1601 1820 1654 §apa-20

305 1665 438 1716 κηνῶν
458 1660 561 1704 κατὰ
580 1660 653 1711 τὰς
673 1663 843 1719 σωρειάς
861 1660 940 1703 ὗπὸ
959 1663 1093 1718 μέθης
1111 1662 1382 1720 σφαλλόμενοι
1390 1695 1404 1716 ,
1437 1666 1504 1707 καὶ
1525 1669 1584 1724 τῷ
1604 1666 1762 1723 ἀπροσ-

308 1727 465 1788 δοκήτῳ
483 1733 556 1784 τῆς
571 1729 789 1781 ἐπιθέσεως
806 1730 907 1785 μηδ’
927 1729 1032 1782 ὅλως
1053 1731 1155 1789 πρὸς
1171 1731 1298 1787 ἀλκὴν
1315 1730 1548 1788 ἀποβλέψαι
1569 1733 1763 1789 ἰσχύσαν-

307 1814 386 1848 τες.
452 1798 599 1854 γίνεται
627 1792 699 1842 οὖν
725 1798 853 1856 τροπὴ
876 1797 971 1841 ὅλου
991 1804 1063 1842 τοῦ
1087 1800 1381 1857 στρατοπέδου,
1414 1806 1494 1844 τῶν
1512 1804 1764 1859 Σαρακηνῶν

307 1863 385 1909 ὑπ’
415 1865 600 1922 ἀλλήλων
627 1867 969 1922 συμπατουμένων
989 1869 1056 1910 καὶ
1077 1868 1387 1926 ἀναιρουμένων,
1421 1867 1479 1921 ὥς
1494 1873 1762 1929 πληρωθῆναι

400 1974 422 2009 8
432 1970 576 2019 πότοις]
587 1971 724 2017 μέθαις
734 1974 765 2009 C
813 1975 857 2011 10
863 1972 1200 2022 μεσοπεντηκοστὴν
1210 1976 1241 2012 C
1285 1977 1331 2014 23
1340 1977 1500 2023 Σαρακ.]
1510 1978 1721 2024 στρατηγῶν
1730 1979 1763 2014 Ρ

303 2077 382 2101 rum
404 2064 442 2099 in
466 2076 508 2099 ea
529 2064 642 2100 insula
664 2064 863 2110 relinquere
885 2066 1157 2113 delitescentem,
1181 2067 1337 2104 omnibus
1359 2068 1420 2114 qui
1441 2080 1538 2104 arma
1558 2069 1655 2114 ferre
1675 2081 1762 2116 pos-

307 2118 387 2147 sent
410 2110 578 2155 collectis,
612 2117 649 2146 et
669 2112 806 2147 auxiliis
827 2112 1154 2158 Carthaginensium
1178 2114 1270 2149 haud
1291 2115 1446 2160 exiguis,
1477 2116 1674 2151 Messanam
1697 2118 1763 2152 ob-

305 2159 435 2192 sident.
482 2169 544 2203 per
567 2157 720 2192 triduum
744 2164 863 2204 portas
884 2158 1017 2194 clausas
1038 2160 1150 2195 tenuit
1167 2161 1344 2206 Catacalo,
1358 2172 1479 2206 neque
1500 2161 1603 2196 ullum
1625 2173 1763 2199 suorum

304 2202 429 2248 egredi
452 2214 576 2248 passus
601 2208 676 2238 est:
710 2216 822 2250 eoque
843 2204 1040 2240 timiditatis
1060 2206 1256 2251 opinionem
1280 2207 1324 2241 de
1345 2218 1384 2242 se
1405 2207 1444 2242 in
1467 2207 1590 2243 animis
1612 2207 1766 2244 hostium

304 2248 488 2286 excitavit.
535 2261 619 2295 ergo
644 2249 811 2285 Saraceni
832 2262 955 2286 secure
978 2251 1153 2298 palabant,
1181 2265 1223 2287 ac
1245 2253 1320 2288 dies
1345 2258 1535 2299 noctesque
1557 2253 1640 2288 vino
1661 2254 1764 2290 fistu-

304 2295 348 2329 lis
373 2301 409 2329 et
432 2295 600 2338 cymbalis
618 2297 811 2341 vacabant,
847 2296 968 2332 itidem
1000 2298 1157 2343 proxime
1190 2299 1397 2344 insequente
1430 2299 1489 2334 die
1519 2310 1559 2334 se
1589 2299 1767 2345 potituros

301 2343 392 2376 urbe
415 2346 610 2386 sperantes.
657 2348 784 2387 quarta
805 2342 876 2387 die,
906 2354 976 2389 qua
998 2344 1043 2378 (le
1065 2355 1161 2379 more
1183 2350 1385 2391 pentecoste
1402 2345 1610 2390 celebratur,
1633 2345 1764 2381 Ambu-

303 2393 378 2422 stus
402 2387 624 2422 securitatem
647 2393 685 2422 et
706 2389 900 2423 socordiam
925 2390 1176 2425 Saracenorum
1200 2391 1432 2435 considerans,
1457 2396 1564 2437 utque
1586 2391 1614 2425 ii
1637 2391 1765 2427 nullam

305 2444 424 2468 eorum
445 2443 533 2478 quos
554 2434 764 2469 obsederant
784 2435 954 2470 rationem
979 2436 1158 2482 ducerent,
1181 2448 1319 2471 suorum
1342 2437 1473 2472 animos
1496 2436 1656 2473 oratione
1677 2449 1765 2473 con-

303 2478 470 2514 firmavit.
517 2480 749 2526 mandatoque
779 2482 1020 2516 sacerdotibus
1051 2487 1092 2518 ut
1119 2494 1192 2517 rem
1214 2495 1347 2518 sacram
1368 2483 1543 2528 facerent,
1580 2487 1763 2529 postquam

304 2525 384 2569 ipse
420 2535 496 2560 cum
525 2526 699 2561 universis
729 2527 927 2572 impertitus
955 2532 1010 2563 est
1042 2529 1273 2564 sacrosanctis
1296 2529 1491 2574 mysteriis,
1524 2529 1620 2564 circa
1642 2529 1763 2564 horam

305 2570 446 2616 prandii
468 2571 600 2617 apertis
625 2572 723 2608 urbis
746 2572 859 2619 portis
881 2573 919 2607 in
942 2574 1060 2609 hostes
1082 2586 1212 2610 summo
1237 2586 1312 2609 cum
1339 2574 1471 2620 impetu
1490 2574 1614 2620 irruit,
1645 2574 1765 2611 ebrios

306 2620 343 2649 et
364 2617 504 2661 crapula
528 2624 707 2662 gravatos.
753 2619 831 2664 ipse
854 2620 1040 2655 Ambustus
1065 2621 1230 2667 princeps
1253 2632 1328 2655 cum
1350 2621 1423 2655 suis
1447 2631 1554 2666 eques
1578 2620 1623 2655 ad
1645 2625 1764 2656 tento-

306 2662 396 2695 rium
418 2663 649 2709 Apolapharis
671 2664 807 2700 insulae
830 2665 1002 2709 praefecti
1023 2666 1157 2711 tendit,
1195 2678 1271 2701 eum
1298 2678 1342 2701 ue
1371 2666 1454 2701 vino
1484 2671 1620 2712 captum
1643 2666 1761 2702 statim

307 2707 522 2743 interficiunt
543 2710 798 2756 tentoriumque
816 2711 998 2756 diripiunt.
1044 2712 1107 2747 sed
1129 2717 1165 2747 et
1186 2724 1285 2747 cumu
1298 2713 1380 2747 atim
1399 2713 1528 2748 cadunt
1544 2712 1669 2758 reliqui
1691 2712 1759 2746 Sa-

306 2753 439 2796 raceni,
463 2761 499 2788 et
522 2756 565 2789 ob
590 2756 795 2792 ebrietatem
817 2757 1007 2792 titubantes
1031 2763 1067 2793 et
1088 2759 1133 2793 ob
1156 2758 1378 2804 improvisam
1399 2769 1471 2793 rem
1491 2759 1536 2793 de
1556 2757 1774 2793 defensione.

307 2797 393 2832 nihil
409 2800 615 2843 cogitantes.
642 2801 751 2847 igitur
773 2802 858 2838 totis
881 2804 1005 2838 castris
1027 2804 1173 2850 fugitur,
1197 2805 1340 2839 ducibus
1363 2805 1616 2839 Saracenorum
1638 2814 1678 2838 se
1701 2803 1758 2837 in-

305 2843 415 2881 vicem
440 2846 677 2883 obterentibus
700 2853 806 2896 atque
833 2848 1144 2896 interficientibus,
1175 2854 1212 2887 et
1235 2861 1375 2897 campus
1403 2849 1634 2890 cadaveribus
1656 2849 1757 2885 obte-
