1890 3236
291 227 352 273 12
758 229 994 273 GEORGII
1021 227 1261 277 CEDRENI

236 344 268 378 C
291 343 393 400 ξηρᾷ
402 373 415 393 ,
451 343 517 383 καὶ
537 343 842 399 πεζοπορεΐσθαι
857 340 1033 400 ὕπερθεν
1049 349 1121 387 τοῦ
1138 343 1283 403 κρύους
1300 345 1412 405 παρά
1429 366 1472 391 τε
1498 346 1725 408 ἀνθρώπων

287 411 355 451 καὶ
375 407 485 466 ζῴων
502 408 661 466 ἡμέρων
681 427 723 453 τε
743 412 809 453 καὶ
828 411 975 470 ἀγρίων
992 413 1038 456 τὸ
1059 413 1241 470 πέλαγος,
1262 415 1341 457 ἀπό
1362 433 1403 459 τε
1423 420 1589 472 Ζικχίας
1607 419 1726 478 μέχρι

284 477 530 530 Δανούβεως
553 480 619 520 καὶ
646 483 718 520 τοῦ
737 478 886 537 Κούφη
906 486 1090 535 ποταμοῦ
1107 486 1179 524 τοῦ
1194 481 1463 540 Δανάστρεώς
1483 503 1524 528 τε
1543 487 1610 528 καὶ
1631 487 1724 529 Λα-

282 544 463 601 νάπρεως
487 546 554 586 καὶ
579 549 659 588 τῶν
681 547 951 604 Νεκροπύλων
979 551 1046 591 καὶ
1075 554 1148 604 τῆς
1177 554 1317 605 λοιπῆς
1349 552 1472 608 ἀκτῆς
1494 554 1610 610 μέχρι
1629 557 1724 597 Με-

282 614 485 670 σημβρίας
512 615 578 655 καὶ
607 617 809 669 ΖΚΙηδειάς.
889 621 946 674 τῷ
977 618 1020 659 δὲ
1045 620 1310 676 Φεβρουαρίῳ
1332 621 1426 674 μηνὶ
1450 626 1520 662 τοῦ
1541 620 1757 666 τοιούτουδ

281 680 412 736 πάγου
431 682 534 723 κατὰ
554 683 730 725 κέλευσεν
754 687 855 726 θεοῦ
877 688 932 735 εἷς
955 689 1120 728 πλεῖστα
1140 686 1339 743 ὄρεοφανῆ
1360 686 1550 743 τμήματα
1574 692 1725 748 διαιρε-
1767 729 1770 732 ,

282 749 448 800 θέντος,
492 752 557 791 καὶ
578 755 629 807 τῇ
648 755 728 794 τῶν
747 752 901 805 ἀνέμων
922 754 994 812 βίᾳ
1012 754 1074 795 ἐπὶ
1092 754 1136 796 τὸ
1153 752 1276 811 Ἱερὸν
1296 757 1620 810 κατενεχθέντος,
1656 758 1725 800 διὰ

281 821 354 859 τοῦ
386 821 525 859 στενοῦ
551 818 612 860 ἐπὶ
644 819 716 874 τὴν
744 819 859 862 πόλιν
883 819 1075 878 ἔφθασεν,
1118 824 1183 864 καὶ
1213 823 1330 880 μέχρι
1356 829 1429 879 τῆς
1448 826 1727 881 Προποντίδος

282 886 449 927 καὶτῶν
466 883 598 939 νήσων
619 889 686 929 καὶ
710 887 885 942 Ἀβύδου
912 893 1047 932 πᾶσαν
1073 890 1146 944 τὴν
1171 893 1371 948 παραλίαν
1397 891 1646 948 ἐπλήρωσαν,
1683 894 1726 936 ἓν

284 951 345 1002 οἷς
363 952 513 1011 ὑπῆρχε
532 957 598 996 καὶ
620 957 701 1012 ζῷα
719 955 840 1013 ἄγριά
858 974 900 999 τε
917 959 983 999 καὶ
997 956 1127 1014 ἣμερα
1146 963 1361 1002 τεθνεῶτα.
1426 965 1506 1010 πᾶς
1524 962 1566 1003 δὲ
1587 960 1608 1004 ὅ
1623 966 1725 1015 βου·
1737 969 1781 1005 10

283 1020 450 1075 λόμενος
484 1023 561 1064 ἀπὸ
591 1026 804 1080 Σοφιανῶν
836 1025 910 1074 ἒ-’ως
938 1029 1010 1080 τῆς
1039 1024 1192 1077 πόλεως
1211 1029 1278 1069 καὶ
1301 1027 1380 1070 ἀπὸ
1401 1028 1727 1085 Χρυσουπόλεως

231 1106 262 1140 D
288 1089 361 1139 ἕως
381 1094 454 1132 τοῦ
475 1088 588 1146 ἁγίου
609 1090 840 1145 ΖΠάμαντος
858 1094 924 1134 καὶ
944 1098 1024 1136 τῶν
1043 1096 1238 1137 Γαλατῶν
1260 1094 1473 1147 ἀκωλύτως
1495 1095 1550 1147 ὧς
1570 1098 1631 1138 ἐπὶ
1653 1101 1726 1152 ξη-

284 1162 360 1213 ρᾶς
390 1155 585 1211 ἐβάδιζον.
650 1157 694 1201 ’ἐν
722 1161 767 1202 δὲ
796 1162 838 1211 ἐξ
870 1160 1002 1203 αὐτῶν
1028 1162 1267 1220 προσφάξαν
1295 1169 1345 1221 τῇ
1374 1169 1446 1219 τῆς
1474 1164 1728 1221 ἀκροπόλεως

283 1224 415 1284 σκάλᾳ
442 1225 676 1282 συνέτριψεν
706 1227 844 1282 αὐτήν.
912 1229 1044 1286 ἕτερον
1077 1231 1121 1272 δὲ
1153 1235 1211 1288 τῷ
1228 1232 1345 1286 τείχει
1365 1234 1589 1290 προσραγέν
1607 1237 1725 1276 τοῦτο

282 1292 466 1349 μεγάλως
482 1293 678 1349 ἐδόνησεν,
726 1294 780 1346 ὥς
801 1298 868 1338 καὶ
896 1297 990 1347 τοὺς
1019 1297 1184 1340 ἔνδοθεν
1208 1300 1415 1350 οἰκοῦντας
1436 1307 1726 1356 συμμετασχεῖν
1737 1309 1780 1345 15

283 1366 357 1403 τοῦ
378 1360 517 1404 σάλου.
586 1365 642 1414 εἷς
669 1365 759 1420 τρία
782 1364 824 1405 δὲ
843 1363 958 1421 ῥαγὲν
982 1365 1101 1417 ἕζωσε
1125 1365 1198 1420 τὴν
1217 1365 1331 1409 πόλιν
1350 1368 1428 1410 ἀπὸ
1448 1373 1527 1410 τῶν
1547 1368 1728 1424 Μαγγά-

282 1446 361 1471 νων
385 1429 459 1480 ἕως
478 1434 551 1472 τοῦ
568 1433 821 1488 Βοσποριόυ,
857 1427 905 1473 οἷ)
931 1433 1036 1483 τινὸς
1060 1433 1105 1475 τὸ
1135 1432 1244 1488 ὕψος
1271 1433 1451 1491 ὑπερεῖχε
1473 1440 1546 1490 τῆς
1562 1435 1728 1487 πόλεως.

281 1501 340 1554 τῷ
362 1498 406 1539 δὲ
424 1499 603 1556 Μαρτίῳ
624 1503 718 1555 μηνὶ
739 1501 901 1558 ἀστέρες
921 1499 1087 1559 ἀθρόως
1108 1502 1151 1543 ἐκ
1171 1507 1242 1543 τοῦ
1263 1502 1437 1559 οὐρανοῦ
1454 1502 1628 1556 ἔπιπτον,
1672 1503 1728 1554 ὥς

284 1567 407 1621 λέγειν
431 1565 583 1616 πάντας
602 1569 827 1611 συντέλειαν
853 1567 964 1610 εἶναι.
1030 1568 1184 1623 αὐχμός
1200 1587 1240 1612 τε
1261 1571 1385 1621 πολὺς
1403 1571 1556 1627 γέγονεν
1581 1570 1636 1623 ὡς
1655 1575 1728 1627 ’ξη-

140 1645 168 1678 Ρ
192 1645 258 1682 465
284 1639 485 1691 ρανθῆναι
501 1636 632 1690 πηγὰς
652 1638 718 1678 καὶ
734 1636 953 1692 ποταμούς.
1014 1636 1129 1679 ἅτινα
1145 1639 1304 1691 βλέπων
1323 1640 1389 1681 καὶ
1410 1638 1566 1682 ἀκούων
1588 1638 1609 1682 ὃ
1631 1639 1783 1687 dmi-20

282 1719 369 1752 σιος
395 1703 468 1745 οὐκ
489 1703 691 1760 ᾐσθάνετο
719 1703 916 1761 μάστιγας
941 1702 1038 1747 εἶναι
1055 1710 1125 1747 τοῦ
1147 1710 1249 1748 θεοῦ
1270 1706 1370 1762 πρὸς
1386 1707 1630 1765 ἐπιστροφὴν
1646 1713 1727 1751 τῶν

282 1769 466 1825 βεβήλων
490 1771 613 1815 αὐτοῦ
636 1775 701 1815 καὶ
725 1775 939 1828 αῗσχίστων
956 1772 1149 1830 πράξεων,
1185 1774 1278 1816 ἀλλ’
1305 1774 1464 1831 ἀγαγών
1482 1779 1638 1831 μᾶλλον
1657 1777 1727 1820 τὸν

283 1838 535 1898 πατριάρχην
556 1841 657 1898 λέγει
677 1842 787 1902 αὐτῷ
816 1840 888 1886 “τι’
903 1839 1010 1896 ἡμᾶς
1027 1841 1220 1897 βλάπτει,
1254 1843 1324 1886 ἐὰν
1343 1843 1516 1901 λέγωμεν
1535 1844 1608 1900 τὴν
1627 1848 1726 1887 θεο-

373 1955 594 1995 ΞθὸοιιιΡ

283 2073 345 2096 rae
368 2061 513 2106 aequale
534 2061 620 2106 fuit,
676 2062 873 2107 edestrique
895 2062 1015 2098 itineri
1035 2062 1207 2098 bominum
1229 2063 1378 2100 ferarum
1402 2075 1444 2099 ac
1464 2064 1727 2099 domesticorum

284 2107 477 2141 animalium
501 2107 629 2152 glacies
665 2120 760 2143 ocum
784 2109 892 2153 dedit,
919 2121 939 2143 a
962 2109 1084 2143 Zichia
1106 2121 1215 2154 usque
1237 2111 1282 2145 ad
1303 2110 1495 2145 Danubium
1518 2115 1555 2144 et
1572 2111 1727 2156 Cupham

283 2152 427 2187 fluvium
450 2165 492 2187 ac
512 2154 702 2188 Danastrin
725 2159 760 2188 et
776 2155 955 2200 Danaprin
981 2160 1016 2188 et
1036 2155 1236 2200 Necropyla
1258 2155 1495 2200 reliquumque
1517 2156 1598 2190 litus
1619 2167 1729 2200 usque

284 2199 329 2233 ad
351 2198 592 2233 Mesembriam
618 2205 655 2233 et
675 2199 857 2235 Moesiam.
902 2201 1096 2235 Februario
1120 2213 1236 2236 mense
1257 2201 1385 2245 glacies
1405 2201 1473 2235 ista
1494 2201 1554 2235 dei
1573 2201 1670 2235 iussu
1690 2201 1728 2235 in

283 2245 434 2290 plurima
453 2244 615 2279 montium
639 2245 763 2280 similia
785 2246 897 2281 frusta
920 2246 1101 2290 discessit,
1131 2258 1220 2291 quae
1250 2252 1430 2281 ventorum
1457 2247 1495 2281 vi
1517 2247 1560 2281 ad
1581 2246 1728 2282 Hierum

286 2291 420 2332 (fanum
443 2291 586 2334 Latine)
608 2291 720 2326 delata
742 2291 823 2326 inde
846 2304 910 2338 per
933 2291 1110 2337 angustias
1134 2292 1178 2326 ad
1210 2294 1329 2327 urbem
1359 2293 1592 2336 devenerunt,
1626 2291 1728 2327 litus-

284 2347 354 2379 que
378 2348 476 2370 omne
498 2337 541 2370 ad
558 2337 803 2383 Propontidem
825 2348 934 2383 usque
952 2344 988 2372 et
1005 2338 1163 2382 Abydum
1182 2343 1217 2372 et
1237 2337 1366 2372 insulas
1387 2339 1606 2372 obtexerunt.
1631 2341 1730 2372 erant

283 2381 329 2414 iis
351 2381 505 2417 immixta
527 2383 679 2417 ferarum
710 2389 746 2419 et
775 2382 924 2418 cicurum
958 2383 1152 2418 animalium
1174 2382 1355 2418 cadavera.
1400 2383 1528 2418 licebat
1554 2382 1664 2418 veluti
1691 2383 1729 2417 in

284 2433 379 2460 terra
411 2429 556 2471 pedibus
588 2428 657 2462 iter
679 2430 796 2464 facere
819 2440 839 2463 a
867 2429 1053 2474 sophianis
1075 2440 1185 2474 usque
1208 2430 1252 2463 ad
1275 2431 1392 2464 urbem
1416 2435 1453 2464 et
1475 2442 1496 2464 a
1519 2428 1728 2474 chrysopoli

284 2483 396 2516 usque
427 2473 470 2506 ad
502 2473 574 2506 divi
602 2473 785 2509 Mamantis
810 2480 846 2509 et
868 2475 1023 2509 Galatas.
1069 2486 1172 2509 unum
1194 2475 1239 2509 de
1261 2475 1315 2509 his
1338 2475 1460 2510 frustis
1483 2473 1614 2508 allisum
1637 2473 1728 2508 arcis

282 2517 397 2552 scalae
429 2530 502 2552 eam
533 2520 717 2564 confregit.
765 2521 857 2555 aliud
891 2532 986 2555 muro
1019 2520 1150 2554 allisum
1183 2521 1405 2555 vehementer
1435 2531 1509 2555 eum
1541 2519 1727 2564 concussit,

282 2562 514 2598 sentientibus
536 2569 717 2599 tremorem
741 2566 785 2600 iis
809 2566 913 2601 etiam
947 2566 1007 2611 qui
1038 2566 1130 2601 intus
1155 2566 1367 2601 habitabant.
1412 2565 1494 2599 inde
1513 2564 1550 2598 in
1573 2569 1645 2598 tres
1668 2575 1728 2598 ru-

282 2614 379 2654 ptum
404 2614 522 2655 partes
546 2611 665 2644 urbem
688 2611 818 2656 cinxit,
850 2624 871 2646 a
887 2611 1070 2656 Manganis
1094 2623 1205 2656 usque
1228 2613 1271 2646 ad
1292 2611 1516 2656 Bosporium‚
1549 2609 1730 2644 altitudine

283 2665 399 2688 muros
420 2666 599 2700 superans.
647 2656 774 2690 Martio
806 2669 924 2691 mense
955 2658 1136 2691 confertim
1170 2657 1289 2693 stellae
1320 2658 1364 2692 de
1394 2655 1488 2690 caelo
1519 2655 1729 2700 ceciderunt,

283 2700 335 2734 ita
364 2705 403 2734 ut
433 2700 536 2745 vulgo
569 2701 742 2735 diceretur
771 2703 851 2736 finis
883 2703 999 2736 mundi
1032 2702 1244 2748 appetiisse3
1276 2701 1482 2746 siccitasque
1503 2700 1572 2735 fuit
1593 2701 1728 2745 ingens,

283 2757 353 2790 qua
386 2749 423 2780 et
453 2747 567 2781 fontes
600 2753 635 2781 et
662 2747 804 2781 flumina
832 2754 1051 2783 exaruerunt.
1098 2759 1188 2793 quae
1218 2748 1343 2795 impius
1374 2747 1434 2781 ille
1456 2757 1600 2780 cernens
1624 2753 1728 2791 atque

284 2791 477 2836 inaudiens,
501 2804 569 2826 non
591 2793 701 2827 sensit
725 2805 745 2827 a
766 2794 831 2827 deo
855 2793 916 2827 bas
939 2792 1076 2827 immitti
1097 2794 1216 2838 plagas
1238 2793 1346 2839 ipsius
1370 2804 1391 2827 a
1413 2792 1568 2838 profanis
1593 2791 1727 2826 conati-

286 2838 351 2870 bus
375 2838 554 2872 avertendi
578 2839 702 2882 gratia.
749 2839 831 2884 quin
846 2838 913 2872 imo
938 2844 1096 2873 vocatum
1119 2840 1162 2873 ad
1186 2851 1225 2873 se
1272 2838 1477 2873 atri-archam
1498 2837 1729 2881 interrogavit

285 2879 435 2928 “ecquid
458 2884 536 2918 mali
559 2884 658 2919 nobis
682 2884 762 2920 inde
792 2884 878 2928 erit,
916 2884 946 2918 si
980 2895 1045 2930 pro
1074 2884 1216 2930 deipara
1271 2884 1489 2930 hristiparam
1512 2879 1729 2918 dicamus⁴3”
