1890 3236
271 185 365 235 148
741 181 980 231 GEORGII
1014 181 1261 226 GEDRENI

268 303 335 346 καὶ
368 305 441 356 τῆς
476 300 646 357 φυσικῆς
683 292 937 338 παντάπασιν
972 294 1169 352 ἐνεργείας
1204 293 1371 351 ἄμοιρα.
1438 292 1630 352 αῗσχόνης
1655 296 1721 341 ‘va

266 374 433 427 πρᾶγμα
451 367 546 416 τοὺς
563 362 828 421 χαιρεκάκους
849 363 1035 418 ἐνέπλησε
1055 365 1123 406 καὶ
1144 362 1239 414 τοὺς
1259 359 1537 421 συκοφάντας,
1573 363 1727 424 εὖφρο-

267 436 389 492 σύνης
416 438 441 478 δ
447 435 460 451 ²
495 433 557 476 ὅτι
586 436 737 486 πολλῆς
764 433 830 474 καὶ
860 432 1072 487 θυμηδίας
1099 431 1193 482 τοὺς
1216 430 1401 485 εὐσεβεῖς.
1470 433 1537 475 καὶ
1558 431 1726 490 περιλᾱὲ

266 504 407 560 βόντες
442 500 565 544 αὐτὸν
601 500 704 554 μεθ’
746 498 1080 556 ὑπερβαλλούσης
1117 500 1372 556 περιχαρείας
1409 488 1724 556 κατησπάζοντο,

268 570 590 628 περιεπλέκοντο,
626 567 698 610 οὐκ
730 566 835 622 εἶχον
863 567 971 620 ὅπως
1001 573 1060 626 τῷ
1087 566 1236 623 πλήθει
1251 566 1474 623 χρήσονται
1491 572 1564 624 τῆς
1575 560 1758 626 gumias

218 647 249 682 C
271 640 342 683 καί
357 657 416 689 τις
431 641 512 681 τῶν
532 636 804 694 γνησιωτέρων
822 636 1062 694 προσελθὼν
1083 635 1214 694 ἠρέμα
1237 633 1424 693 ἐπηρώτα
1442 636 1512 680 τὸν
1527 634 1728 694 πατριάρ-
1766 688 1769 692 .

268 726 367 763 χην,
393 707 462 749 τὸν
484 704 633 763 τρόπον
649 708 798 759 μαθεΐν
815 705 966 747 ἐθέλων
980 710 1052 748 τοῦ
1071 709 1293 762 μαρασμοῧ
1312 709 1392 747 τῶν
1407 706 1574 762 μορίων.
1591 733 1593 736 >
1626 705 1729 748 ἀνα-

272 775 410 830 λαβὼν
438 775 483 817 δὲ
509 768 626 823 οὗτος
653 775 823 828 διηγεῖτο
853 772 1011 816 ι’ίνωθεν
1037 775 1104 816 καὶ
1130 774 1172 825 ἐξ
1201 772 1329 829 ἀρχῆς
1336 804 1348 824 ,
1381 770 1517 830 ὅτιπερ
1537 773 1580 816 ἓν
1593 770 1731 831 Ῥώμῃ

271 845 476 902 πεμφθεὶς
492 842 593 899 πρὸς
612 842 680 884 τὸν
698 840 837 884 πάπαν
853 841 921 884 διὰ
938 841 1011 892 τὰς
1030 841 1133 884 κατὰ
1151 840 1392 899 Νικηφόρου
1411 846 1485 884 τοῦ
1504 838 1729 898 ἄγιωτάτου

273 910 525 970 πατριάρχου
567 910 848 967 ἀνεγερθείσας
879 909 1089 966 ἐπαγωγὰς
1119 910 1275 952 κάκεῖσε
1309 908 1460 965 διάγων
1487 908 1787 966 ἠνωχλήθην10

271 979 350 1023 ὑπὸ
384 984 457 1022 τοῦ
486 976 736 1036 φιλοσάρκου
763 979 955 1032 δαίμονος
963 1010 976 1030 ,
1011 977 1056 1031 ὃς
1084 978 1157 1021 οὒκ
1185 979 1334 1021 ε’νέλιπε
1356 977 1512 1036 νύκτωρ
1533 979 1601 1021 καὶ
1622 976 1729 1034 μεθ’

273 1047 429 1105 ἡμέραν
458 1048 708 1103 γαργαρίζων
736 1048 803 1088 καὶ
833 1045 980 1100 μίξεως
1012 1064 1082 1101 μοι
1115 1051 1309 1104 σαρκικῆς
1338 1046 1534 1090 ἀνακινῶν
1565 1045 1734 1105 ἔρωτας.

275 1114 597 1174 ἅναφλεγόμενος
624 1115 668 1157 δὲ
699 1119 756 1172 τῷ
780 1113 927 1167 πάθει,
961 1113 1016 1165 ὡς
1035 1114 1114 1170 ἤδη
1135 1117 1201 1157 καὶ
1222 1113 1449 1170 ἡττώμενος
1458 1147 1471 1167 ,
1504 1114 1626 1172 ἔγνων
1642 1115 1733 1158 Πέ-

274 1201 359 1243 τρῳ
379 1189 436 1243 τῷ
459 1183 669 1241 κορυφαίῳ
690 1186 770 1225 τῶν
794 1180 1028 1226 ἀποστόλων
1051 1183 1285 1226 ἀναθέσθαι
1317 1181 1490 1238 ἐμαυτόν
1498 1215 1512 1236 ,
1542 1185 1610 1226 καὶ
1635 1186 1732 1227 τοῦ-

222 1263 255 1299 Ι)
277 1271 347 1298 τον
379 1250 637 1308 ἓξελιπάρουν
661 1251 897 1302 ἀπαλλάξαι
927 1269 978 1307 με
1008 1255 1082 1307 τῆς
1109 1256 1341 1306 σωματικῆς
1375 1249 1524 1306 ταύτης
1553 1251 1734 1310 ὀρέξεως.
1746 1254 1790 1291 15

276 1323 345 1365 καὶ
376 1321 445 1364 τὸν
475 1317 691 1362 ἐπιστάντα
723 1319 865 1370 νυκτὸς
892 1319 1089 1375 ἅψασθαι
1119 1324 1171 1377 τῇ
1201 1322 1314 1380 δεξιᾷ
1334 1321 1439 1377 χειρὶ
1467 1323 1549 1363 τῶν
1572 1319 1736 1363 αἰδοίων

278 1391 344 1432 καὶ
374 1392 653 1445 καταπρῆσαι,
688 1387 898 1431 ἐπειπόντα
928 1393 1000 1432 τοῦ
1029 1392 1173 1431 λοιποῦ
1198 1389 1256 1443 μὴ
1284 1392 1496 1431 πτοεῖσθαι
1520 1388 1594 1444 τὴν
1616 1385 1738 1446 φιλή-

279 1460 397 1502 δονον
430 1456 574 1514 ὄρεξιν.
642 1458 891 1507 διυπνισθεὶς
923 1458 967 1499 δὲ
994 1456 1096 1511 μετὰ
1118 1458 1304 1514 σφοδρᾶς
1326 1455 1546 1512 ἀλγηδόνος
1567 1454 1740 1513 εὖρέθην

279 1524 381 1581 ἔχων
403 1523 458 1576 ὥς
476 1523 723 1567 ἐθεάσασθε.
790 1529 918 1568 ταῦτα
939 1529 1014 1568 τοῦ
1034 1523 1285 1582 πατριάρχου
1306 1523 1510 1577 εἰπόντος,
1546 1524 1619 1567 οὐκ
1637 1521 1741 1567 ἀνά-

280 1610 422 1648 σχετον
445 1591 466 1637 ὅ
490 1592 695 1648 Μανουὴλ
717 1595 885 1647 νομίσας
906 1594 951 1636 τὸ
975 1591 1154 1652 τύρευμα
1176 1593 1274 1649 ἔγνω
1298 1591 1471 1644 ἐξετάσει
1492 1594 1667 1649 δοθῆναι
1689 1591 1796 1634 τό20

281 1661 445 1720 γύναιον
476 1661 545 1718 ἐφ’
578 1655 613 1720 ᾧ
641 1663 892 1719 διασαφῆσαι
928 1661 1001 1717 τὴν
1033 1663 1386 1719 μηχανορραφίαν.
1453 1662 1570 1719 ξίφος
1595 1678 1638 1704 τε
1668 1654 1741 1703 οὖν

285 1731 409 1781 εὐθὺς
443 1728 572 1788 τούτῳ
608 1730 870 1773 ἔπανετείνετο
905 1732 971 1773 καὶ
1007 1730 1155 1786 ῥάβδοι
1181 1723 1407 1785 ἐκομίζοντο
1438 1729 1741 1785 ἦκανθωμέναι,

285 1801 352 1842 καὶ
382 1799 421 1842 οἳ
452 1796 590 1853 δήμιοι
619 1797 951 1857 παρειστήκεισαν
980 1799 1192 1856 εὖτρεπεῒς.
1256 1796 1322 1850 οἷς
1345 1799 1689 1854 ἐκδειματωθεῒσα
1713 1794 1741 1853 ἦ

376 1917 401 1952 3
421 1915 590 1960 πλείστης
611 1917 642 1952 C
811 1915 1082 1965 προσβαλόντες
1105 1915 1208 1966 αότῷ
1232 1918 1263 1953 C
1447 1919 1472 1954 6
1491 1915 1613 1963 ἠρέμα
1634 1916 1691 1953 om
1712 1914 1744 1952 G

376 1963 398 1998 8
424 1960 487 1997 καὶ
511 1973 566 1998 om
590 1963 621 1998 C
759 1965 804 2001 12
826 1964 1050 2011 γαργαλίζωυ
1072 1964 1104 1999 C
1243 1963 1287 2001 14
1310 1961 1481 2010 (ἐνέθηκα
1505 1965 1536 2000 C

285 2065 386 2101 titia=
429 2066 488 2111 qui
518 2066 653 2111 ingenti
685 2078 760 2102 cum
792 2067 920 2113 gaudio
951 2066 1167 2102 Methodium
1198 2067 1377 2112 cingentes
1410 2066 1609 2102 salutabant
1638 2068 1745 2111 atque

287 2111 606 2157 amplectebantur,
638 2123 751 2157 neque
774 2113 950 2149 habebant
971 2125 1040 2159 quo
1064 2114 1164 2148 modo
1183 2113 1356 2160 voluptati
1378 2123 1463 2147 suae
1484 2111 1744 2147 satisfacerent.

288 2163 324 2192 et
346 2157 484 2202 quidam
508 2159 552 2192 de
573 2157 766 2193 notioribus
792 2159 927 2205 placide
949 2171 1133 2205 aggressus
1152 2171 1196 2194 ex
1218 2171 1259 2194 eo
1282 2158 1457 2205 quaesivit
1476 2169 1624 2204 quonam
1643 2157 1745 2192 modo

288 2203 407 2238 virilia
438 2203 512 2237 eius
540 2203 591 2238 ita
624 2206 882 2240 emarcuissent.
929 2206 985 2239 cui
1013 2205 1045 2240 is
1072 2217 1145 2239 rem
1173 2210 1280 2240 totam
1317 2217 1338 2240 a
1369 2204 1542 2251 principio
1573 2202 1745 2238 narravit.

289 2260 348 2293 se,
385 2249 622 2285 cumRomae
645 2251 809 2296 degeret,
840 2251 966 2286 missus
997 2263 1038 2286 eo
1064 2251 1109 2286 ad
1131 2263 1255 2297 papam
1279 2252 1323 2286 ob
1349 2250 1520 2285 intentata
1542 2248 1746 2294 Nicephoro

289 2294 506 2330 sanctissimo
539 2296 757 2341 patriarchae
787 2297 949 2343 crimina,
977 2303 1136 2332 vexatum
1161 2296 1270 2332 fuisse
1293 2296 1454 2331 a'carnis
1476 2296 1632 2331 studioso
1656 2294 1748 2329 malo

290 2340 416 2385 genio,
440 2341 516 2375 sine
532 2341 789 2377 intermissione
809 2344 884 2379 dies
907 2348 1098 2388 noctesque
1121 2342 1233 2389 ipsum
1256 2342 1420 2378 titillante
1442 2346 1478 2377 et
1495 2341 1548 2376 rei
1565 2341 1749 2376 Venereae

289 2386 480 2440 appetitum
507 2387 691 2423 excitante.
739 2389 857 2435 itaque
882 2401 922 2424 se
944 2390 1122 2424 ardentem
1146 2401 1188 2423 ea
1212 2388 1425 2444 cupiditate,
1461 2398 1503 2422 ac
1527 2392 1656 2422 tantum
1679 2396 1749 2420 non

292 2443 328 2466 οι
362 2434 656 2479 succumbentem,
700 2434 807 2470 Petro
846 2435 1079 2481 apostolorum
1111 2435 1263 2481 principi
1296 2446 1375 2470 sese
1408 2434 1538 2469 dedere
1571 2431 1748 2476 statuisse,

292 2476 476 2522 multisque
498 2480 541 2513 ab
565 2491 606 2514 eo
629 2481 792 2526 precibus
816 2482 1037 2516 contendisse
1057 2481 1107 2515 uti
1129 2493 1168 2516 se
1188 2480 1332 2516 libidine
1347 2479 1416 2515 ista
1430 2479 1610 2514 liberaret.
1657 2477 1749 2511 hunc

292 2528 398 2556 noctu
431 2523 628 2570 adstitisse,
661 2538 702 2561 ac
734 2527 852 2562 virilia
884 2538 947 2562 sua
980 2539 1081 2562 manu
1112 2527 1237 2562 dextra
1270 2530 1469 2570 tangentem
1505 2522 1750 2568 combussisse,

293 2567 463 2612 simulque
495 2570 625 2605 dixisse
657 2572 743 2607 nihil
767 2585 844 2608 esse
868 2574 961 2619 quod
985 2573 1021 2608 in
1045 2577 1221 2619 posterum
1244 2572 1313 2607 sibi
1335 2574 1378 2607 ab
1402 2571 1470 2606 ista
1491 2573 1662 2604 metueret
1683 2579 1750 2602 vo-

292 2613 327 2647 lu
353 2613 435 2648 tatis
467 2616 758 2660 concupiscentia.
805 2631 845 2654 se
882 2621 925 2654 ob
957 2619 1195 2654 vehementem
1229 2618 1383 2653 dolorem
1413 2626 1533 2650 somno
1569 2625 1753 2649 excussum

295 2625 399 2714 talem
427 2666 600 2705 repertum
632 2663 741 2698 fuisse
772 2665 904 2709 qualem
935 2665 1005 2709 ipsi
1038 2664 1222 2699 vidissent.
1270 2664 1356 2698 haec
1386 2672 1461 2696 cum
1493 2660 1544 2695 ita
1573 2662 1753 2695 narrasset

292 2706 513 2784 patriarcha,
549 2706 729 2744 Manuelus
761 2709 1013 2745 intolerabilem
1045 2710 1135 2745 hanc
1168 2710 1324 2744 fraudem
1347 2707 1505 2743 iudicans
1528 2706 1653 2741 statuit
1676 2717 1752 2740 mu-

307 2750 470 2786 ierculam
493 2752 754 2796 quaestionibus
780 2756 963 2801 adhibere,
988 2761 1027 2791 ut
1050 2767 1139 2801 quae
1161 2756 1287 2790 fuisset
1306 2753 1376 2788 doli
1399 2752 1559 2788 nectendi
1582 2751 1673 2787 ratio
1694 2750 1751 2785 in-

293 2795 480 2842 telligeret.
527 2797 642 2832 statim
666 2811 749 2844 ergo
772 2801 908 2845 gladius
930 2803 1125 2847 stringitur,
1150 2801 1270 2846 virgae
1289 2799 1363 2845 igni
1386 2799 1574 2834 candentes
1595 2799 1750 2833 afferun-

294 2846 352 2877 tur
361 2869 372 2888 ι
403 2842 654 2889 carnificesque
674 2847 790 2891 parati
813 2848 975 2892 adstant;
1009 2848 1135 2894 quibus
1157 2847 1281 2883 infelix
1305 2857 1347 2881 ea
1368 2844 1558 2892 perterrita
1579 2843 1638 2887 rei
1657 2841 1753 2879 veri-
