1916 3210
0 724 23 863 '’⁴“›JN'21WY2
3 687 5 689 ·
0 613 6 629 ’⁴
2 499 5 503 ⁷
2 434 13 468 a*
3 372 8 389 ¹-
4 317 15 335 ἰ
4 283 7 290 ·*
6 252 8 255 ·
5 167 8 180 ⁷
6 92 8 94 <

22 822 25 829 Δ
19 726 30 776 ²⁴⁴⁵*
26 702 29 708 ⁴
31 676 33 678 ·
39 582 42 585 ,
32 520 33 523 ⁴
30 410 36 413 ¹
37 375 41 378 .
27 267 41 307 ψῗ
38 234 40 237 .
32 142 46 186 ,τῃ
45 83 49 88 ¹

682 149 1124 196 ANNOTATIONES.
1537 148 1635 197 847

228 286 238 289 η»
287 261 318 298 t.
334 257 372 298 ΙΙ
399 271 439 312 p.
462 259 543 301 192
559 271 596 298 v·
622 261 685 300 12.
740 262 816 313 τῆς
836 262 1106 314 πνευματικῆς
1132 255 1423 315 α’δελφότητος]
1452 262 1502 302 ad
1522 262 1636 302 instar

173 314 386 367 adoptionis
414 327 488 367 qua
515 316 597 367 quis
621 316 766 357 alterius
793 319 1014 357 adscribitur
1039 318 1156 367 filius,
1192 313 1520 371 οἷδελφοποίησιν,
1560 331 1634 370 qua

173 371 244 410 sibi
264 370 423 410 alienum
454 372 617 412 fraterno
648 385 774 413 amore
795 376 968 427 deinceps
988 375 1309 427 prosequendum,
1347 377 1537 427 utriusque
1558 378 1635 415 sor—

173 431 287 466 tunae
306 429 541 482 participem,
580 430 814 468 consiliorum
832 443 876 469 ac
890 431 1042 470 subsidii
1063 435 1270 481 auctorem,
1307 436 1487 484 perpetuo
1509 434 1635 475 amici-

172 483 247 523 tiae
272 496 369 522 nexu
395 485 627 534 devinaunt,
665 487 917 537 excogitavere
946 489 1092 526 Graeci.
1157 488 1247 527 haec
1266 491 1390 527 tamen
1413 493 1455 527 ut
1474 490 1634 539 antiquis

170 538 315 590 legibus
332 541 482 591 ignota,
521 541 664 580 familiis
682 555 822 592 nocua,
857 557 1052 596 pravorum
1070 545 1301 583 consiliorum
1322 546 1427 596 origo
1442 558 1487 584 ac
1505 540 1635 584 nkfuu-

107 616 111 622 ¹
171 595 304 637 domm
321 595 522 636 facinorum
544 599 727 648 adiutrix,
763 602 920 652 posteris
943 601 1118 640 ecclesiae
1137 613 1206 639 nec
1229 614 1304 639 non
1326 602 1468 653 imperii
1491 602 1632 653 legibus

168 653 374 705 proscripta
403 653 476 692 suit
501 658 538 692 et
571 655 759 696 damnata.
816 658 1006 707 antiquum
1039 660 1162 696 tamen
1190 658 1268 696 eius
1293 659 1331 695 in
1357 658 1508 698 ecclesia
1533 659 1629 699 cele-

169 709 334 748 brandae
359 709 470 748 ritum
493 709 759 762 Euchologium
787 718 972 760 asservat3
1011 714 1254 752 damnationis
1278 713 1339 752 lus
1361 715 1630 755 Graecoroma-

168 777 285 814 num,
300 764 507 815 maetam,
537 767 671 819 aliique
688 769 912 809 Graecorum
937 769 1170 810 iureconsulti
1187 771 1416 820 manifestum
1438 773 1630 824 proferunt

167 822 427 864 testimonium.
486 823 616 866 Gom.

235 883 238 888 '
278 882 310 917 t.
326 879 364 916 11
391 892 429 931 p.
452 879 534 923 194
556 894 592 922 v,
613 883 680 924 23.
738 883 790 937 τῇ
810 877 970 936 ῥάβδῳ]
999 883 1148 933 sagitta,
1177 887 1281 935 puto,
1311 887 1374 922 aut
1388 884 1526 936 spiculo
1541 884 1627 923 mis-

168 933 235 974 sili.
292 947 382 975 sane
403 937 503 988 apud
520 936 675 976 Latinos
694 944 824 990 poetas
843 941 1023 977 calamum
1043 953 1191 990 quoque
1211 953 1279 992 pro
1299 941 1432 991 sagitta
1450 942 1540 993 poni
1560 942 1627 979 ob-

166 995 350 1030 servatum
370 997 450 1042 est,
486 994 654 1032 nimirum
687 995 789 1045 quod
820 1009 866 1034 ex
899 995 1045 1034 calamis
1072 996 1203 1035 fierent
1227 997 1398 1046 sagittae.
1455 997 1626 1047 Virgilius

163 1045 278 1087 “cum
302 1047 539 1099 Daphnidis
563 1064 704 1088 arcum
722 1051 891 1103 flegma
918 1059 954 1088 et
980 1049 1198 1090 calamos.’'
1252 1053 1428 1093 Horatius
1457 1052 1630 1091 “calami

164 1103 323 1155 spicula
350 1102 532 1149 Gnosii?
585 1108 678 1147 er..

275 1166 305 1200 t·
325 1162 359 1200 Π
386 1176 427 1214 p·
449 1163 529 1206 195
547 1176 584 1202 v.
606 1168 669 1206 11.
727 1162 795 1206 διοῖ
814 1161 889 1217 τήν
908 1161 1120 1217 βασιλικήν
1136 1163 1371 1217 ἐφεστρίδα]
1410 1165 1459 1204 ob
1478 1165 1630 1216 religio-

164 1229 250 1258 nem
267 1230 358 1269 erga
374 1220 477 1269 regia
497 1233 679 1272 quaeque,
708 1223 767 1261 vel
786 1236 834 1261 ne
854 1234 1038 1273 purpurae
1058 1222 1221 1260 insidens
1245 1223 1451 1272 tyrannidis
1471 1223 1627 1262 affecta-

163 1278 228 1314 tae
239 1274 325 1326 *aliis
340 1277 569 1328 opinionem,
594 1279 663 1316 sibi
686 1278 884 1330 periculum
906 1278 1105 1317 induceret.
1164 1278 1294 1316 Gom.

275 1330 331 1370 ib·
361 1345 401 1376 v.
432 1333 499 1374 19.
557 1331 826 1387 στράτωρσιν]
858 1331 1098 1385 ἱπποκόμοις
1115 1333 1383 1386 equisonibas.
1422 1335 1461 1373 hi
1479 1348 1629 1388 πρωτο-

163 1385 371 1442 στράτωρα
395 1390 620 1441 praefectum
647 1391 856 1440 habebant,
896 1393 978 1431 ταῖν
1005 1389 1244 1443 ἱπποκόμων
1264 1394 1450 1445 πρῶτον,
1487 1405 1564 1430 non
1585 1395 1629 1430 ut

162 1445 230 1484 sub
250 1458 295 1485 eo
313 1445 442 1485 vilibus
458 1447 644 1498 obsequiis
667 1462 783 1499 equos
802 1452 991 1497 curarent,
1021 1449 1088 1487 sed
1108 1453 1150 1487 ut
1168 1449 1393 1490 stabulorum
1412 1447 1629 1487 nobiliorem

158 1502 426 1554 praefecturam
443 1509 637 1553 gererent,
665 1510 704 1543 ct
724 1505 933 1556 imperatori
946 1534 958 1554 ,
988 1505 1020 1542 si
1042 1505 1169 1544 forsan
1190 1518 1305 1555 eques
1326 1506 1419 1554 iret,
1448 1505 1628 1555 obseque-

133 1610 138 1615 Π
159 1561 298 1603 rentur.
355 1559 404 1598 de
421 1560 553 1610 quibus
570 1561 749 1600 Codinus.
809 1562 937 1599 Gom.

272 1619 301 1654 t.
322 1615 356 1654 11
385 1629 422 1667 p.
447 1616 528 1658 196
546 1629 583 1656 v.
602 1619 641 1658 3.
698 1618 787 1668 quid
814 1619 862 1656 sit
887 1612 1157 1670 βαρδούκιον,
1190 1617 1426 1665 barducium,
1465 1616 1627 1655 incertus

158 1684 250 1710 sum.
308 1673 420 1711 credo
445 1673 558 1712 fuisse
586 1673 753 1712 balistam
781 1678 845 1712 aut
865 1675 1014 1724 aliquod
1034 1675 1099 1712 teli
1123 1676 1181 1713 vel
1207 1674 1314 1712 iaculi
1341 1686 1471 1724 genus,
1531 1672 1623 1712 ΧΠ..

159 1724 404 1781 βαρδοῦκιον
433 1730 697 1767 securiculam
729 1727 995 1782 interpretatur
1020 1730 1215 1769 Meursius.
1272 1743 1347 1781 quo
1371 1734 1588 1780 argumento
1603 1728 1625 1767 *ἔ

159 1786 255 1835 quia.
264 1785 316 1823 ad
335 1797 467 1824 zonam
487 1787 729 1837 appenditur,
759 1789 847 1838 quia
867 1788 993 1839 proiici
1012 1791 1159 1839 potest,
1190 1791 1229 1826 et
1249 1788 1352 1826 ferae
1371 1791 1481 1837 caput
1506 1787 1624 1825 disse-

156 1854 256 1883 care.
314 1842 478 1888 divinat‚
507 1847 545 1880 et
567 1843 656 1880 nihil
674 1844 722 1881 ad
739 1856 816 1881 rem
834 1844 1028 1895 depromit.
1058 1856 1075 1870 ²
1089 1844 1160 1880 diu
1185 1850 1279 1880 ante
1306 1856 1368 1880 me
1393 1844 1488 1879 torsi
1507 1849 1623 1879 ante—

157 1911 281 1949 quam
297 1897 486 1936 vocabuli
505 1897 627 1936 huius
643 1899 915 1950 signficatum
935 1901 1133 1952 exquirere
1145 1913 1322 1950 possem,
1351 1900 1475 1937 scribit
1492 1899 1623 1938 Leun-

157 1954 293 1994 cluvius
312 1955 551 1994 Onomastieo
571 1957 743 1994 secundo.
800 1958 853 1994 ait
872 1970 959 1995 vero
978 1958 1133 1996 ibidem:
1172 1956 1342 1993 Bardac
1358 1968 1526 2001 urceus,
1555 1955 1621 1993 la—

153 2024 263 2062 gena
274 2011 424 2063 flgllni
442 2013 588 2062 operis,
616 2026 748 2063 aquae
764 2013 987 2064 gestandae
995 2013 1135 2064 saeta.
1196 2014 1269 2064 qui
1287 2012 1524 2049 bar-dacium
1541 2012 1621 2049 im-

152 2069 348 2118 peratorie
361 2070 486 2120 gerit,
523 2068 763 2120 intelligitur
790 2069 858 2106 ille
878 2070 950 2121 qul
966 2070 1151 2121 lagenam
1173 2083 1282 2120 aqua
1298 2069 1466 2119 plenam
1483 2075 1622 2119 gesta—

159 2123 231 2162 hat
253 2138 369 2177 eques
386 2125 446 2163 ad
471 2134 588 2163 usum
617 2127 878 2176 imperatoris.
939 2128 1186 2164 retinuerunt
1217 2133 1255 2162 et
1281 2126 1402 2163 Tarci
1428 2124 1503 2162 hoc·
1532 2126 1622 2176 offi-

157 2182 288 2220 cium.-
320 2195 417 2220 nam
436 2183 539 2220 inter
559 2184 719 2219 iuvenes,=
740 2183 831 2220 illos
852 2190 929 2220 tres
956 2185 1028 2235 qui
1051 2182 1211 2220 sultano
1233 2189 1328 2220 sunt
1351 2182 1484 2219 intimi
1506 2181 1621 2219 cubi-

156 2238 319 2285 cularii,
348 2253 455 2277 unu-5·
475 2247 532 2277 est
549 2239 730 2290 kinptar,
771 2241 843 2290 qui
859 2247 982 2290 polus
1001 2240 1155 2277 sullani
1178 2253 1317 2290 curam
1333 2240 1441 2290 gerit
1459 2245 1498 2275 et
1517 2252 1621 2276 sem-

151 2308 226 2346 per
242 2309 393 2347 aquam
407 2310 484 2347 pro
506 2296 666 2334 sultano
691 2310 823 2333 seeum
851 2296 958 2333 vellit
988 2310 1103 2348 eques
1130 2297 1173 2334 in
1190 2296 1356 2348 lagena,
1395 2297 1500 2333 sicut
1525 2295 1621 2333 olim

156 2365 203 2389 ea
223 2352 374 2390 solebat
396 2355 515 2390 eliam
528 2367 603 2404 pro
624 2355 859 2403 imperatore
877 2354 1030 2391 Graeco
1050 2356 1094 2391 in
1113 2353 1302 2391 bardueio
1317 2352 1421 2390 vehi.
1455 2353 1583 2390 Gom.

267 2415 294 2450 t.
313 2410 344 2448 ll
373 2423 412 2461 p.
430 2413 514 2452 203
533 2424 566 2448 v.
586 2413 625 2452 7.
682 2411 725 2447 in
748 2410 919 2463 Eidixo]
948 2411 1066 2449 locum
1093 2412 1237 2449 videtur
1262 2410 1353 2449 haec
1380 2421 1450 2447 vox
1479 2409 1621 2459 signifi-

154 2477 258 2515 care,
285 2468 444 2505 fortasse
462 2468 500 2505 in
528 2480 637 2517 quem
664 2480 769 2504 snum
789 2469 895 2517 quasi
921 2467 1102 2518 peculium
1127 2468 1316 2517 quoddam
1337 2468 1537 2517 imperator
1560 2479 1620 2506 re-

152 2523 340 2562 conderet.
367 2523 462 2562 Xrn.
520 2522 698 2578 Εἰὸἰξῳ]
727 2522 816 2574 legit
837 2525 1082 2574 europalates
1107 2524 1251 2578 εἰδικῷ,
1283 2528 1409 2562 auctor
1430 2523 1618 2572 superiore

151 2591 192 2629 p.
215 2577 296 2619 544
318 2579 446 2635 ἰδικῷ.
507 2593 552 2618 ex
571 2581 701 2630 quibus
721 2581 962 2619 coniecturam
982 2594 1057 2619 non
1076 2581 1192 2619 levem
1216 2581 1376 2630 decerpo
1401 2578 1537 2634 εἰδικῷ
1556 2592 1617 2617 re-

150 2636 384 2685 ponendum3
426 2639 464 2675 et
481 2649 549 2687 pro
569 2637 732 2687 privato,
763 2637 866 2687 regio
890 2642 1014 2676 tamen
1040 2638 1181 2676 aerario
1200 2637 1439 2683 sumendum,
1478 2637 1515 2673 in
1540 2649 1614 2685 quo

151 2703 228 2729 nou
248 2693 343 2730 adeo
363 2697 526 2731 servatur
547 2706 655 2742 quam
675 2694 820 2731 cuditur
847 2698 884 2732 et
909 2694 1075 2743 signatur
1095 2698 1255 2733 moneta.
1313 2692 1365 2731 nil
1389 2693 1614 2730 communius

151 2759 261 2797 quam
281 2749 458 2787 aerarium
477 2749 655 2800 publicum
678 2755 714 2788 et
733 2763 936 2797 commune,
965 2763 1040 2801 quo
1057 2750 1202 2802 publica
1220 2749 1422 2799 vectigalia,
1441 2752 1483 2787 ut
1501 2750 1614 2786 modo

148 2808 360 2860 narraturus
380 2809 437 2844 est
457 2810 585 2845 auctor
598 2835 610 2857 ,
640 2807 835 2858 exiguntur
853 2811 891 2847 et
911 2819 1120 2847 communes
1143 2808 1305 2847 omnium
1323 2806 1506 2846 redituum
1524 2805 1614 2845 red-
