1916 3210
679 165 1134 213 ANNOTATIONES.
1152 172 1169 191 '
1555 169 1656 217 779

178 271 372 316 matos
394 286 464 314 nec
487 288 562 315 non
585 289 632 317 ex
651 281 865 331 contemptu
890 279 1135 319 nobilissimos
1158 279 1261 332 leges
1283 279 1508 334 quandoque
1532 283 1655 336 capite

178 331 364 371 numos.
420 332 562 376 GoAn.
984 365 986 367 >
1026 339 1032 345 ”
1536 343 1542 350 ’

197 397 202 405 ’
228 394 234 399 ’
276 399 329 440 vp.
350 385 436 429 446
454 402 488 429 v.
506 390 548 432 3.
606 386 761 432 ἆνόσιοι
790 391 922 444 impios
947 391 1150 432 haereticos
1179 393 1382 444 significat:
1411 407 1483 446 ego
1508 396 1656 448 perspi-

178 443 307 484 euirati
335 445 473 486 servire
503 447 626 495 nolui,
656 452 694 487 et
720 448 800 487 fieri
827 453 954 501 potest
980 453 1021 488 ut
1054 444 1321 503 ἆνομοούσιοι
1345 450 1541 490 Cedrenus
1564 453 1654 492 scri-

177 501 305 554 pserit.
334 502 441 544 Xn.
500 508 542 544 at
568 505 631 555 qui
656 506 881 557 scripsisset,
909 507 940 544 si
965 506 1123 546 necdum
1150 521 1175 546 a
1198 507 1392 561 Xylandro
1409 509 1566 548 conficta
1583 522 1657 548 vox

177 556 294 597 erat?
348 560 483 600 oei-tius
513 561 640 600 dixero
665 562 746 601 fieri
770 564 937 614 potuisse
960 567 1002 601 ut
1023 563 1233 615 scripserit,
1260 561 1396 605 ἄνισοι
1414 565 1472 604 vel
1493 560 1658 614 ἆνίσιοι,

177 625 277 666 quae
298 624 431 667 voces,
459 622 540 656 tum
561 619 663 670 apud
681 619 858 670 antiquos
875 623 953 658 tum
972 621 1073 672 apud
1089 625 1263 660 neoteros
1283 622 1512 673 Orientales‚
1542 622 1656 660 inae-

178 671 375 723 qualitate
395 673 560 727 effictos
582 682 620 712 et
641 675 779 713 ductos
803 677 936 725 refert;
965 681 1008 716 ut
1031 678 1198 717 nimirum
1220 677 1334 718 iidem
1355 683 1482 718 essent
1503 674 1655 722 ἆνίσιοι

177 729 242 780 qui
263 733 302 769 et
325 724 521 784 ἀνόμοιοι.
577 732 716 774 GoAR.
1191 743 1193 746 ⁴

289 783 347 825 ib»
369 799 408 828 v.
431 788 499 831 16.
555 783 841 844 ἓπανῃρῆσθαι
859 788 974 844 βίον]
1005 785 1250 843 ἐπανὴρατο,
1278 789 1485 845 ἐπειρᾶτο,
1516 792 1654 834 εἵλετο.

177 839 499 899 ὒπανῃρημένος,
542 844 844 903 προῃρημένος,
887 845 1035 889 θέλων.
1078 847 1228 889 Suidas.
1293 850 1452 889 ascetica
1486 851 1563 889 vita
1597 854 1655 889 est

140 923 154 939 ι
177 911 275 951 quae
304 913 439 954 eorpus
471 903 624 942 domare
656 904 844 942 adsuescit
875 908 914 944 et
945 904 1012 942 soli
1045 905 1178 957 pietati
1210 917 1352 945 vacare.
1411 907 1446 946 ei
1478 907 1654 946 exercita-

177 956 270 996 tioni
299 959 467 998 monachi
499 960 724 1008 studebant,
751 960 913 1011 indeque
935 965 1081 1001 ascetae
1104 962 1318 1002 dicebantur
1340 964 1446 1014 quasi
1470 964 1651 1003 exercita-

177 1016 290 1054 tores.
347 1019 508 1055 ceterum
540 1016 631 1055 haec
663 1017 785 1055 omnia
812 1018 914 1068 apud
935 1018 1088 1057 Suidam
1113 1018 1303 1070 aliquanto
1325 1020 1435 1058 etiam
1459 1033 1572 1071 quam
1594 1021 1653 1060 hic

176 1069 321 1122 plenius
350 1076 391 1112 et
422 1073 599 1124 integrius
633 1075 808 1125 leguntur
839 1075 877 1113 in
904 1069 1134 1129 Ὠριγὲνης,
1165 1089 1274 1127 quem
1300 1082 1445 1116 secutus
1471 1091 1550 1118 sum
1577 1079 1652 1117 suis

175 1126 278 1170 locis.
335 1129 422 1169 vide
444 1130 556 1169 etiam
579 1130 827 1182 Nicephorum
854 1130 879 1172 5
908 1131 965 1172 32
994 1136 1030 1170 et
1059 1133 1127 1173 33.
1185 1133 1289 1171 Xn„

286 1197 326 1237 p.
339 1183 423 1227 449
439 1199 474 1227 v.
490 1187 556 1229 12.
612 1188 792 1225 Maurus
820 1187 1060 1240 Cappadox]
1084 1190 1187 1241 apud
1204 1189 1428 1242 Xiphilinum
1456 1203 1500 1229 ex
1516 1190 1654 1240 Dione,

175 1253 287 1292 quem
312 1246 352 1281 et
374 1248 520 1282 secutus
545 1248 604 1283 est
625 1245 811 1293 Zonaras,
845 1244 980 1297 legitur
1004 1246 1175 1284 Maurum
1197 1246 1312 1286 fuisse
1337 1260 1383 1286 ex
1408 1247 1533 1286 Sicilia
1557 1249 1656 1288 Cae-

175 1310 305 1347 sarea}
333 1299 435 1351 quod
455 1300 548 1352 quid
572 1302 641 1350 sit,
668 1315 745 1340 non
767 1302 890 1344 video.
947 1306 1047 1343 certe
1067 1303 1098 1341 si
1118 1302 1273 1342 Maurus
1294 1304 1382 1354 fuit,
1411 1317 1533 1355 neque
1551 1305 1657 1357 Cap-

174 1355 301 1407 padox
334 1369 420 1396 esse
446 1357 570 1410 potuit
595 1371 718 1410 neque
742 1358 901 1402 Siculus.
959 1373 1005 1400 ex
1033 1360 1258 1401 Mauritania
1285 1362 1517 1401 Caesariensi
1541 1362 1655 1401 fuisse

175 1411 372 1464 probabile
398 1418 470 1454 est.
525 1414 631 1458 Χῑῐ..

287 1481 329 1522 p-
349 1467 436 1512 460
462 1483 498 1510 ν.
519 1472 589 1513 21.
648 1473 713 1523 qui
740 1486 764 1512 a
794 1472 995 1512 Maximino
1028 1473 1080 1513 ad
1109 1472 1320 1527 Philippum
1354 1487 1474 1526 nsque
1507 1474 1654 1514 suerunt

174 1525 329 1579 imperio
360 1526 533 1567 Romano
565 1531 699 1582 potiti,
727 1531 927 1570 admodum
957 1531 1111 1570 obscure
1138 1535 1177 1569 et
1201 1532 1353 1570 confuse
1377 1532 1436 1570 hic
1458 1545 1656 1571 recensen-

173 1588 247 1623 tur.
303 1595 387 1623 cum
415 1589 540 1624 autem
571 1587 610 1624 in
641 1587 811 1626 manibus
843 1588 916 1626 sint
948 1587 1186 1626 Herodianus
1222 1588 1454 1640 Capitolinus
1484 1589 1654 1628 Zonaras

174 1640 258 1691 alii,
294 1639 394 1680 malo
425 1641 597 1682 lectorem
629 1644 680 1681 ad
717 1656 782 1683 eos
818 1644 1006 1683 remittere
1039 1657 1149 1695 quam
1177 1644 1248 1684 huc
1275 1646 1538 1685 transscribere
1564 1646 1652 1684 ista.

173 1710 244 1750 pro
274 1697 457 1749 Pupliano
495 1695 565 1753 (p.
593 1697 675 1741 451
708 1713 744 1742 v,
770 1697 827 1755 5)
865 1713 911 1740 cx
942 1701 1094 1740 historia
1125 1702 1268 1740 restitui
1303 1702 1523 1754 Pupienum.
1584 1704 1655 1742 sed

173 1754 267 1806 quid
301 1754 378 1794 sibi
401 1754 472 1795 iste
508 1755 632 1795 Iunior
660 1754 742 1811 (ib.
771 1771 806 1796 v.
832 1754 887 1811 2)
914 1757 1024 1807 velit,
1067 1771 1144 1797 non
1172 1759 1342 1799 coniicio.
1400 1763 1652 1811 protectorum

174 1811 349 1862 quidem,
377 1815 422 1851 ut
439 1811 650 1863 dignitatis,
676 1815 815 1854 mentio
833 1814 936 1866 apud
955 1815 1186 1853 Ammianum
1207 1819 1267 1854 est
1286 1816 1517 1854 creberrima.
1558 1817 1653 1856 inter

173 1871 408 1920 protectores
425 1869 650 1909 domesticos
673 1884 714 1910 se
736 1884 885 1923 quoque
908 1872 978 1910 sub
1003 1872 1222 1911 Constantio
1242 1873 1357 1911 fuisse
1377 1874 1516 1912 indicat
1540 1875 1565 1915 l.
1584 1873 1652 1922 15,

174 1929 213 1965 et
232 1926 466 1970 exxeinsdem
486 1925 512 1966 l.
530 1926 588 1968 30
609 1934 767 1980 apparet
786 1929 900 1967 fuisse
921 1928 1078 1978 gradum
1101 1929 1152 1967 ad
1172 1929 1405 1968 tribuniciam
1429 1930 1650 1980 dignitatem

173 1982 396 2035 proximum:
425 1983 528 2035 apud
558 1989 724 2024 nostrum
751 1984 1019 2037 προτίκτωρες
1045 1985 1232 2025 dicuntur.
1289 1987 1321 2024 is
1344 1987 1533 2025 Iovianum
1556 1998 1650 2037 quo-

173 2052 249 2090 que
273 2040 344 2078 sub
370 2040 591 2079 Constantio
612 2042 726 2080 fuisse
746 2045 996 2094 protectorem
1017 2042 1081 2080 ait.
1138 2042 1241 2093 apud
1271 2042 1524 2082 Marcellinum
1558 2056 1651 2082 eun-

173 2097 260 2136 dem
279 2096 482 2135 scholarum
502 2110 652 2148 quoque
668 2099 915 2151 palatinorum
935 2099 1072 2137 mentio
1087 2111 1164 2137 non
1180 2111 1277 2138 rara.
1329 2101 1491 2151 satisque
1507 2099 1649 2150 liquere

171 2157 264 2206 puto
285 2153 490 2193 scholarum
510 2166 646 2194 nomen
665 2156 890 2207 legionibuS‚
920 2167 1016 2206 quae
1033 2160 1215 2207 perpetuo
1237 2156 1424 2207 stipendio
1443 2156 1648 2206 alebantur,

173 2210 350 2248 tributum
379 2211 516 2258 fuisse3
544 2223 699 2262 quarum
729 2213 935 2264 praefectus
963 2212 1152 2251 domestici
1177 2212 1424 2264 appellatione
1447 2214 1649 2253 identidem

173 2267 311 2306 deinde
338 2266 518 2317 afficitur,
555 2281 820 2320 nonnunquam
850 2269 961 2309 etiam
990 2263 1256 2322 ἐξηγούμενος
1276 2271 1359 2310 ταῖν
1381 2273 1535 2321 σχολῶν
1557 2271 1650 2309 dici-

172 2328 245 2363 tur.
273 2323 380 2366 Xn.
443 2323 689 2363 Candidatus
722 2339 858 2376 agmen
890 2326 1050 2365 militare
1081 2330 1250 2365 recenset
1280 2326 1513 2366 Marcellinus
1542 2327 1565 2366 l.
1591 2327 1648 2370 25

172 2385 210 2420 et
231 2380 303 2423 31.
359 2393 403 2420 ac
433 2382 587 2421 eosdem
614 2384 697 2436 pari
720 2384 798 2422 sere
824 2395 911 2421 casu
938 2382 1078 2421 Iuliano
1106 2387 1144 2421 et
1172 2383 1322 2423 Valenti
1346 2384 1506 2423 violenta
1529 2389 1652 2424 morte

171 2437 342 2490 perituris
371 2437 583 2477 militantes.
642 2441 887 2477 Protectores
911 2453 1059 2491 quoque
1088 2445 1269 2479 memorat
1298 2441 1396 2480 idem
1425 2441 1449 2480 l.
1474 2441 1553 2490 24,
1582 2454 1653 2480 nec

170 2507 249 2533 non
280 2498 318 2533 et
352 2494 590 2544 Scholare35
633 2510 725 2548 quos
762 2510 890 2536 omnes
920 2497 1149 2548 imperatoris
1181 2498 1380 2550 stipatores
1411 2502 1449 2537 et
1481 2497 1653 2538 satellites

170 2551 286 2590 fuisse
324 2552 488 2591 ostendit
524 2565 634 2604 quam
668 2554 810 2593 erudite
842 2554 1024 2593 Henrieus
1056 2553 1223 2592 Valesius
1266 2555 1304 2593 in
1335 2555 1650 2594 annotationibus,

171 2608 324 2646 eosdem
351 2607 536 2660 plerisque
565 2611 654 2649 locis
683 2605 1140 2664 σπαθαροκανδιδάτους
1165 2615 1274 2651 vocat
1300 2611 1356 2650 ius
1383 2612 1650 2652 Graecoroma-

169 2676 272 2704 num.
332 2664 471 2705 GoAn.

284 2719 382 2762 ibid.
440 2722 605 2762 Marcum
620 2729 754 2773 autem,
778 2725 841 2775 qui
859 2728 946 2776 post
966 2725 1195 2764 Gordianum
1210 2720 1326 2765 lectus
1344 2726 1427 2775 suit,
1449 2727 1646 2766 triennium

172 2777 374 2830 imperasse
387 2776 461 2832 (ib.
475 2793 510 2822 v.
525 2779 599 2831 16)
626 2781 856 2820 salsissimum
877 2786 949 2829 est,
977 2794 1057 2820 cum
1076 2782 1134 2821 vel
1154 2795 1200 2822 ex
1223 2782 1374 2821 Zonara
1395 2787 1542 2823 constet
1562 2796 1644 2822 eum

172 2835 337 2875 nondum
366 2842 521 2891 occepto
549 2839 704 2892 imperio
733 2839 954 2879 exstinctum
980 2839 1105 2879 fuisse.
1163 2839 1198 2879 ei
1229 2839 1387 2879 Severus
1415 2840 1643 2880 Hostiliauus
