1916 3210
337 185 436 232 780
759 183 1054 227 XYLANDRI
1080 183 1158 227 ET
1193 183 1367 229 GOARI

335 295 530 361 sufficitur,
561 293 661 331 cuius
678 293 869 344 imperium
890 293 1019 333 eadem
1040 294 1108 333 fuit
1129 295 1356 335 condicione
1411 296 1442 334 is
1464 308 1488 336 a
1507 297 1666 337 cedreni
1682 297 1793 338 libra·

335 353 390 391 rio
423 351 649 398 lustilianus‚
678 362 701 387 a
733 349 903 389 Zonarae
934 356 1032 389 recte
1060 350 1288 391 Hostilianas
1321 352 1463 391 dicitur
1517 357 1617 393 certe
1635 363 1704 407 pro
1726 353 1792 407 ἔτη

335 405 509 472 ᾗμέρας,
537 417 609 457 pro
623 405 728 443 annis
746 406 825 444 dies
844 407 1044 456 legendum
1064 411 1168 458 puto.
1225 409 1326 459 quod
1348 421 1460 460 supra
1479 412 1537 448 est
1560 405 1644 463 (ib.
1663 421 1701 451 v.
1722 406 1791 466 1).

333 466 369 501 is
382 463 475 513 ficit
492 468 610 513 pater
628 475 661 498 s.
684 462 872 513 martyris·
887 462 1113 514 Eugeniae,
1141 463 1249 514 quale
1267 466 1335 514 sit,
1365 478 1409 504 ex
1431 465 1603 518 Philippo
1621 465 1792 507 Zome

332 522 467 560 disces.
520 519 626 557 er..

445 590 483 628 p.
493 574 575 617 450
587 587 622 616 V.
632 575 700 614 22
729 568 916 625 Βόστρων
933 578 990 614 est
1005 576 1116 614 etiam
1134 577 1233 627 apud
1249 577 1452 626 Zonaram3
1474 581 1514 617 et
1525 575 1793 618 Arabenssnmc

334 634 447 672 fuisse
469 645 511 670 ac
531 631 666 668 Bostra
686 631 841 669 Arabiae
861 631 1009 681 urbem,
1040 632 1169 682 reliqui
1186 634 1352 675 tradunt.
1407 639 1445 674 et
1464 634 1612 686 quidem
1633 633 1793 674 Amma-
1794 663 1798 667 ψ

334 702 403 728 nus
436 686 682 732 Marcellinus,
711 687 868 738 scriptor
897 687 1223 739 diligentissimus,
1249 689 1422 729 Bostram
1446 689 1640 730 Armeniae
1664 690 1795 743 ingm-

334 750 410 784 tem
434 749 547 795 atque
569 744 743 781 munitam
767 743 896 782 urbem
918 750 1195 792 commemorat,
1224 745 1250 786 l.
1274 743 1343 787 14.
1371 757 1373 760 ⁴
1399 747 1505 788 er„

447 814 485 852 p.
506 799 590 841 452
613 812 646 837 v.
670 800 708 839 1.
766 800 801 836 is
827 798 875 836 ob
904 801 1100 851 corporis]
1127 796 1359 853 ambiguum,
1390 803 1439 842 de
1465 804 1657 855 Sapor-ene
1675 814 1724 842 an
1743 803 1794 843 de

333 857 501 909 Philippo
534 855 688 905 intelligi
719 856 868 896 debeat.
924 857 1091 896 Zonaras
1115 859 1163 897 de
1187 859 1332 910 Sapore
1357 860 1522 911 exponit.
1576 858 1792 899 Valeriam

334 919 458 953 autem
494 914 566 952 huc
600 925 676 951 non
712 914 888 965 pertinet.
943 915 1011 967 sed
1049 913 1106 953 vel
1142 914 1309 954 Zonaras
1342 915 1400 955 bic
1430 917 1605 956 lectorem
1634 917 1792 969 explica-

333 972 401 1013 bit.
455 970 562 1009 Xn..
1460 995 1463 998 ›

445 1040 487 1079 p.
505 1024 588 1068 454
607 1039 640 1067 v,
662 1028 702 1068 9.
759 1025 954 1075 mirificus
976 1026 1088 1063 Greer
1053 1025 1216 1078 gorius]
1243 1002 1565 1068 Neocaesariensis
1585 1029 1791 1081 episcopus.

333 1085 421 1123 vide
451 1083 697 1135 Nicephorum
725 1083 752 1122 6
787 1084 854 1123 17.
909 1095 1006 1134 quae
1027 1085 1075 1122 de
1091 1082 1244 1123 Manete
1259 1088 1482 1135 sequuntur,
1514 1088 1600 1125 sunt
1621 1085 1731 1125 etiam
1751 1085 1791 1123 in

335 1142 476 1179 Suidae
505 1139 755 1191 collectaneis3
799 1152 896 1188 quae
926 1140 1040 1178 secuti
1072 1152 1216 1189 sumus,
1254 1140 1316 1179 ubi
1345 1142 1481 1180 rectius
1505 1146 1635 1181 nostro
1664 1141 1793 1181 codice

332 1196 470 1237 habere
484 1197 744 1235 iudicabamus.
799 1196 903 1235 Xn.

441 1267 482 1305 p.
511 1251 597 1294 464
630 1265 667 1292 v.
695 1250 737 1293 4.
794 1251 983 1290 Perinthi
1017 1251 1079 1291 acl
1109 1252 1360 1303 comiadum]
1395 1253 1498 1292 locus
1536 1256 1594 1293 est
1633 1252 1790 1292 mutilus.

328 1309 442 1362 paulo
470 1314 556 1349 ante
585 1313 708 1348 certae
735 1308 909 1360 perniciei
936 1310 1094 1348 obnoxia
1119 1310 1234 1359 verti,
1266 1322 1364 1360 quae
1388 1315 1512 1349 noster
1536 1305 1634 1361 μετὰ
1653 1311 1791 1361 κλιμα-

327 1363 487 1419 κτήρων
516 1366 616 1404 dicit.
652 1366 759 1405 Xn.
821 1367 1091 1418 κλιμακτῆρας
1112 1366 1335 1417 interpretor
1360 1378 1482 1405 rerum
1511 1367 1642 1405 dubios
1669 1379 1790 1415 casus,

328 1436 428 1472 quae
443 1427 483 1461 ut
501 1434 764 1472 nonnunquam
783 1423 982 1462 consistere
1000 1427 1038 1461 et
1052 1423 1198 1473 augeri,
1228 1422 1280 1460 ita
1298 1426 1336 1460 et
1351 1423 1576 1474 frequentius
1593 1423 1633 1460 in
1651 1423 1792 1460 ruinam

327 1480 548 1531 praecipites
569 1479 631 1530 agi
650 1484 936 1526 consueverunt3
963 1479 1180 1530 metaphora
1197 1491 1221 1516 a
1238 1478 1401 1517 revoluto
1420 1483 1657 1531 septenorum
1672 1491 1791 1517 anno-

330 1549 411 1575 rum
440 1535 595 1582 circulo,
625 1535 664 1572 in
697 1546 794 1584 quo,
822 1539 863 1572 ut
893 1535 997 1573 unius
1030 1535 1069 1572 in
1098 1534 1199 1573 aliud
1228 1536 1526 1587 temperamenti,
1555 1536 1608 1575 sic
1631 1540 1671 1575 et
1693 1535 1793 1574 vitae

330 1592 442 1630 solito
461 1591 608 1643 saepius
630 1590 673 1628 fit
694 1591 732 1628 in
754 1594 908 1630 mortem
928 1591 1094 1631 mutatio.
1153 1591 1292 1630 GoAn.

441 1644 497 1685 ib.
529 1660 564 1685 v.
593 1646 678 1692 23„
720 1645 901 1685 haeresin
931 1646 1439 1699 quattuordecimanomm}
1476 1658 1611 1699 nempe
1643 1649 1685 1686 ut
1719 1659 1790 1699 pa-

331 1704 419 1743 scha
442 1704 591 1743 Iudaico
615 1704 781 1742 instituto
805 1716 849 1742 ac
873 1704 933 1742 die
958 1704 1215 1755 celebraretur.
1269 1703 1375 1745 Xn..

443 1774 483 1812 p.
509 1760 591 1802 470
617 1772 654 1799 V.
681 1761 721 1800 8.
766 1755 1015 1812 ’'Atiocynvov}
1049 1761 1134 1810 lego
1150 1756 1398 1810 ’'Affavnvov,
1431 1771 1528 1810 quae
1554 1761 1612 1798 est
1639 1757 1789 1796 Eusebii

332 1817 361 1856 8
392 1818 459 1858 11.
514 1816 618 1855 litera
646 1830 672 1854 v
702 1815 788 1853 vitio
820 1816 955 1855 llbrarii
981 1816 1110 1855 extrita
1141 1819 1182 1854 et
1210 1815 1366 1863 Latina,
1402 1815 1560 1866 ideoque
1593 1814 1686 1853 ltalo
1715 1827 1793 1852 non

331 1874 429 1913 male
455 1872 694 1919 conveniens;
721 1871 847 1922 quales
872 1877 956 1911 sunt
979 1872 1181 1918 Honorati,
1208 1871 1419 1920 Consentii,
1445 1871 1670 1920 innocentii,
1698 1870 1791 1909 alio-

331 1944 427 1968 rum.
484 1929 584 1979 quod
601 1933 722 1967 autem
739 1929 786 1966 de
805 1929 881 1966 eius
900 1941 1012 1968 uxore
1031 1932 1070 1967 et
1086 1928 1229 1966 filiabus
1247 1929 1380 1978 refert,
1411 1928 1450 1966 id
1470 1928 1650 1967 Eusebius
1669 1927 1791 1979 capite

332 1986 502 2037 sequenti
520 1997 750 2035 nequaquam
771 1984 826 2022 his
845 1986 992 2033 tribuit,
1022 1984 1087 2023 sed
1108 1984 1186 2022 aliis
1209 1986 1311 2037 apud
1331 1983 1571 2023 Antiocheam
1588 1983 1659 2022 hoc
1678 1984 1791 2022 modo

333 2047 462 2093 stupro
493 2041 639 2093 elapsiS.
694 2052 807 2092 porro
838 2042 927 2091 quid
961 2041 1149 2091 dignitatis
1181 2041 1229 2080 sit
1263 2041 1460 2091 magister,
1495 2053 1541 2080 ex
1564 2039 1715 2080 Eusebii
1741 2040 1789 2078 de

332 2100 501 2137 Audacto
523 2098 733 2136 narratione
757 2101 797 2135 et
818 2109 862 2136 ex
883 2098 963 2136 aliis
987 2097 1154 2148 colligere
1172 2097 1268 2137 licet.
1323 2097 1434 2135 hodie
1456 2109 1604 2148 quoque
1622 2096 1790 2147 magistri

331 2155 390 2193 vel
413 2154 518 2193 aulae
538 2153 596 2192 vel
618 2154 780 2204 equitnm
804 2154 842 2191 in
866 2153 957 2193 aulis
977 2158 1077 2195 sunt.
1134 2157 1172 2192 et
1195 2153 1418 2205 praedivites
1444 2154 1558 2192 fuisse
1579 2165 1644 2192 eos
1667 2152 1791 2203 magi-

332 2217 430 2249 stros
448 2210 600 2249 historia
618 2209 806 2261 Xyluntae
826 2211 864 2248 in
886 2211 1013 2252 Leone
1032 2210 1271 2248 iconomacho
1292 2210 1414 2249 docet.
1468 2210 1570 2260 quod
1599 2209 1650 2248 ad
1676 2220 1791 2259 quae-

332 2268 488 2306 stionem
508 2267 659 2316 attinet,
687 2265 844 2317 August.
865 2268 889 2309 1
918 2265 974 2308 26
1003 2267 1050 2306 de
1070 2267 1180 2305 civit.
1200 2266 1270 2305 Dei
1292 2266 1345 2304 ait
1365 2279 1407 2305 se
1422 2266 1510 2304 nihil
1527 2265 1664 2304 audere
1681 2264 1730 2304 de
1744 2265 1789 2303 iis

333 2329 475 2362 temere
503 2323 741 2376 pronuntiare
766 2335 862 2374 quae
887 2323 1014 2362 harum
1039 2323 1173 2361 similes
1205 2323 1323 2362 exitus
1354 2321 1589 2362 habuerunt..
1628 2321 1695 2360 sed
1716 2321 1790 2359 ista

331 2379 481 2417 aliorum
516 2383 615 2417 sunt.
658 2378 762 2418 xn.
834 2379 1014 2418 Eusebius
1052 2381 1102 2418 de
1138 2379 1207 2417 hoc
1236 2378 1424 2448 praeclaro
1453 2382 1614 2429 martyre
1646 2379 1673 2419 8
1710 2378 1789 2445 23ξ

328 2435 546 2504 Ῥωμαϊκῆς
579 2431 695 2483 (ἰξίας
727 2434 1010 2505 ἐπειλημμένος
1027 2432 1228 2482 ’Ἀδαυκος
1256 2431 1405 2503 ὄνομα,
1441 2432 1564 2503 γένος
1581 2447 1662 2474 των
1687 2427 1789 2486 παρ’

328 2487 489 2540 Ἰταλοῖς
506 2487 738 2543 ἐπισήμων,
777 2488 844 2532 δια
866 2488 998 2544 πάσης
1016 2489 1225 2559 xpeel-&mv
1243 2487 1348 2544 cimmo
1353 2494 1440 2560 τῆς
1455 2487 1564 2544 παραὶ
1583 2491 1789 2543 βασιλεῦσι

330 2550 470 2600 τιμῆς,
499 2545 547 2596 ὃς
565 2547 633 2589 καὶ
651 2563 721 2596 τας
739 2545 920 2589 καθόλσυ
940 2544 1156 2616 διοικήσεις
1173 2550 1247 2600 τῆς
1264 2543 1366 2601 παρ’
1385 2543 1523 2595 αὐτοῖς
1540 2543 1740 2598 καλουμέι
1740 2560 1789 2597 ης

328 2600 641 2658 μαγιστρότητός
659 2619 699 2645 τε
718 2603 784 2644 καὶ
805 2601 1126 2656 καθολικὸτητος.
1168 2604 1333 2656 quidam
1351 2604 1632 2642 Romanarum
1651 2603 1787 2654 digni-

335 2667 461 2696 tatum
490 2661 653 2697 summis
670 2662 842 2711 potitus,
870 2661 1069 2699 Adane-us
1087 2662 1262 2707 nomine,
1285 2674 1415 2711 genus
1435 2659 1487 2698 ab
1508 2659 1655 2698 Italiae
1673 2657 1788 2697 nobb-

334 2716 495 2753 lissimis
512 2717 589 2753 duc:
584 2730 675 2761 τῆκε,
704 2718 767 2755 νίν
782 2731 858 2767 per
877 2731 1009 2755 omnes
1030 2717 1240 2763 honorum,
1270 2717 1341 2768 qai
1359 2716 1412 2754 ab
1431 2718 1554 2767 impp.
1578 2722 1673 2754 sunt
1685 2727 1788 2768 gra-

334 2772 410 2808 dus
431 2780 660 2821 provectus,
688 2774 747 2810 ita
766 2781 812 2810 ιιι
831 2775 1051 2825 magisterii
1070 2773 1122 2810 ab
1141 2775 1237 2824 ipsis
1256 2775 1402 2820 vocati,
1432 2780 1470 2810 et
1487 2771 1689 2824 generali-5
1711 2770 1788 2808 ad-

336 2829 634 2867 ministrationis
649 2830 926 2882 principatum
949 2829 1173 2868 obtinuerit.
1235 2830 1377 2870 Graeca
1400 2843 1446 2870 ex
1468 2830 1577 2868 animi
1598 2828 1788 2881 proposito
