1890 3236
314 193 412 240 222
788 191 1024 237 GEORGII
1056 193 1300 239 CEDRENI

313 304 529 360 δυστυχίας
553 306 820 360 πειραθῆναι,
871 304 1101 362 παρρησίας
1132 323 1175 349 τε
1203 307 1412 362 μετεδίδου
1441 309 1552 368 αὐτῷ
1576 311 1770 356 καὶ-συν·-
1813 314 1818 319 ’

312 372 562 428 διαιτήσεως.
630 369 650 414 ὃ
672 372 717 414 δέ
737 370 872 422 δόλιος
892 372 949 416 ὢν
969 375 1037 416 καὶ
1055 378 1279 430 πανοῦργος
1294 377 1478 432 μηχανὴν
1499 375 1638 436 §dn-ru
1663 380 1769 424 κατὰ

311 447 384 486 τοῦ
401 438 534 499 ῥηγός,
572 438 660 494 ἥτις
682 439 752 482 τὸν
771 441 846 495 μέν
864 439 968 498 ρῆγα
987 445 1060 498 τῆς
1082 442 1256 499 Καπύης
1275 445 1447 498 ἐδίωξεν,
1479 444 1611 504 ἑαυτῷ·
1628 447 1674 490 δὲ
1693 447 1768 503 τὴν

310 509 412 566 πρὸς
435 508 485 552 τὰ
512 509 638 550 οἶκεΐα
658 505 922 566 ’ὑποστροφὴν
939 511 1167 567 ἐχαρίσατο.
1236 512 1352 563 εἰδὼς
1368 514 1448 571 γὰρ
1467 511 1489 557 ὃ
1510 519 1690 566 τοιοῦτος
1710 513 1768 567 ὥς

309 578 352 619 αἱ
376 575 448 619 δύο
467 577 657 619 Ἰταλικαὶ
675 575 810 628 πόλεις
828 572 948 621 αὗται
957 609 972 631 ,
1011 578 1038 634 ἣ
1057 597 1098 622 τε
1120 579 1271 630 Καπύη
1289 583 1354 624 καὶ
1373 580 1398 637 ἦ
1422 581 1683 637 Βενεβενδός,
1708 583 1764 627 κοῦ
1776 593 1800 631 5

309 644 387 703 πρὸ
411 648 563 687 πολλοῦ
586 649 904 701 προσκτηθεῖσαι
929 651 988 706 τῷ
1017 646 1107 705 ῥηγὶ
1136 651 1309 703 βεβαίαν
1338 650 1386 692 οὗ
1420 649 1669 708 φυλάττουσι
1692 651 1768 708 τὴν
1791 695 1794 699 .

307 713 410 770 πρὸς
432 713 555 756 αὐτὸν
576 715 721 765 πίστιν,
764 714 859 757 ἀλλ’
891 715 952 758 ἀεὶ
985 716 1059 771 τὴν
1091 718 1324 775 ἐλευθερίαν
1354 718 1646 776 φαντάζονται,
1691 720 1767 765 οὔκ

308 781 464 838 ἀγνοῶν
486 782 529 824 δὲ
549 781 609 824 ὅτι
632 784 699 824 καὶ
725 782 795 825 διὰ
825 785 1039 842 φροντίδος
1071 785 1154 829 ἐστὶ
1180 791 1240 845 τῷ
1267 786 1356 844 ῥηγὶ
1382 785 1408 842 ἦ
1438 786 1592 832 τούτων
1617 789 1767 843 βεβαία

307 853 374 893 καὶ
398 851 587 908 ἀσφαλὴς
607 848 867 906 κατάσχεσις,
905 851 1089 910 πρόσεισι
1117 858 1174 912 τῷ
1201 854 1290 913 ρηγὶ
1319 857 1387 898 καὶ
1414 858 1538 914 φησὶν
1565 854 1702 914 “denir
1720 873 1766 901 σε

254 927 287 963 D
311 919 380 962 διὰ
403 917 576 971 παντός,
621 914 654 962 ὦ
681 924 873 974 βασιλεῦ’,
918 927 1171 978 μεριμνῶντα
1201 925 1269 966 καὶ
1305 925 1567 981 φροντίζοντα
1596 929 1684 976 πῶς
1712 924 1764 968 ἂν
1776 933 1821 970 1⁰

307 988 505 1046 ἀσφαλῶς
525 988 711 1039 καθέξεις
729 989 802 1039 τὰς
824 988 1023 1040 Ἰταλικὰς
1050 989 1201 1042 ταύτας
1220 990 1375 1044 πόλεις,
1413 992 1582 1049 ἔρχομαι
1599 994 1768 1051 προσοί-

306 1074 390 1100 σων
416 1054 583 1111 βουλήν.
651 1056 741 1100 ἴσθι
775 1052 859 1110 οὖν,
894 1053 927 1100 ὦ
949 1058 1219 1114 γενναιότατε,
1256 1059 1311 1112 ῶς
1334 1061 1407 1104 οὐκ
1426 1061 1560 1113 ἄλλως
1579 1079 1644 1106 σοι
1664 1061 1766 1117 ‹zue-

305 1124 514 1175 τάπτωτος
538 1123 565 1181 ἡ
592 1128 672 1167 τῶν
702 1123 857 1169 πόλεων
889 1125 1042 1170 τούτων
1073 1127 1312 1183 κατάσχεσις
1342 1129 1494 1182 ἔσεται,
1538 1131 1572 1174 εἲ
1591 1130 1650 1187 μὴ
1670 1129 1766 1181 τοὺς

304 1193 556 1251 προῦχοντας
580 1191 733 1236 τούτων
754 1197 810 1244 εἷς
833 1195 884 1238 τὰ
911 1194 1000 1251 ἤθη
1021 1198 1257 1250 μετοικίσεις
1273 1202 1353 1242 τῶν
1378 1196 1604 1254 Φράγγων·
1644 1197 1764 1257 φύσει

303 1262 382 1319 γὰρ
403 1263 448 1305 τὸ
471 1263 671 1312 ἀκουσίως
688 1262 958 1318 δουλούμενον
977 1264 1180 1320 ἀντέχεται
1195 1271 1268 1321 τῆς
1290 1267 1543 1324 ἐλευθερίας,
1581 1269 1649 1310 καὶ
1670 1284 1762 1311 και-
1775 1272 1819 1309 15

304 1336 379 1388 ροῦ
400 1329 626 1386 λαβόμενον
646 1330 828 1387 ἐκρήσσει
850 1333 896 1376 τὸ
921 1332 1291 1388 σπουδαζόμενον.”
1348 1333 1505 1386 τούτοις
1521 1333 1664 1391 ἡσθεὶς
1675 1342 1765 1387 τοῖς

302 1398 437 1455 λόγοις
462 1397 482 1441 ὃ
507 1398 603 1457 ρήξ,
637 1401 704 1442 καὶ
734 1403 951 1444 λυσιτελεῖν
974 1402 1084 1461 αὐτῷ
1107 1404 1284 1458 οἰηθείς,
1318 1402 1478 1460 ἐγνώκει
1499 1403 1605 1447 οὕτω
1624 1410 1764 1448 ποιεῖν.

299 1470 427 1511 κλοιοὶ
447 1469 581 1511 τοίνυν
599 1467 858 1523 ἐχαλκεύοντο
889 1471 956 1513 καὶ
984 1471 1113 1525 δεσμὰ
1143 1470 1375 1526 λεληθότως
1394 1470 1450 1523 ὥς
1470 1474 1539 1515 ἐπί
1555 1490 1631 1516 τινι
1644 1474 1764 1533 χρείᾳ

299 1535 406 1592 τάχα
434 1535 734 1594 κατεπειγούσῃ.
803 1537 908 1581 οὕτω
942 1539 985 1581 δὲ
1013 1539 1084 1583 τὸν
1113 1539 1219 1597 ῥῆγα
1249 1538 1483 1595 εὐμηχάνως
1510 1539 1532 1583 ὃ
1556 1540 1764 1592 Σολδάνος

301 1605 602 1662 ἀνδραποδίσας
621 1605 803 1663 πρόσεισι
822 1614 905 1657 τοῖς
925 1606 1107 1664 ἐξάρχοις
1123 1613 1204 1651 τῶν
1222 1612 1396 1651 πολιτῶν
1415 1610 1502 1664 (καὶ
1523 1609 1601 1667 γὰρ
1624 1609 1676 1666 δὴ
1692 1611 1760 1652 καὶ
1772 1615 1818 1652 20

159 1678 190 1713 P
214 1678 281 1716 579
305 1672 463 1725 τούτοις
490 1673 673 1728 συνήθης
704 1675 853 1730 ἐγένετο
887 1678 955 1718 καὶ
982 1681 1157 1731 συνεχῶς
1185 1675 1336 1731 ὁμιλῶν
1360 1678 1542 1733 διετέλει)
1571 1680 1639 1720 καὶ
1661 1679 1762 1736 φησὶ

301 1742 404 1798 πρὸς
427 1742 576 1793 αὐτοὺς
604 1740 864 1800 ιιἀπόρρητόν
890 1762 929 1787 τι
957 1745 1164 1801 ἐξενεγκεῖν
1184 1744 1386 1800 βούλομαι
1406 1746 1508 1804 πρὸς
1527 1744 1658 1802 ὑμᾶς,
1693 1747 1762 1790 δέ-

301 1813 419 1855 δοικα
444 1811 487 1854 δὲ
503 1811 563 1867 μὴ
584 1810 777 1856 ἔκπυστον
797 1810 1003 1870 γενόμενον
1020 1814 1114 1868 ἐμοί
1127 1831 1169 1857 τε
1188 1813 1361 1873 ὄλεθρον
1383 1816 1450 1858 καὶ
1468 1812 1564 1871 ὑμῖν
1580 1816 1762 1859 κίνδυνον

391 1950 417 1987 4
438 1947 460 1986 ὁ
484 1950 656 1993 τοιοῦτος
679 1962 733 1987 om
757 1952 789 1988 C

301 2085 383 2108 cans
407 2075 612 2120 sapientem,
632 2076 743 2111 libere
766 2077 948 2124 postmodo
969 2087 1085 2113 secum
1109 2078 1277 2124 congredi
1295 2090 1337 2114 ac
1355 2077 1493 2114 versari
1513 2076 1685 2125 permisit.
1723 2080 1761 2113 at

302 2120 496 2163 Soldanus‚
523 2121 622 2156 homo
648 2124 748 2157 vafer
770 2129 807 2158 et
832 2130 1013 2169 versutus,
1041 2124 1154 2159 dolum
1176 2125 1255 2169 regi
1275 2125 1407 2169 tendit,
1441 2136 1510 2170 quo
1535 2135 1611 2158 eum
1635 2124 1761 2169 Capua

302 2166 436 2212 expulit
466 2167 605 2212 sibique
635 2168 680 2203 ad
702 2180 783 2203 suos
806 2170 955 2204 reditum
979 2170 1142 2205 confecit.
1190 2172 1275 2205 duas
1301 2171 1426 2206 Italiae
1450 2172 1572 2214 urbes,
1604 2170 1760 2216 Capuam

301 2224 343 2246 ac
365 2213 622 2258 Beneventum,
657 2214 792 2250 sciebat
821 2227 933 2262 nuper
965 2227 986 2250 a
1016 2228 1101 2261 rege
1123 2218 1286 2252 subactas
1308 2217 1346 2251 in
1368 2217 1438 2251 fide
1461 2216 1536 2250 eius
1557 2220 1761 2251 constanter

301 2270 371 2292 non
394 2270 620 2305 permanere,
643 2260 706 2294 sed
729 2261 841 2296 adhuc
862 2262 1058 2296 libertatem
1081 2263 1272 2298 somniare:
1307 2274 1421 2307 neque
1443 2262 1631 2307 ignorabat
1646 2262 1692 2296 de
1713 2260 1760 2296 iis

300 2310 398 2338 certo
431 2310 577 2350 tutoque
607 2306 800 2341 retinendis
830 2319 946 2353 regem
972 2320 1051 2342 esse
1073 2308 1258 2343 solicitum.
1305 2321 1389 2354 ergo
1411 2320 1529 2352 regem
1550 2307 1760 2352 compellans

297 2346 448 2384 “video'’
479 2352 594 2396 inquit
628 2348 689 2386 “te
723 2352 863 2388 assiduo
896 2354 1056 2388 meditari
1079 2359 1116 2389 et
1138 2366 1254 2389 curam
1277 2354 1480 2400 impendere
1501 2354 1672 2398 quomodo
1696 2353 1760 2388 has

298 2396 385 2430 duas
409 2397 513 2431 urbes
538 2401 634 2431 certo
657 2398 812 2433 retineas
834 2399 871 2434 in
888 2405 949 2434 tua
971 2405 1160 2446 potestate.
1208 2412 1251 2435 ea
1281 2401 1326 2436 de
1357 2413 1397 2435 re
1429 2399 1609 2435 consilium
1631 2399 1758 2434 affero.

298 2441 390 2475 scias
415 2441 534 2487 itaque
556 2455 626 2477 non
651 2443 752 2478 aliter
774 2444 840 2479 tibi
862 2446 995 2480 firmum
1016 2446 1052 2480 in
1075 2458 1133 2481 eas
1156 2447 1234 2481 fore
1260 2446 1439 2493 imperium
1463 2457 1564 2490 quam
1586 2444 1619 2480 si
1641 2455 1759 2479 earum

298 2486 477 2533 principes
501 2489 537 2522 in
562 2489 746 2524 Franciam
769 2492 946 2536 deportes.
977 2498 1103 2527 natura
1126 2492 1214 2527 enim
1235 2492 1283 2526 ita
1306 2498 1540 2537 comparatum
1563 2496 1618 2525 est
1639 2495 1679 2525 ut
1696 2489 1759 2535 qui

298 2533 402 2566 inviti
426 2534 596 2579 serviunt,
631 2535 658 2569 ii
679 2535 877 2572 libertatem
901 2539 1076 2583 affectent,
1110 2544 1147 2574 et
1169 2539 1262 2584 quod
1280 2539 1436 2584 cupiunt,
1469 2537 1514 2571 ad
1535 2536 1574 2571 id
1596 2535 1758 2571 obtinen-

299 2579 378 2612 dum
410 2586 511 2624 capto
545 2587 702 2626 tempore
740 2582 959 2629 erumpant.”
1011 2584 1102 2618 hunc
1135 2596 1326 2619 sermonem
1358 2595 1421 2618 rex
1456 2587 1591 2627 gratum
1623 2581 1758 2626 habuit,

298 2635 446 2668 esseque
469 2625 534 2659 hoc
557 2627 593 2660 in
617 2639 687 2661 rem
711 2639 807 2663 suam
831 2635 926 2664 ratus
949 2630 1072 2665 statuit
1095 2630 1251 2675 exsequi.
1274 2630 1394 2675 itaque
1416 2628 1484 2662 iam
1510 2627 1644 2662 occulte
1662 2639 1758 2662 com-

299 2670 406 2715 pedes
430 2683 555 2706 aereae
579 2674 790 2716 parabantur
812 2680 848 2710 et
870 2676 1018 2719 vincula,
1042 2675 1151 2710 veluti
1174 2676 1216 2710 ad
1240 2687 1322 2710 usus
1345 2674 1431 2709 alios
1453 2675 1619 2718 quosdam
1635 2674 1757 2717 requi-

299 2722 472 2753 rerentur.
508 2723 544 2751 at
565 2718 736 2754 soldanus
755 2721 820 2754 hoc
843 2728 1032 2756 commento
1056 2733 1173 2767 regem
1195 2721 1400 2764 ludificatus,
1426 2719 1605 2765 principes
1628 2719 1757 2754 civium

301 2763 397 2806 (nam
421 2763 540 2797 horum
564 2776 702 2809 quoque
726 2766 993 2802 familiaritatem
1015 2779 1057 2802 ac
1079 2768 1236 2802 crebram
1258 2766 1540 2801 consuetudinem
1561 2765 1631 2800 sibi
1651 2775 1757 2812 para-

301 2811 419 2853 verat)
444 2821 631 2854 aggressus
662 2811 792 2846 habere
825 2824 865 2847 se
886 2824 1048 2848 arcanum
1072 2813 1244 2856 ostendit,
1277 2812 1369 2856 quod
1391 2811 1479 2857 ipsis
1505 2812 1656 2855 indicet,
1687 2810 1757 2845 nisi

301 2857 521 2893 metuendum
553 2855 623 2892 sibi
654 2856 703 2892 sit
731 2869 775 2894 ne
804 2858 832 2894 ii
860 2870 902 2894 eo
932 2859 1094 2905 evulgato
1125 2858 1234 2895 indici
1266 2858 1430 2904 exitium,
1465 2857 1535 2895 sibi
1565 2856 1756 2905 periculum
