1890 3236
479 174 879 222 HISTORIARUM
912 174 1307 222 GOMPENDIUM.
1533 174 1634 223 209

154 289 312 351 πολλὴν
334 293 417 334 τῶν
442 289 680 346 ἐπιτηδείων
703 291 771 334 καὶ
790 289 850 347 μὴ
870 289 1043 334 δεδιέναι
1058 289 1226 348 χρονίαν
1244 289 1493 348 πολιορκίαν,
1527 288 1633 348 ἄρας

154 360 344 404 ἐντεῦθεν
370 363 424 418 τῇ
443 361 692 415 Μανιχαίων
713 358 964 418 προσβάλλει
991 363 1066 417 γῇ,
1109 359 1176 402 καὶ
1204 356 1338 402 πάντα
1365 358 1418 402 τὰ
1445 360 1487 402 ἓν
1511 361 1630 404 ποσὶν

155 426 440 487 ὃκτεφρῶσας,
485 427 533 472 τὸ
557 428 768 486 Ἀργαοῦθ
788 427 1002 486 λεγόμενον
1024 426 1222 486 φρούριον
1239 429 1308 471 καὶ
1330 427 1376 471 τὸ
1396 429 1629 473 Κουτακίου

153 499 223 541 καὶ
240 497 288 540 τὸ
305 494 519 555 Στεφάνου
544 500 613 540 καὶ
634 498 686 542 τὸ
706 496 889 555 Ἀραρᾶχ
911 495 1125 554 ἐμπρήσας
1141 496 1408 552 κατέσκαψεν.
1476 499 1631 542 ἐκεῖθεν

119 567 321 624 ὄᾶγείρας
341 566 412 609 τὸν
432 565 607 624 στρατὸν
627 572 701 623 τῆς
723 567 788 610 ἐπὶ
807 565 882 621 τὴν
904 563 1206 620 βασιλεύουσαν
1226 565 1368 620 εἴχετο.
1436 568 1504 610 καὶ
1532 567 1631 619 τοὺς

151 636 228 691 μὲν
255 633 573 692 ἀριστεύσαντας
599 641 681 679 τῶν
706 639 965 694 στρατιωτῶν
983 632 1160 690 τιμήσας
1181 634 1402 678 ἀπέλυσεν·
1437 635 1561 687 αὐτὸς
1584 637 1630 680 δὲ

151 703 228 760 τὴν
243 706 439 759 βασιλίδα
456 705 672 760 κατασχὼν
687 705 755 748 καὶ
774 705 1020 762 περαιωθεὶς
1043 705 1098 755 εἷς
1114 700 1296 763 Θρᾴκην,
1328 705 1372 747 ἐκ
1390 709 1463 747 τοῦ
1477 703 1627 759 Ἑβδό-

150 789 232 828 μου
261 773 335 828 τὴν
364 775 566 829 δημοσίαν
594 771 865 830 ποιησάμενος
885 771 1075 831 πρόοδον,
1109 771 1179 815 διὰ
1201 777 1274 828 τῆς
1290 778 1449 830 χρυσῆς
1470 773 1623 831 πόρτης
1643 781 1676 818 C

151 842 349 886 εἶσελθὼν
365 843 435 885 καὶ
451 844 664 900 θρίαμβον
682 842 920 899 καταγαγών
936 842 1378 898 μεγαλοπρεπέστατον,
1399 847 1473 885 τοῦ
1491 841 1624 899 δήμου

0 911 8 958 ,l
92 919 140 957 10
152 909 304 962 παντὸς
322 911 527 963 ἐπινικίοις
548 919 703 970 φωναῖς
722 914 790 954 καὶ
816 912 1033 970 εὐφημίαις
1063 910 1188 954 αὐτὸν
1209 909 1506 968 μεγαλύνοντος
1528 911 1625 970 ἄχρι

0 975 10 1038 ξ
147 985 223 1024 τοῦ
249 983 352 1023 ναοῦ
375 984 449 1036 τῆς
479 985 554 1024 τοῦ
582 985 688 1024 θεοῦ
710 980 985 1024 ἕνυποστάτου
1015 981 1165 1038 σοφίας
1191 981 1356 1036 ἐγένετο.
1424 982 1549 1024 ἐκεῖσε
1577 983 1624 1025 δὲ

146 1047 358 1106 γενόμενος
369 1050 438 1092 καὶ
454 1054 514 1109 τῷ
530 1054 621 1109 θεῷ
638 1050 968 1108 εὐχαριστηρίους
986 1049 1166 1100 ἀποδοὺς
1177 1048 1343 1104 ὕμνους,
1362 1049 1476 1108 παρὰ
1491 1050 1623 1107 ’Ῑγνα-

145 1119 234 1162 τίου
261 1135 305 1162 τε
335 1122 410 1161 τοῦ
438 1117 692 1177 πατριάρχου
723 1121 956 1171 ταινιωθεῖς
987 1118 1225 1177 στεφάνοις,
1261 1119 1454 1174 ἐπανῆκεν
1485 1123 1542 1170 εἰς
1568 1120 1621 1163 τὰ

143 1188 358 1243 βασίλεια,
392 1186 540 1245 μικρόν
565 1207 609 1233 τε
641 1190 860 1244 συνησθεὶς
891 1193 943 1247 τῇ
973 1189 1131 1245 γυναικὶ
1164 1189 1233 1230 καὶ
1259 1194 1344 1239 τοῖς
1363 1188 1513 1240 τέκνοις
1537 1193 1620 1233 τῶν

90 1265 136 1303 15
146 1260 363 1301 πολιτικῶν
381 1251 507 1308 αὖθις
529 1257 653 1313 εἶχετο
676 1255 924 1314 διοικήσεων.

285 1329 360 1384 Τῷ
390 1326 435 1369 δ’
469 1325 622 1370 ἐπιόντι
659 1325 797 1385 χρόνῳ
837 1331 911 1370 τοῦ
954 1330 1035 1369 τῶν
1066 1323 1314 1379 Μανιχαίων
1351 1325 1619 1382 ἐξηγουμένου

143 1392 428 1453 Χρυσόχειρος
447 1397 505 1446 εἷς
524 1395 600 1451 τὴν
617 1393 698 1438 τῶν
723 1394 934 1450 Ῥωμαίων
952 1393 1202 1449 ἐμβαλόντος
1216 1397 1346 1450 βαρεῖ
1367 1399 1531 1453 στρατῷ
1549 1397 1619 1439 καὶ

141 1462 295 1520 ταύτην
313 1465 551 1519 ληϊζομένου
562 1495 577 1517 ,
613 1464 847 1508 ἀποστέλλει
878 1463 973 1507 κατ’
998 1463 1127 1507 αὐτοῦ
1154 1461 1348 1518 συνήθως
1376 1461 1397 1505 ὅ
1424 1465 1619 1518 βασιλεὺς

140 1532 213 1577 τὸν
243 1537 326 1577 τῶν
353 1536 511 1588 σχολῶν
544 1531 820 1590 ἐξηγούμενον.
888 1528 1008 1584 οὗτος
1045 1534 1091 1576 δὲ
1127 1531 1260 1575 πάντα
1287 1531 1357 1574 τὸν
1387 1529 1610 1588 Ῥωμαϊκὸν
1632 1541 1667 1578 D

80 1601 317 1660 wmpatdv
345 1601 714 1660 συμπαρειληφώς,
766 1602 903 1658 ἐπειδὴ
936 1603 1112 1663 σταὸαίᾳ
1141 1600 1255 1657 μάχῃ
1284 1607 1417 1658 κρῖναι
1449 1602 1495 1645 τὸ
1533 1606 1614 1644 πᾶν

137 1672 311 1724 ἔδειλία,
353 1672 568 1730 παρείπετο
599 1672 699 1723 τέως
727 1672 840 1732 αὐτῷ
869 1669 951 1715 ἀπό
981 1688 1090 1722 τινος
1118 1668 1413 1726 διαστήματος,
1449 1671 1613 1722 καὶτὰς

135 1741 306 1800 μερικὰς
326 1739 479 1799 ἆνεΐργε
499 1739 785 1800 καταδρομάς,
820 1742 888 1784 καὶ
923 1739 971 1785 οὗ
1001 1737 1219 1798 συνεχώρει
1246 1739 1352 1783 κατὰ
1380 1743 1454 1796 τῆς
1468 1737 1612 1798 χώρας

225 1871 251 1909 3
275 1867 445 1918 α’ργαούβ
469 1870 501 1906 C
638 1871 663 1910 4
686 1868 835 1919 ἅραχάχ
857 1871 890 1910 0
1027 1873 1051 1909 8
1072 1868 1145 1918 τὴν
1166 1881 1222 1907 om
1245 1868 1277 1906 C
1393 1871 1438 1906 11
1462 1866 1607 1916 ἐγένετο

226 1929 283 1954 om
307 1919 338 1954 C
475 1919 524 1955 20
539 1916 704 1966 σταδαίῳ
727 1919 759 1955 C

131 2043 188 2068 ma
210 2043 286 2068 eam
309 2043 425 2069 rerum
447 2034 724 2070 necessariarum
747 2034 850 2082 copia
869 2032 1088 2078 instructam,
1121 2032 1172 2068 ita
1197 2035 1237 2068 ut
1264 2041 1286 2066 a
1315 2030 1478 2065 diuturna
1507 2030 1603 2065 obsi-

131 2080 239 2115 dione
259 2078 294 2114 ei
317 2079 404 2114 nihil
429 2086 525 2116 esset
548 2080 706 2126 periculi,
732 2082 836 2117 motis
861 2080 986 2115 castris
1009 2080 1092 2115 inde
1115 2080 1160 2114 ad
1180 2077 1464 2114 Manichaeorum
1489 2077 1604 2111 dicio-

130 2137 210 2162 nem
232 2125 346 2161 duxit.
394 2138 436 2161 eo
459 2127 497 2161 in
520 2126 650 2162 itinere
674 2128 789 2162 omnia
812 2139 1018 2173 quacunque
1041 2127 1113 2161 iret
1133 2124 1296 2160 incendio
1321 2123 1357 2158 in
1382 2123 1518 2157 cineres
1543 2134 1603 2156 re-

130 2172 252 2218 degit,
285 2172 449 2218 interque
481 2173 570 2208 haec
600 2174 817 2218 Arganthum
843 2173 1025 2208 Cutacium
1048 2171 1297 2218 Stephanicum
1327 2174 1364 2204 et
1386 2169 1604 2203 Arachacum

130 2217 290 2254 castella.
337 2218 394 2254 his
425 2220 532 2254 rebus
563 2220 675 2265 gestis
700 2220 829 2266 Cpolin
852 2231 935 2254 suos
961 2218 1121 2263 reduxit,
1153 2223 1190 2252 et
1222 2215 1351 2251 milites
1382 2226 1528 2260 quorum
1559 2226 1602 2249 eo

130 2263 224 2300 bello
248 2264 362 2300 virtus
408 2265 565 2300 raeclara
588 2266 726 2310 suisset,
757 2266 948 2301 honoratos
972 2264 1116 2299 dimisit.
1163 2262 1241 2309 ipse
1266 2262 1311 2296 ad
1335 2262 1455 2295 urbem
1478 2271 1603 2294 rever-

131 2321 191 2346 sus
213 2321 290 2345 eum
312 2310 351 2345 in
407 2310 561 2346 hraciam
585 2311 796 2357 traiecisset,
824 2313 869 2347 ab
893 2311 1076 2346 Hebdomo
1101 2309 1240 2355 publice
1263 2319 1328 2354 per
1351 2317 1490 2341 auream
1515 2317 1600 2351 por-

130 2362 202 2392 tam
235 2355 384 2392 intravit
413 2356 799 2403 splendidissimumque
821 2357 921 2392 duxit
943 2355 1172 2403 triumphum,
1198 2353 1364 2388 universo
1389 2351 1517 2398 populo
1542 2352 1601 2387 vi-

130 2402 267 2438 ctoriae
289 2402 545 2447 gratulantibus
569 2403 715 2438 vocibus
740 2403 935 2448 faustisque
958 2400 1264 2438 acclamationibus
1285 2403 1521 2445 prosequente
1539 2409 1601 2432 us-

156 2461 200 2485 ue
220 2449 266 2483 ed
288 2450 408 2484 aedem
431 2449 643 2495 sapientiae,
668 2461 758 2495 quae
782 2450 934 2485 eiusdem
958 2454 1011 2484 est
1035 2459 1110 2482 cum
1131 2447 1198 2481 deo
1221 2445 1409 2481 essentiae.
1438 2444 1489 2478 ibi
1512 2444 1600 2479 actis

129 2461 196 2532 geo
218 2495 366 2540 gratiis,
402 2497 445 2530 ab
477 2495 616 2540 Ignatio
646 2496 844 2541 patriarcha
877 2495 1015 2530 coronis
1043 2493 1226 2529 redimitus
1257 2491 1294 2526 in
1316 2491 1449 2536 regiam
1471 2490 1602 2534 rediit3

127 2552 276 2587 cumque
298 2553 338 2576 se
362 2541 533 2588 paululum
559 2553 632 2577 cum
655 2553 765 2576 uxore
785 2548 822 2578 et
843 2541 965 2577 liberis
989 2541 1213 2585 oblectasset,
1238 2549 1373 2574 rursum
1397 2549 1436 2573 se
1460 2537 1505 2572 ad
1526 2548 1599 2572 rem

125 2588 298 2635 publicam
321 2589 580 2634 gubernandam
603 2588 762 2623 contulit.

216 2635 318 2670 Anno
341 2634 403 2680 qui
425 2634 518 2669 hunc
540 2636 699 2680 proxime
721 2635 927 2670 subsecutus
952 2637 1021 2678 est,
1044 2643 1119 2667 cum
1143 2629 1344 2667 Manichaei
1368 2629 1456 2663 duce
1479 2628 1598 2673 Chry-

126 2679 265 2716 soc-hire
289 2692 413 2726 magno
437 2693 513 2715 cum
537 2681 693 2716 exercitu
716 2680 754 2715 in
776 2682 1008 2716 Romanorum
1040 2678 1212 2714 dicionem
1242 2675 1505 2722 impressionem
1539 2676 1597 2709 fe-

123 2726 255 2762 cissent
277 2738 422 2773 eamque
446 2727 764 2773 depraedarentur,
795 2727 988 2772 imperator
1018 2725 1063 2760 de
1093 2735 1191 2759 more
1222 2729 1345 2757 contra
1374 2721 1466 2756 hunc
1490 2721 1597 2756 mittit

122 2772 318 2808 scholarum
341 2773 549 2819 principem.
596 2773 628 2808 is
653 2774 851 2808 universum
883 2783 999 2807 secum
1023 2772 1153 2806 ducens
1178 2770 1369 2805 Romanum
1393 2767 1598 2812 exercitum,

123 2830 200 2853 cum
225 2819 270 2854 de
294 2831 426 2854 summa
447 2831 564 2855 rerum
585 2820 721 2865 praelio
741 2820 925 2854 decertare
947 2829 1018 2852 non
1042 2817 1210 2860 auderet,
1248 2814 1460 2861 aliquamdiu
1483 2814 1596 2847 inter-

122 2864 215 2901 vallo
236 2865 447 2914 interposito
472 2866 606 2901 hostem
629 2865 841 2914 insequitur,
865 2869 903 2902 et
924 2865 1041 2902 obstat
1062 2875 1108 2900 ne
1130 2862 1213 2900 hinc
1234 2860 1318 2896 inde
1341 2872 1529 2897 excurrere
1552 2870 1595 2895 ac

178 2918 311 2966 δεον-ς.
342 2918 517 2957 θοάτσπιιε
544 2924 630 2957 tom.
659 2919 710 2955 ΙΙ.
1260 2907 1314 2952 14
