<?xml version="1.0" encoding="UTF-8"?>
<!DOCTYPE html PUBLIC "-//W3C//DTD XHTML 1.0 Transitional//EN"
    "http://www.w3.org/TR/xhtml1/DTD/xhtml1-transitional.dtd">
<html xmlns="http://www.w3.org/1999/xhtml" xml:lang="en" lang="en">
 <head>
  <title>
</title>
<meta http-equiv="Content-Type" content="text/html;charset=utf-8" />
  <meta name='ocr-system' content='tesseract 3.04.00' />
  <meta name='ocr-capabilities' content='ocr_page ocr_carea ocr_par ocr_line ocrx_word'/>
</head>
<body>
  <div class='ocr_page' id='page_1' title='image "./corpusscriptorum14niebuoft_0455.png"; bbox 0 0 1890 3236; ppageno 0'>
   <div class='ocr_carea' id='block_1_1' title="bbox 505 172 1666 222">
    <p class='ocr_par' dir='ltr' id='par_1_1' title="bbox 505 172 1666 222">
     <span class='ocr_line' id='line_1_1' title="bbox 505 172 1666 222; baseline -0.001 0"><span class='ocrx_word' id='word_1_1' title='bbox 505 177 902 222; x_wconf 82' lang='lat' dir='ltr'>HISTORIARUM</span> <span class='ocrx_word' id='word_1_2' title='bbox 937 175 1333 220; x_wconf 83' lang='lat' dir='ltr'><strong>GOMPENDIUM.</strong></span> <span class='ocrx_word' id='word_1_3' title='bbox 1564 172 1666 221; x_wconf 86' lang='lat'><strong><em>445</em></strong></span> 
     </span>
    </p>
   </div>
   <div class='ocr_carea' id='block_1_2' title="bbox 123 287 1720 1874">
    <p class='ocr_par' dir='ltr' id='par_1_2' title="bbox 123 287 1720 1874">
     <span class='ocr_line' id='line_1_2' title="bbox 189 287 1668 349; baseline -0.003 -11"><span class='ocrx_word' id='word_1_4' title='bbox 189 292 347 340; x_wconf 65' lang='grc' dir='ltr'><strong><em>αἰκὲίων</em></strong></span> <span class='ocrx_word' id='word_1_5' title='bbox 365 293 669 349; x_wconf 77' lang='grc' dir='ltr'><strong><em>διακοσμοῦντα</em></strong></span> <span class='ocrx_word' id='word_1_6' title='bbox 688 289 822 343; x_wconf 80' lang='grc' dir='ltr'><strong><em>τάξεις</em></strong></span> <span class='ocrx_word' id='word_1_7' title='bbox 841 292 909 334; x_wconf 78' lang='grc' dir='ltr'><strong><em>καὶ</em></strong></span> <span class='ocrx_word' id='word_1_8' title='bbox 929 287 1331 349; x_wconf 74' lang='grc' dir='ltr'><strong><em>παραθαρρύνοντα,</em></strong></span> <span class='ocrx_word' id='word_1_9' title='bbox 1364 289 1433 333; x_wconf 78' lang='grc' dir='ltr'><strong><em>καὶ</em></strong></span> <span class='ocrx_word' id='word_1_10' title='bbox 1450 287 1554 348; x_wconf 79' lang='grc' dir='ltr'><strong><em>πρὸς</em></strong></span> <span class='ocrx_word' id='word_1_11' title='bbox 1569 287 1668 333; x_wconf 75' lang='grc' dir='ltr'><strong><em>ἔαυ-</em></strong></span> 
     </span>
     <span class='ocr_line' id='line_1_3' title="bbox 187 358 1671 420; baseline -0.005 -10"><span class='ocrx_word' id='word_1_12' title='bbox 187 363 261 410; x_wconf 63' lang='grc' dir='ltr'><strong><em>τῢν</em></strong></span> <span class='ocrx_word' id='word_1_13' title='bbox 279 360 544 420; x_wconf 76' lang='grc' dir='ltr'><strong><em>λογισάμενος</em></strong></span> <span class='ocrx_word' id='word_1_14' title='bbox 561 359 619 413; x_wconf 77' lang='grc' dir='ltr'><strong><em>ὥς</em></strong></span> <span class='ocrx_word' id='word_1_15' title='bbox 635 364 672 404; x_wconf 83' lang='grc' dir='ltr'><strong><em>εἷ</em></strong></span> <span class='ocrx_word' id='word_1_16' title='bbox 690 360 835 404; x_wconf 81' lang='grc' dir='ltr'><strong><em>τούτου</em></strong></span> <span class='ocrx_word' id='word_1_17' title='bbox 857 360 1047 417; x_wconf 73' lang='grc' dir='ltr'><strong><em>ἐπιτυχὴς</em></strong></span> <span class='ocrx_word' id='word_1_18' title='bbox 1065 361 1249 417; x_wconf 78' lang='grc' dir='ltr'><strong><em>γένηται,</em></strong></span> <span class='ocrx_word' id='word_1_19' title='bbox 1296 359 1397 420; x_wconf 75' lang='grc' dir='ltr'><strong><em>ῥᾷον</em></strong></span> <span class='ocrx_word' id='word_1_20' title='bbox 1417 358 1470 402; x_wconf 77' lang='grc' dir='ltr'><strong><em>ιῖν</em></strong></span> <span class='ocrx_word' id='word_1_21' title='bbox 1486 361 1554 402; x_wconf 79' lang='grc' dir='ltr'><strong><em>καὶ</em></strong></span> <span class='ocrx_word' id='word_1_22' title='bbox 1573 359 1671 412; x_wconf 76' lang='grc' dir='ltr'><strong><em>τοὺς</em></strong></span> 
     </span>
     <span class='ocr_line' id='line_1_4' title="bbox 189 428 1668 489; baseline -0.004 -11"><span class='ocrx_word' id='word_1_23' title='bbox 189 433 359 484; x_wconf 79' lang='grc' dir='ltr'><strong><em>λοιποὺς</em></strong></span> <span class='ocrx_word' id='word_1_24' title='bbox 374 437 702 489; x_wconf 78' lang='grc' dir='ltr'><strong><em>καταγωνιεΐται,</em></strong></span> <span class='ocrx_word' id='word_1_25' title='bbox 748 430 820 474; x_wconf 83' lang='grc' dir='ltr'><strong><em>τὸν</em></strong></span> <span class='ocrx_word' id='word_1_26' title='bbox 837 432 963 474; x_wconf 65' lang='grc' dir='ltr'><strong><em>ἰ’ππον</em></strong></span> <span class='ocrx_word' id='word_1_27' title='bbox 983 431 1201 485; x_wconf 80' lang='grc' dir='ltr'><strong><em>μυωπίσας</em></strong></span> <span class='ocrx_word' id='word_1_28' title='bbox 1220 428 1424 488; x_wconf 79' lang='grc' dir='ltr'><strong><em>ῥαγδαίως</em></strong></span> <span class='ocrx_word' id='word_1_29' title='bbox 1438 430 1549 472; x_wconf 75' lang='lat' dir='ltr'>‘lusto</span> <span class='ocrx_word' id='word_1_30' title='bbox 1570 428 1668 472; x_wconf 74' lang='grc' dir='ltr'><strong><em>κατ’</em></strong></span> 
     </span>
     <span class='ocr_line' id='line_1_5' title="bbox 189 496 1673 558; baseline -0.003 -12"><span class='ocrx_word' id='word_1_31' title='bbox 189 501 342 555; x_wconf 71' lang='grc' dir='ltr'><strong><em>αὐτοῦ,</em></strong></span> <span class='ocrx_word' id='word_1_32' title='bbox 388 501 465 553; x_wconf 79' lang='grc' dir='ltr'><strong><em>τὰς</em></strong></span> <span class='ocrx_word' id='word_1_33' title='bbox 494 502 680 552; x_wconf 72' lang='grc' dir='ltr'><strong><em>ἐναντίας</em></strong></span> <span class='ocrx_word' id='word_1_34' title='bbox 710 498 925 558; x_wconf 79' lang='grc' dir='ltr'><strong><em>φάλαγγας</em></strong></span> <span class='ocrx_word' id='word_1_35' title='bbox 944 497 1174 543; x_wconf 74' lang='grc' dir='ltr'><strong><em>διακόπτων</em></strong></span> <span class='ocrx_word' id='word_1_36' title='bbox 1195 501 1264 542; x_wconf 83' lang='grc' dir='ltr'><strong><em>καὶ</em></strong></span> <span class='ocrx_word' id='word_1_37' title='bbox 1284 496 1564 550; x_wconf 78' lang='grc' dir='ltr'><strong><em>ἀνυπόστατος</em></strong></span> <span class='ocrx_word' id='word_1_38' title='bbox 1586 503 1673 550; x_wconf 76' lang='grc' dir='ltr'><strong><em>τοῖς</em></strong></span> 
     </span>
     <span class='ocr_line' id='line_1_6' title="bbox 153 566 1672 630; baseline -0.003 -14"><span class='ocrx_word' id='word_1_39' title='bbox 153 576 290 617; x_wconf 62' lang='lat' dir='ltr'>anam</span> <span class='ocrx_word' id='word_1_40' title='bbox 309 569 563 630; x_wconf 80' lang='grc' dir='ltr'><strong><em>φαινόμενος.</em></strong></span> <span class='ocrx_word' id='word_1_41' title='bbox 596 569 676 625; x_wconf 76' lang='grc' dir='ltr'><strong><em>ἤδη</em></strong></span> <span class='ocrx_word' id='word_1_42' title='bbox 701 570 747 612; x_wconf 71' lang='grc' dir='ltr'><strong><em>δὲ</em></strong></span> <span class='ocrx_word' id='word_1_43' title='bbox 766 574 826 628; x_wconf 76' lang='grc' dir='ltr'><strong><em>τῷ</em></strong></span> <span class='ocrx_word' id='word_1_44' title='bbox 847 572 1015 623; x_wconf 85' lang='grc' dir='ltr'><strong><em>βασιλεῖ’</em></strong></span> <span class='ocrx_word' id='word_1_45' title='bbox 1030 570 1301 625; x_wconf 79' lang='grc' dir='ltr'><strong><em>προσεγγίζων</em></strong></span> <span class='ocrx_word' id='word_1_46' title='bbox 1322 568 1451 620; x_wconf 71' lang='grc' dir='ltr'><strong><em>εὐθὺς</em></strong></span> <span class='ocrx_word' id='word_1_47' title='bbox 1467 566 1672 626; x_wconf 70' lang='grc' dir='ltr'><strong><em>ὑποστρέ-</em></strong></span> 
     </span>
     <span class='ocr_line' id='line_1_7' title="bbox 182 637 1670 700; baseline -0.003 -16"><span class='ocrx_word' id='word_1_48' title='bbox 182 659 258 700; x_wconf 82' lang='grc' dir='ltr'><strong><em>φει</em></strong></span> <span class='ocrx_word' id='word_1_49' title='bbox 273 642 342 684; x_wconf 80' lang='grc' dir='ltr'><strong><em>καὶ</em></strong></span> <span class='ocrx_word' id='word_1_50' title='bbox 361 639 418 691; x_wconf 65' lang='lat' dir='ltr'>tii,-</span> <span class='ocrx_word' id='word_1_51' title='bbox 436 646 528 683; x_wconf 83' lang='grc' dir='ltr'><strong><em>τινα</em></strong></span> <span class='ocrx_word' id='word_1_52' title='bbox 549 637 679 696; x_wconf 80' lang='grc' dir='ltr'><strong><em>λόφον</em></strong></span> <span class='ocrx_word' id='word_1_53' title='bbox 699 637 825 681; x_wconf 71' lang='grc' dir='ltr'><strong><em>ἄνεισι</em></strong></span> <span class='ocrx_word' id='word_1_54' title='bbox 834 670 848 690; x_wconf 85' lang='grc'>,</span> <span class='ocrx_word' id='word_1_55' title='bbox 883 639 950 680; x_wconf 76' lang='grc' dir='ltr'><strong><em>καὶ</em></strong></span> <span class='ocrx_word' id='word_1_56' title='bbox 969 641 1044 680; x_wconf 77' lang='grc' dir='ltr'><strong><em>τοῦ</em></strong></span> <span class='ocrx_word' id='word_1_57' title='bbox 1059 639 1187 680; x_wconf 67' lang='grc' dir='ltr'><strong><em>*ἵππου</em></strong></span> <span class='ocrx_word' id='word_1_58' title='bbox 1207 637 1370 692; x_wconf 77' lang='grc' dir='ltr'><strong><em>ἀποβὰς</em></strong></span> <span class='ocrx_word' id='word_1_59' title='bbox 1389 640 1458 680; x_wconf 84' lang='grc' dir='ltr'><strong><em>καὶ</em></strong></span> <span class='ocrx_word' id='word_1_60' title='bbox 1474 637 1578 696; x_wconf 82' lang='grc' dir='ltr'><strong><em>πρὸς</em></strong></span> <span class='ocrx_word' id='word_1_61' title='bbox 1594 642 1670 694; x_wconf 79' lang='grc' dir='ltr'><strong><em>γῆν</em></strong></span> 
     </span>
     <span class='ocr_line' id='line_1_8' title="bbox 188 704 1720 765; baseline -0.001 -11"><span class='ocrx_word' id='word_1_62' title='bbox 188 711 366 760; x_wconf 72' lang='grc' dir='ltr'><strong><em>ἐκτείνας</em></strong></span> <span class='ocrx_word' id='word_1_63' title='bbox 383 707 529 752; x_wconf 66' lang='grc' dir='ltr'><strong><em>ἑαυτὸν</em></strong></span> <span class='ocrx_word' id='word_1_64' title='bbox 551 709 716 751; x_wconf 83' lang='grc' dir='ltr'><strong><em>ἀπέλιπε</em></strong></span> <span class='ocrx_word' id='word_1_65' title='bbox 739 708 813 763; x_wconf 82' lang='grc' dir='ltr'><strong><em>τὴν</em></strong></span> <span class='ocrx_word' id='word_1_66' title='bbox 835 705 955 762; x_wconf 82' lang='grc' dir='ltr'><strong><em>ζωήν,</em></strong></span> <span class='ocrx_word' id='word_1_67' title='bbox 979 706 1056 750; x_wconf 75' lang='grc' dir='ltr'><strong><em>εἴτε</em></strong></span> <span class='ocrx_word' id='word_1_68' title='bbox 1077 704 1193 764; x_wconf 79' lang='grc' dir='ltr'><strong><em>παρά</em></strong></span> <span class='ocrx_word' id='word_1_69' title='bbox 1214 723 1287 750; x_wconf 90' lang='grc' dir='ltr'><strong><em>του</em></strong></span> <span class='ocrx_word' id='word_1_70' title='bbox 1306 711 1389 750; x_wconf 80' lang='grc' dir='ltr'><strong><em>τῶν</em></strong></span> <span class='ocrx_word' id='word_1_71' title='bbox 1409 712 1669 765; x_wconf 83' lang='grc' dir='ltr'><strong><em>στρατιωτῶν</em></strong></span> <span class='ocrx_word' id='word_1_72' title='bbox 1689 717 1720 752; x_wconf 88' lang='grc' dir='ltr'><strong>Β</strong></span> 
     </span>
     <span class='ocr_line' id='line_1_9' title="bbox 187 775 1667 838; baseline -0.001 -16"><span class='ocrx_word' id='word_1_73' title='bbox 187 779 232 822; x_wconf 71' lang='grc' dir='ltr'><strong><em>ἓν</em></strong></span> <span class='ocrx_word' id='word_1_74' title='bbox 253 783 315 838; x_wconf 75' lang='grc' dir='ltr'><strong><em>τῷ</em></strong></span> <span class='ocrx_word' id='word_1_75' title='bbox 331 776 517 829; x_wconf 79' lang='grc' dir='ltr'><strong><em>ἀτάκτως</em></strong></span> <span class='ocrx_word' id='word_1_76' title='bbox 537 778 739 835; x_wconf 76' lang='grc' dir='ltr'><strong><em>φέρεσθαι</em></strong></span> <span class='ocrx_word' id='word_1_77' title='bbox 759 777 920 834; x_wconf 82' lang='grc' dir='ltr'><strong><em>καιρίαν</em></strong></span> <span class='ocrx_word' id='word_1_78' title='bbox 937 777 1096 828; x_wconf 79' lang='grc' dir='ltr'><strong><em>τυπείς,</em></strong></span> <span class='ocrx_word' id='word_1_79' title='bbox 1132 775 1210 819; x_wconf 77' lang='grc' dir='ltr'><strong><em>εἴτε</em></strong></span> <span class='ocrx_word' id='word_1_80' title='bbox 1231 778 1299 819; x_wconf 79' lang='grc' dir='ltr'><strong><em>καὶ</em></strong></span> <span class='ocrx_word' id='word_1_81' title='bbox 1324 775 1459 827; x_wconf 74' lang='grc' dir='ltr'><strong><em>ἄλλως</em></strong></span> <span class='ocrx_word' id='word_1_82' title='bbox 1480 776 1560 819; x_wconf 74' lang='grc' dir='ltr'><strong><em>ἀπὸ</em></strong></span> <span class='ocrx_word' id='word_1_83' title='bbox 1583 793 1667 820; x_wconf 90' lang='grc' dir='ltr'><strong><em>σω-</em></strong></span> 
     </span>
     <span class='ocr_line' id='line_1_10' title="bbox 186 843 1666 904; baseline -0.002 -12"><span class='ocrx_word' id='word_1_84' title='bbox 186 852 361 904; x_wconf 83' lang='grc' dir='ltr'><strong><em>ματικῆς</em></strong></span> <span class='ocrx_word' id='word_1_85' title='bbox 381 847 551 898; x_wconf 74' lang='grc' dir='ltr'><strong><em>ἀταξίας</em></strong></span> <span class='ocrx_word' id='word_1_86' title='bbox 573 847 891 903; x_wconf 73' lang='grc' dir='ltr'><strong><em>κατεργασθείς·</em></strong></span> <span class='ocrx_word' id='word_1_87' title='bbox 937 845 1093 901; x_wconf 82' lang='grc' dir='ltr'><strong><em>πληγὴν</em></strong></span> <span class='ocrx_word' id='word_1_88' title='bbox 1110 845 1246 900; x_wconf 75' lang='grc' dir='ltr'><strong><em>μέντοι</em></strong></span> <span class='ocrx_word' id='word_1_89' title='bbox 1267 845 1344 888; x_wconf 77' lang='grc' dir='ltr'><strong><em>οὖὸ</em></strong></span> <span class='ocrx_word' id='word_1_90' title='bbox 1349 845 1361 861; x_wconf 86' lang='lat'>²</span> <span class='ocrx_word' id='word_1_91' title='bbox 1387 845 1493 896; x_wconf 83' lang='grc' dir='ltr'><strong><em>ὅλως</em></strong></span> <span class='ocrx_word' id='word_1_92' title='bbox 1514 843 1666 903; x_wconf 69' lang='grc' dir='ltr'><strong><em>εὑρέθη</em></strong></span> 
     </span>
     <span class='ocr_line' id='line_1_11' title="bbox 131 913 1668 977; baseline -0.003 -14"><span class='ocrx_word' id='word_1_93' title='bbox 131 919 231 963; x_wconf 74' lang='grc' dir='ltr'><strong><em>1οἔν</em></strong></span> <span class='ocrx_word' id='word_1_94' title='bbox 248 921 309 977; x_wconf 71' lang='grc' dir='ltr'><strong><em>τῷ</em></strong></span> <span class='ocrx_word' id='word_1_95' title='bbox 327 915 487 972; x_wconf 82' lang='grc' dir='ltr'><strong><em>σώματι</em></strong></span> <span class='ocrx_word' id='word_1_96' title='bbox 509 915 624 971; x_wconf 60' lang='grc' dir='ltr'><strong><em>ἔχων,</em></strong></span> <span class='ocrx_word' id='word_1_97' title='bbox 660 917 729 957; x_wconf 81' lang='grc' dir='ltr'><strong><em>καὶ</em></strong></span> <span class='ocrx_word' id='word_1_98' title='bbox 760 915 829 957; x_wconf 77' lang='grc' dir='ltr'><strong><em>διὰ</em></strong></span> <span class='ocrx_word' id='word_1_99' title='bbox 859 918 979 958; x_wconf 80' lang='grc' dir='ltr'><strong><em>τοῦτο</em></strong></span> <span class='ocrx_word' id='word_1_100' title='bbox 1007 913 1029 957; x_wconf 81' lang='grc' dir='ltr'><strong><em>ὃ</em></strong></span> <span class='ocrx_word' id='word_1_101' title='bbox 1052 916 1178 971; x_wconf 79' lang='grc' dir='ltr'><strong><em>λέγων</em></strong></span> <span class='ocrx_word' id='word_1_102' title='bbox 1199 913 1319 971; x_wconf 78' lang='grc' dir='ltr'><strong><em>λόγος</em></strong></span> <span class='ocrx_word' id='word_1_103' title='bbox 1339 916 1570 973; x_wconf 78' lang='grc' dir='ltr'><strong><em>ὁηλητηρίῳ</em></strong></span> <span class='ocrx_word' id='word_1_104' title='bbox 1590 915 1668 958; x_wconf 79' lang='grc' dir='ltr'><strong><em>αὗ·-</em></strong></span> 
     </span>
     <span class='ocr_line' id='line_1_12' title="bbox 185 980 1668 1044; baseline -0.001 -14"><span class='ocrx_word' id='word_1_105' title='bbox 185 985 258 1030; x_wconf 68' lang='lat' dir='ltr'><strong><em>rav</em></strong></span> <span class='ocrx_word' id='word_1_106' title='bbox 279 980 548 1044; x_wconf 74' lang='grc' dir='ltr'><strong><em>οἷναιρεθῆναι</em></strong></span> <span class='ocrx_word' id='word_1_107' title='bbox 570 992 722 1042; x_wconf 74' lang='grc' dir='ltr'><strong><em>κρατεῖ.</em></strong></span> <span class='ocrx_word' id='word_1_108' title='bbox 792 984 957 1042; x_wconf 75' lang='grc' dir='ltr'><strong><em>φέρεται</em></strong></span> <span class='ocrx_word' id='word_1_109' title='bbox 977 984 1056 1042; x_wconf 78' lang='grc' dir='ltr'><strong><em>γὰρ</em></strong></span> <span class='ocrx_word' id='word_1_110' title='bbox 1087 983 1149 1027; x_wconf 80' lang='grc' dir='ltr'><strong><em>ὅτι</em></strong></span> <span class='ocrx_word' id='word_1_111' title='bbox 1175 983 1346 1040; x_wconf 74' lang='grc' dir='ltr'><strong><em>Συμεὼν</em></strong></span> <span class='ocrx_word' id='word_1_112' title='bbox 1372 982 1394 1027; x_wconf 85' lang='grc' dir='ltr'><strong>ὅ</strong></span> <span class='ocrx_word' id='word_1_113' title='bbox 1420 982 1668 1028; x_wconf 84' lang='grc' dir='ltr'><strong><em>πιστικώτα-</em></strong></span> 
     </span>
     <span class='ocr_line' id='line_1_13' title="bbox 182 1051 1666 1112; baseline -0.003 -12"><span class='ocrx_word' id='word_1_114' title='bbox 182 1072 256 1107; x_wconf 84' lang='grc' dir='ltr'><strong><em>τος</em></strong></span> <span class='ocrx_word' id='word_1_115' title='bbox 283 1059 366 1098; x_wconf 79' lang='grc' dir='ltr'><strong><em>τῶν</em></strong></span> <span class='ocrx_word' id='word_1_116' title='bbox 395 1052 665 1112; x_wconf 69' lang='grc' dir='ltr'><strong><em>θεραπόντων</em></strong></span> <span class='ocrx_word' id='word_1_117' title='bbox 698 1054 825 1096; x_wconf 76' lang='grc' dir='ltr'><strong><em>αὐτοῦ</em></strong></span> <span class='ocrx_word' id='word_1_118' title='bbox 832 1085 846 1106; x_wconf 90' lang='lat'><em>‚</em></span> <span class='ocrx_word' id='word_1_119' title='bbox 894 1053 1044 1109; x_wconf 74' lang='grc' dir='ltr'><strong><em>δώροις</em></strong></span> <span class='ocrx_word' id='word_1_120' title='bbox 1070 1051 1150 1096; x_wconf 74' lang='grc' dir='ltr'><strong><em>ὕπὸ</em></strong></span> <span class='ocrx_word' id='word_1_121' title='bbox 1171 1053 1373 1108; x_wconf 73' lang='grc' dir='ltr'><strong><em>βασιλέως</em></strong></span> <span class='ocrx_word' id='word_1_122' title='bbox 1390 1053 1666 1107; x_wconf 75' lang='grc' dir='ltr'><strong><em>ἀναπεισθείς,</em></strong></span> 
     </span>
     <span class='ocr_line' id='line_1_14' title="bbox 185 1121 1665 1183; baseline -0.001 -15"><span class='ocrx_word' id='word_1_123' title='bbox 185 1123 396 1183; x_wconf 81' lang='grc' dir='ltr'><strong><em>φαρμάκῳ</em></strong></span> <span class='ocrx_word' id='word_1_124' title='bbox 411 1127 554 1167; x_wconf 82' lang='grc' dir='ltr'><strong><em>τοῦτον</em></strong></span> <span class='ocrx_word' id='word_1_125' title='bbox 572 1123 810 1169; x_wconf 76' lang='grc' dir='ltr'><strong><em>ἀπέκτεινεν.</em></strong></span> <span class='ocrx_word' id='word_1_126' title='bbox 880 1121 1019 1166; x_wconf 65' lang='grc' dir='ltr'><strong><em>εἰώθει</em></strong></span> <span class='ocrx_word' id='word_1_127' title='bbox 1038 1124 1118 1180; x_wconf 76' lang='grc' dir='ltr'><strong><em>γὰρ</em></strong></span> <span class='ocrx_word' id='word_1_128' title='bbox 1139 1121 1161 1165; x_wconf 84' lang='grc' dir='ltr'>ὁ</span> <span class='ocrx_word' id='word_1_129' title='bbox 1186 1126 1338 1174; x_wconf 82' lang='grc' dir='ltr'><strong><em>Φωκᾶς</em></strong></span> <span class='ocrx_word' id='word_1_130' title='bbox 1359 1124 1403 1166; x_wconf 74' lang='grc' dir='ltr'><strong><em>ἓν</em></strong></span> <span class='ocrx_word' id='word_1_131' title='bbox 1422 1128 1483 1182; x_wconf 75' lang='grc' dir='ltr'><strong><em>τῷ</em></strong></span> <span class='ocrx_word' id='word_1_132' title='bbox 1499 1124 1665 1183; x_wconf 75' lang='grc' dir='ltr'><strong><em>πολέμῳ</em></strong></span> 
     </span>
     <span class='ocr_line' id='line_1_15' title="bbox 182 1190 1667 1251; baseline -0.001 -13"><span class='ocrx_word' id='word_1_133' title='bbox 182 1193 336 1245; x_wconf 73' lang='grc' dir='ltr'><strong><em>ὕδατος</em></strong></span> <span class='ocrx_word' id='word_1_134' title='bbox 361 1197 530 1251; x_wconf 80' lang='grc' dir='ltr'><strong><em>ψυχροῦ</em></strong></span> <span class='ocrx_word' id='word_1_135' title='bbox 555 1193 634 1249; x_wconf 86' lang='grc' dir='ltr'><strong><em>πρὸ</em></strong></span> <span class='ocrx_word' id='word_1_136' title='bbox 667 1196 739 1247; x_wconf 83' lang='grc' dir='ltr'><strong><em>τῆς</em></strong></span> <span class='ocrx_word' id='word_1_137' title='bbox 769 1196 1007 1247; x_wconf 78' lang='grc' dir='ltr'><strong><em>συμπλοκῆς</em></strong></span> <span class='ocrx_word' id='word_1_138' title='bbox 1042 1190 1340 1249; x_wconf 72' lang='grc' dir='ltr'><strong><em>ἀπογεύεσθαι·</em></strong></span> <span class='ocrx_word' id='word_1_139' title='bbox 1390 1192 1414 1236; x_wconf 74' lang='grc' dir='ltr'>ὃ</span> <span class='ocrx_word' id='word_1_140' title='bbox 1437 1193 1513 1236; x_wconf 75' lang='grc' dir='ltr'><strong><em>κᾶν</em></strong></span> <span class='ocrx_word' id='word_1_141' title='bbox 1536 1192 1667 1251; x_wconf 81' lang='grc' dir='ltr'><strong><em>ταύτῃ</em></strong></span> 
     </span>
     <span class='ocr_line' id='line_1_16' title="bbox 128 1260 1720 1322; baseline -0.001 -15"><span class='ocrx_word' id='word_1_142' title='bbox 128 1271 174 1309; x_wconf 81' lang='lat'><strong><em>15</em></strong></span> <span class='ocrx_word' id='word_1_143' title='bbox 184 1268 235 1322; x_wconf 85' lang='grc' dir='ltr'><strong><em>τῇ</em></strong></span> <span class='ocrx_word' id='word_1_144' title='bbox 258 1266 448 1320; x_wconf 82' lang='grc' dir='ltr'><strong><em>συμβολῇ</em></strong></span> <span class='ocrx_word' id='word_1_145' title='bbox 463 1260 636 1317; x_wconf 81' lang='grc' dir='ltr'><strong><em>ποιήσας</em></strong></span> <span class='ocrx_word' id='word_1_146' title='bbox 657 1260 782 1304; x_wconf 67' lang='grc' dir='ltr'><strong><em>ἔλαθε</em></strong></span> <span class='ocrx_word' id='word_1_147' title='bbox 803 1261 1087 1318; x_wconf 79' lang='grc' dir='ltr'><strong><em>συγκαταπιὼν</em></strong></span> <span class='ocrx_word' id='word_1_148' title='bbox 1107 1266 1164 1320; x_wconf 81' lang='grc' dir='ltr'><strong><em>τῷ</em></strong></span> <span class='ocrx_word' id='word_1_149' title='bbox 1187 1260 1308 1305; x_wconf 73' lang='grc' dir='ltr'><strong><em>ὕδατι</em></strong></span> <span class='ocrx_word' id='word_1_150' title='bbox 1329 1264 1396 1305; x_wconf 83' lang='grc' dir='ltr'><strong><em>καὶ</em></strong></span> <span class='ocrx_word' id='word_1_151' title='bbox 1414 1263 1460 1305; x_wconf 85' lang='grc' dir='ltr'><strong><em>τὸ</em></strong></span> <span class='ocrx_word' id='word_1_152' title='bbox 1487 1261 1664 1319; x_wconf 77' lang='grc' dir='ltr'><strong><em>δηλητή-</em></strong></span> <span class='ocrx_word' id='word_1_153' title='bbox 1687 1264 1720 1299; x_wconf 81' lang='lat' dir='ltr'>C</span> 
     </span>
     <span class='ocr_line' id='line_1_17' title="bbox 183 1329 1666 1391; baseline -0.001 -16"><span class='ocrx_word' id='word_1_154' title='bbox 183 1349 287 1391; x_wconf 83' lang='grc' dir='ltr'><strong><em>ριον.</em></strong></span> <span class='ocrx_word' id='word_1_155' title='bbox 356 1332 420 1374; x_wconf 72' lang='grc' dir='ltr'><strong><em>ἐπὶ</em></strong></span> <span class='ocrx_word' id='word_1_156' title='bbox 440 1331 568 1375; x_wconf 75' lang='grc' dir='ltr'><strong><em>πολὺν</em></strong></span> <span class='ocrx_word' id='word_1_157' title='bbox 590 1332 635 1374; x_wconf 77' lang='grc' dir='ltr'><strong><em>δὲ</em></strong></span> <span class='ocrx_word' id='word_1_158' title='bbox 647 1329 798 1389; x_wconf 81' lang='grc' dir='ltr'><strong><em>χρόνον</em></strong></span> <span class='ocrx_word' id='word_1_159' title='bbox 816 1332 858 1374; x_wconf 71' lang='grc' dir='ltr'><strong><em>ἐν</em></strong></span> <span class='ocrx_word' id='word_1_160' title='bbox 878 1336 936 1390; x_wconf 76' lang='grc' dir='ltr'><strong><em>τῷ</em></strong></span> <span class='ocrx_word' id='word_1_161' title='bbox 955 1330 1071 1389; x_wconf 74' lang='grc' dir='ltr'><strong><em>λόφῳ</em></strong></span> <span class='ocrx_word' id='word_1_162' title='bbox 1095 1332 1277 1385; x_wconf 75' lang='grc' dir='ltr'><strong><em>κειμένου</em></strong></span> <span class='ocrx_word' id='word_1_163' title='bbox 1296 1337 1369 1374; x_wconf 80' lang='grc' dir='ltr'><strong><em>τοῦ</em></strong></span> <span class='ocrx_word' id='word_1_164' title='bbox 1390 1335 1521 1374; x_wconf 83' lang='grc' dir='ltr'><strong><em>Φωκᾶ</em></strong></span> <span class='ocrx_word' id='word_1_165' title='bbox 1538 1332 1666 1390; x_wconf 53' lang='lat' dir='ltr'><strong><em>‘gloz-to</em></strong></span> 
     </span>
     <span class='ocr_line' id='line_1_18' title="bbox 182 1398 1668 1461; baseline -0.001 -16"><span class='ocrx_word' id='word_1_166' title='bbox 182 1400 332 1453; x_wconf 75' lang='grc' dir='ltr'><strong><em>πάντες</em></strong></span> <span class='ocrx_word' id='word_1_167' title='bbox 353 1399 423 1444; x_wconf 78' lang='grc' dir='ltr'><strong><em>διά</em></strong></span> <span class='ocrx_word' id='word_1_168' title='bbox 444 1418 536 1445; x_wconf 88' lang='grc' dir='ltr'><strong><em>τινα</em></strong></span> <span class='ocrx_word' id='word_1_169' title='bbox 554 1400 790 1455; x_wconf 85' lang='grc' dir='ltr'><strong><em>σωματικὴν</em></strong></span> <span class='ocrx_word' id='word_1_170' title='bbox 813 1402 1020 1454; x_wconf 84' lang='grc' dir='ltr'><strong><em>μαλακίαν</em></strong></span> <span class='ocrx_word' id='word_1_171' title='bbox 1041 1398 1266 1444; x_wconf 74' lang='grc' dir='ltr'><strong><em>ἀναπαύσει</em></strong></span> <span class='ocrx_word' id='word_1_172' title='bbox 1286 1405 1417 1461; x_wconf 71' lang='grc' dir='ltr'><strong><em>μικρᾷ</em></strong></span> <span class='ocrx_word' id='word_1_173' title='bbox 1435 1399 1580 1444; x_wconf 69' lang='grc' dir='ltr'><strong><em>ἑαυτὸν</em></strong></span> <span class='ocrx_word' id='word_1_174' title='bbox 1600 1402 1668 1444; x_wconf 73' lang='grc' dir='ltr'><strong><em>ε’κ-</em></strong></span> 
     </span>
     <span class='ocr_line' id='line_1_19' title="bbox 184 1468 1668 1528; baseline 0 -14"><span class='ocrx_word' id='word_1_175' title='bbox 184 1470 424 1515; x_wconf 76' lang='grc' dir='ltr'><strong><em>ὀεδωκέναι·</em></strong></span> <span class='ocrx_word' id='word_1_176' title='bbox 459 1468 516 1521; x_wconf 81' lang='grc' dir='ltr'><strong><em>ὥς</em></strong></span> <span class='ocrx_word' id='word_1_177' title='bbox 535 1471 581 1513; x_wconf 77' lang='grc' dir='ltr'><strong><em>δὲ</em></strong></span> <span class='ocrx_word' id='word_1_178' title='bbox 599 1469 774 1527; x_wconf 74' lang='grc' dir='ltr'><strong><em>ἓχρόνιζε</em></strong></span> <span class='ocrx_word' id='word_1_179' title='bbox 795 1471 974 1525; x_wconf 79' lang='grc' dir='ltr'><strong><em>κείμενος</em></strong></span> <span class='ocrx_word' id='word_1_180' title='bbox 993 1471 1060 1512; x_wconf 81' lang='grc' dir='ltr'><strong><em>καὶ</em></strong></span> <span class='ocrx_word' id='word_1_181' title='bbox 1081 1468 1325 1527; x_wconf 74' lang='grc' dir='ltr'><strong><em>προσελθών</em></strong></span> <span class='ocrx_word' id='word_1_182' title='bbox 1351 1487 1414 1521; x_wconf 87' lang='grc' dir='ltr'><strong><em>τις</em></strong></span> <span class='ocrx_word' id='word_1_183' title='bbox 1429 1471 1570 1528; x_wconf 86' lang='grc' dir='ltr'><strong><em>νεκρὸν</em></strong></span> <span class='ocrx_word' id='word_1_184' title='bbox 1590 1471 1668 1514; x_wconf 83' lang='grc' dir='ltr'><strong><em>αὗ-</em></strong></span> 
     </span>
     <span class='ocr_line' id='line_1_20' title="bbox 181 1534 1665 1598; baseline -0.001 -14"><span class='ocrx_word' id='word_1_185' title='bbox 181 1539 254 1584; x_wconf 83' lang='grc' dir='ltr'><strong><em>τόν</em></strong></span> <span class='ocrx_word' id='word_1_186' title='bbox 272 1534 362 1598; x_wconf 66' lang='grc' dir='ltr'><strong><em>εὗρε</em></strong></span> <span class='ocrx_word' id='word_1_187' title='bbox 381 1541 449 1583; x_wconf 77' lang='grc' dir='ltr'><strong><em>καὶ</em></strong></span> <span class='ocrx_word' id='word_1_188' title='bbox 469 1539 648 1583; x_wconf 74' lang='grc' dir='ltr'><strong><em>ἄναυδον</em></strong></span> <span class='ocrx_word' id='word_1_189' title='bbox 672 1540 739 1581; x_wconf 84' lang='grc' dir='ltr'><strong><em>καὶ</em></strong></span> <span class='ocrx_word' id='word_1_190' title='bbox 755 1537 983 1595; x_wconf 71' lang='grc' dir='ltr'><strong><em>διεγνώσθη</em></strong></span> <span class='ocrx_word' id='word_1_191' title='bbox 1005 1545 1089 1590; x_wconf 76' lang='grc' dir='ltr'><strong><em>τοῖς</em></strong></span> <span class='ocrx_word' id='word_1_192' title='bbox 1108 1543 1233 1583; x_wconf 86' lang='grc' dir='ltr'><strong><em>πᾶσιν</em></strong></span> <span class='ocrx_word' id='word_1_193' title='bbox 1252 1537 1274 1582; x_wconf 81' lang='grc' dir='ltr'><strong>ὃ</strong></span> <span class='ocrx_word' id='word_1_194' title='bbox 1295 1537 1443 1583; x_wconf 79' lang='grc' dir='ltr'><strong><em>τούτου</em></strong></span> <span class='ocrx_word' id='word_1_195' title='bbox 1463 1538 1665 1593; x_wconf 76' lang='grc' dir='ltr'><strong><em>θάνατος,</em></strong></span> 
     </span>
     <span class='ocr_line' id='line_1_21' title="bbox 123 1606 1666 1666; baseline 0 -13"><span class='ocrx_word' id='word_1_196' title='bbox 123 1609 223 1653; x_wconf 79' lang='grc' dir='ltr'><strong><em>20οἷ</em></strong></span> <span class='ocrx_word' id='word_1_197' title='bbox 247 1610 322 1665; x_wconf 73' lang='grc' dir='ltr'><strong><em>μὲν</em></strong></span> <span class='ocrx_word' id='word_1_198' title='bbox 342 1607 570 1652; x_wconf 76' lang='grc' dir='ltr'><strong><em>ἀποστάται</em></strong></span> <span class='ocrx_word' id='word_1_199' title='bbox 594 1608 722 1659; x_wconf 75' lang='grc' dir='ltr'><strong><em>εὐθὺς</em></strong></span> <span class='ocrx_word' id='word_1_200' title='bbox 743 1611 798 1659; x_wconf 80' lang='grc' dir='ltr'><strong><em>εἷς</em></strong></span> <span class='ocrx_word' id='word_1_201' title='bbox 822 1608 956 1666; x_wconf 79' lang='grc' dir='ltr'><strong><em>φυγὴν</em></strong></span> <span class='ocrx_word' id='word_1_202' title='bbox 977 1606 1187 1665; x_wconf 78' lang='grc' dir='ltr'><strong><em>ὥρμησαν,</em></strong></span> <span class='ocrx_word' id='word_1_203' title='bbox 1222 1609 1275 1652; x_wconf 81' lang='grc' dir='ltr'><strong><em>τὰ</em></strong></span> <span class='ocrx_word' id='word_1_204' title='bbox 1299 1610 1346 1652; x_wconf 79' lang='grc' dir='ltr'><strong><em>δὲ</em></strong></span> <span class='ocrx_word' id='word_1_205' title='bbox 1368 1614 1442 1653; x_wconf 77' lang='grc' dir='ltr'><strong><em>τοῦ</em></strong></span> <span class='ocrx_word' id='word_1_206' title='bbox 1461 1611 1666 1665; x_wconf 74' lang='grc' dir='ltr'><strong><em>βασιλέως</em></strong></span> 
     </span>
     <span class='ocr_line' id='line_1_22' title="bbox 180 1676 1664 1737; baseline 0 -15"><span class='ocrx_word' id='word_1_207' title='bbox 180 1677 425 1736; x_wconf 68' lang='grc' dir='ltr'><strong><em>ἐπερρώσθη</em></strong></span> <span class='ocrx_word' id='word_1_208' title='bbox 455 1676 740 1736; x_wconf 82' lang='grc' dir='ltr'><strong><em>στρατεύματα</em></strong></span> <span class='ocrx_word' id='word_1_209' title='bbox 752 1710 765 1729; x_wconf 83' lang='lat'><em>‚</em></span> <span class='ocrx_word' id='word_1_210' title='bbox 813 1679 881 1720; x_wconf 86' lang='grc' dir='ltr'><strong><em>καὶ</em></strong></span> <span class='ocrx_word' id='word_1_211' title='bbox 914 1679 1080 1721; x_wconf 70' lang='grc' dir='ltr'><strong><em>ἐδίωκον</em></strong></span> <span class='ocrx_word' id='word_1_212' title='bbox 1108 1679 1409 1737; x_wconf 81' lang='grc' dir='ltr'><strong><em>ἀμεταστρεπτί</em></strong></span> <span class='ocrx_word' id='word_1_213' title='bbox 1415 1711 1429 1731; x_wconf 87' lang='grc'>,</span> <span class='ocrx_word' id='word_1_214' title='bbox 1477 1682 1545 1722; x_wconf 84' lang='grc' dir='ltr'><strong><em>καὶ</em></strong></span> <span class='ocrx_word' id='word_1_215' title='bbox 1585 1681 1664 1732; x_wconf 82' lang='grc' dir='ltr'><strong><em>ζω-</em></strong></span> 
     </span>
     <span class='ocr_line' id='line_1_23' title="bbox 178 1745 1661 1806; baseline 0.001 -15"><span class='ocrx_word' id='word_1_216' title='bbox 178 1753 370 1806; x_wconf 75' lang='grc' dir='ltr'><strong><em>γροῦνται</em></strong></span> <span class='ocrx_word' id='word_1_217' title='bbox 394 1748 470 1803; x_wconf 76' lang='grc' dir='ltr'><strong><em>μὲν</em></strong></span> <span class='ocrx_word' id='word_1_218' title='bbox 487 1748 615 1790; x_wconf 74' lang='grc' dir='ltr'><strong><em>Λέων</em></strong></span> <span class='ocrx_word' id='word_1_219' title='bbox 637 1749 705 1790; x_wconf 80' lang='grc' dir='ltr'><strong><em>καὶ</em></strong></span> <span class='ocrx_word' id='word_1_220' title='bbox 734 1745 994 1803; x_wconf 78' lang='grc' dir='ltr'><strong><em>Θεόγνωστος</em></strong></span> <span class='ocrx_word' id='word_1_221' title='bbox 1016 1748 1054 1790; x_wconf 78' lang='grc' dir='ltr'><strong><em>οἳ</em></strong></span> <span class='ocrx_word' id='word_1_222' title='bbox 1077 1750 1356 1805; x_wconf 85' lang='grc' dir='ltr'><strong><em>Μελισσηνοί,</em></strong></span> <span class='ocrx_word' id='word_1_223' title='bbox 1396 1748 1619 1800; x_wconf 75' lang='grc' dir='ltr'><strong><em>Θεοδόσιος</em></strong></span> <span class='ocrx_word' id='word_1_224' title='bbox 1638 1747 1661 1792; x_wconf 80' lang='grc' dir='ltr'><em>ὃ</em></span> 
     </span>
     <span class='ocr_line' id='line_1_24' title="bbox 179 1816 1662 1874; baseline -0.001 -11"><span class='ocrx_word' id='word_1_225' title='bbox 179 1816 456 1874; x_wconf 75' lang='grc' dir='ltr'><strong><em>Μεσανῦκτης</em></strong></span> <span class='ocrx_word' id='word_1_226' title='bbox 485 1818 554 1861; x_wconf 84' lang='grc' dir='ltr'><strong><em>καὶ</em></strong></span> <span class='ocrx_word' id='word_1_227' title='bbox 585 1816 703 1860; x_wconf 74' lang='grc' dir='ltr'><strong><em>ἄλλοι</em></strong></span> <span class='ocrx_word' id='word_1_228' title='bbox 731 1818 888 1861; x_wconf 88' lang='grc' dir='ltr'><strong><em>πολλοί.</em></strong></span> <span class='ocrx_word' id='word_1_229' title='bbox 957 1816 1029 1868; x_wconf 69' lang='grc' dir='ltr'><strong><em>οὓς</em></strong></span> <span class='ocrx_word' id='word_1_230' title='bbox 1049 1819 1153 1873; x_wconf 57' lang='grc' dir='ltr'><strong><em>μεθ)</em></strong></span> <span class='ocrx_word' id='word_1_231' title='bbox 1177 1817 1326 1861; x_wconf 74' lang='grc' dir='ltr'><strong><em>ἑαυτοῦ</em></strong></span> <span class='ocrx_word' id='word_1_232' title='bbox 1347 1816 1368 1861; x_wconf 82' lang='grc' dir='ltr'><strong><em>ὃ</em></strong></span> <span class='ocrx_word' id='word_1_233' title='bbox 1389 1820 1584 1874; x_wconf 77' lang='grc' dir='ltr'><strong><em>βασιλεὺς</em></strong></span> <span class='ocrx_word' id='word_1_234' title='bbox 1606 1822 1662 1870; x_wconf 77' lang='grc' dir='ltr'><strong><em>εἰς</em></strong></span> 
     </span>
    </p>
   </div>
   <div class='ocr_carea' id='block_1_3' title="bbox 0 0 151 1263">
    <p class='ocr_par' dir='ltr' id='par_1_3' title="bbox 0 0 151 1263">
     <span class='ocr_line' id='line_1_25' title="bbox 0 0 151 1263; baseline 0 0"><span class='ocrx_word' id='word_1_235' title='bbox 0 0 151 1263; x_wconf 95' lang='lat' dir='ltr'><strong><em> </em></strong></span> 
     </span>
    </p>
   </div>
   <div class='ocr_carea' id='block_1_4' title="bbox 0 1254 21 1274">
    <p class='ocr_par' dir='ltr' id='par_1_4' title="bbox 0 1254 21 1274">
     <span class='ocr_line' id='line_1_26' title="bbox 0 1254 21 1274; baseline 0 -17"><span class='ocrx_word' id='word_1_236' title='bbox 0 1254 21 1274; x_wconf 44' lang='lat' dir='ltr'><strong><em>m.</em></strong></span> 
     </span>
    </p>
   </div>
   <div class='ocr_carea' id='block_1_5' title="bbox 0 1276 25 1733">
    <p class='ocr_par' dir='ltr' id='par_1_5' title="bbox 0 1276 25 1733">
     <span class='ocr_line' id='line_1_27' title="bbox 0 1276 25 1733; baseline 0 1503"><span class='ocrx_word' id='word_1_237' title='bbox 0 1276 25 1733; x_wconf 95' lang='lat' dir='ltr'><strong><em> </em></strong></span> 
     </span>
    </p>
   </div>
   <div class='ocr_carea' id='block_1_6' title="bbox 171 1993 1662 2928">
    <p class='ocr_par' dir='ltr' id='par_1_6' title="bbox 172 1993 1662 2725">
     <span class='ocr_line' id='line_1_28' title="bbox 177 1993 1658 2041; baseline -0.001 -10"><span class='ocrx_word' id='word_1_238' title='bbox 177 1997 217 2031; x_wconf 78' lang='lat' dir='ltr'><strong><em>et</em></strong></span> <span class='ocrx_word' id='word_1_239' title='bbox 238 1993 372 2030; x_wconf 82' lang='lat' dir='ltr'>animos</span> <span class='ocrx_word' id='word_1_240' title='bbox 399 1993 504 2029; x_wconf 76' lang='lat' dir='ltr'>dictis</span> <span class='ocrx_word' id='word_1_241' title='bbox 527 1995 769 2039; x_wconf 80' lang='lat' dir='ltr'><strong>roborantem,</strong></span> <span class='ocrx_word' id='word_1_242' title='bbox 793 2005 910 2029; x_wconf 87' lang='lat' dir='ltr'>secum</span> <span class='ocrx_word' id='word_1_243' title='bbox 935 1993 1118 2040; x_wconf 80' lang='lat' dir='ltr'>cogitans,</span> <span class='ocrx_word' id='word_1_244' title='bbox 1143 1994 1315 2041; x_wconf 77' lang='lat' dir='ltr'>siquidem</span> <span class='ocrx_word' id='word_1_245' title='bbox 1339 1994 1433 2030; x_wconf 88' lang='lat' dir='ltr'>hunc</span> <span class='ocrx_word' id='word_1_246' title='bbox 1457 1994 1658 2038; x_wconf 81' lang='lat' dir='ltr'>deiecisset,</span> 
     </span>
     <span class='ocr_line' id='line_1_29' title="bbox 177 2041 1659 2088; baseline -0.001 -10"><span class='ocrx_word' id='word_1_247' title='bbox 177 2053 219 2078; x_wconf 76' lang='lat' dir='ltr'>se</span> <span class='ocrx_word' id='word_1_248' title='bbox 240 2041 387 2088; x_wconf 85' lang='lat' dir='ltr'>reliquis</span> <span class='ocrx_word' id='word_1_249' title='bbox 410 2041 515 2076; x_wconf 84' lang='lat' dir='ltr'>facile</span> <span class='ocrx_word' id='word_1_250' title='bbox 537 2041 722 2076; x_wconf 85' lang='lat' dir='ltr'>victoriam</span> <span class='ocrx_word' id='word_1_251' title='bbox 747 2046 967 2087; x_wconf 85' lang='lat' dir='ltr'>erepturum,</span> <span class='ocrx_word' id='word_1_252' title='bbox 1005 2041 1200 2076; x_wconf 82' lang='lat' dir='ltr'>calcaribus</span> <span class='ocrx_word' id='word_1_253' title='bbox 1234 2043 1358 2076; x_wconf 80' lang='lat' dir='ltr'>adacto</span> <span class='ocrx_word' id='word_1_254' title='bbox 1390 2053 1481 2086; x_wconf 91' lang='lat' dir='ltr'>equo</span> <span class='ocrx_word' id='word_1_255' title='bbox 1507 2053 1571 2088; x_wconf 87' lang='lat' dir='ltr'><strong><em>per</em></strong></span> <span class='ocrx_word' id='word_1_256' title='bbox 1595 2043 1659 2077; x_wconf 90' lang='lat' dir='ltr'>ad-</span> 
     </span>
     <span class='ocr_line' id='line_1_30' title="bbox 175 2087 1661 2134; baseline -0.001 -10"><span class='ocrx_word' id='word_1_257' title='bbox 175 2088 300 2124; x_wconf 43' lang='lat' dir='ltr'>uersos</span> <span class='ocrx_word' id='word_1_258' title='bbox 322 2087 465 2123; x_wconf 80' lang='lat' dir='ltr'>ordines</span> <span class='ocrx_word' id='word_1_259' title='bbox 488 2093 587 2123; x_wconf 87' lang='lat' dir='ltr'>tanto</span> <span class='ocrx_word' id='word_1_260' title='bbox 611 2088 744 2133; x_wconf 87' lang='lat' dir='ltr'>impetu</span> <span class='ocrx_word' id='word_1_261' title='bbox 767 2087 803 2121; x_wconf 88' lang='lat' dir='ltr'>in</span> <span class='ocrx_word' id='word_1_262' title='bbox 828 2087 1074 2134; x_wconf 73' lang='lat' dir='ltr'><strong>imperatorem</strong></span> <span class='ocrx_word' id='word_1_263' title='bbox 1100 2089 1215 2123; x_wconf 81' lang='lat' dir='ltr'>fertur</span> <span class='ocrx_word' id='word_1_264' title='bbox 1237 2093 1276 2123; x_wconf 89' lang='lat' dir='ltr'>ut</span> <span class='ocrx_word' id='word_1_265' title='bbox 1292 2099 1369 2123; x_wconf 91' lang='lat' dir='ltr'>eum</span> <span class='ocrx_word' id='word_1_266' title='bbox 1388 2088 1534 2123; x_wconf 84' lang='lat' dir='ltr'>subsisti</span> <span class='ocrx_word' id='word_1_267' title='bbox 1553 2100 1661 2134; x_wconf 78' lang='lat' dir='ltr'>posse</span> 
     </span>
     <span class='ocr_line' id='line_1_31' title="bbox 176 2134 1658 2181; baseline -0.001 -11"><span class='ocrx_word' id='word_1_268' title='bbox 176 2145 278 2170; x_wconf 85' lang='lat' dir='ltr'>nemo</span> <span class='ocrx_word' id='word_1_269' title='bbox 303 2139 456 2181; x_wconf 85' lang='lat' dir='ltr'>putaret.</span> <span class='ocrx_word' id='word_1_270' title='bbox 483 2146 559 2169; x_wconf 84' lang='lat' dir='ltr'>cum</span> <span class='ocrx_word' id='word_1_271' title='bbox 584 2140 699 2169; x_wconf 87' lang='lat' dir='ltr'>autem</span> <span class='ocrx_word' id='word_1_272' title='bbox 723 2145 793 2168; x_wconf 95' lang='lat' dir='ltr'><strong><em>non</em></strong></span> <span class='ocrx_word' id='word_1_273' title='bbox 817 2134 939 2180; x_wconf 84' lang='lat' dir='ltr'>procul</span> <span class='ocrx_word' id='word_1_274' title='bbox 963 2134 1030 2168; x_wconf 84' lang='lat' dir='ltr'><strong><em>iam</em></strong></span> <span class='ocrx_word' id='word_1_275' title='bbox 1055 2136 1098 2168; x_wconf 85' lang='lat' dir='ltr'>ab</span> <span class='ocrx_word' id='word_1_276' title='bbox 1121 2135 1337 2180; x_wconf 84' lang='lat' dir='ltr'>imperatore</span> <span class='ocrx_word' id='word_1_277' title='bbox 1360 2135 1516 2179; x_wconf 84' lang='lat' dir='ltr'>abesset,</span> <span class='ocrx_word' id='word_1_278' title='bbox 1539 2134 1658 2170; x_wconf 86' lang='lat' dir='ltr'>subito</span> 
     </span>
     <span class='ocr_line' id='line_1_32' title="bbox 176 2180 1660 2226; baseline 0 -10"><span class='ocrx_word' id='word_1_279' title='bbox 176 2192 371 2216; x_wconf 73' lang='lat' dir='ltr'>conversus</span> <span class='ocrx_word' id='word_1_280' title='bbox 400 2180 439 2215; x_wconf 84' lang='lat' dir='ltr'>in</span> <span class='ocrx_word' id='word_1_281' title='bbox 473 2181 644 2226; x_wconf 86' lang='lat' dir='ltr'>quendam</span> <span class='ocrx_word' id='word_1_282' title='bbox 671 2180 839 2215; x_wconf 81' lang='lat' dir='ltr'>tumulum</span> <span class='ocrx_word' id='word_1_283' title='bbox 870 2181 1014 2225; x_wconf 85' lang='lat' dir='ltr'>evadit,</span> <span class='ocrx_word' id='word_1_284' title='bbox 1048 2181 1172 2226; x_wconf 80' lang='lat' dir='ltr'>ibique</span> <span class='ocrx_word' id='word_1_285' title='bbox 1197 2182 1240 2215; x_wconf 91' lang='lat' dir='ltr'>ab</span> <span class='ocrx_word' id='word_1_286' title='bbox 1265 2192 1356 2226; x_wconf 91' lang='lat' dir='ltr'>equo</span> <span class='ocrx_word' id='word_1_287' title='bbox 1381 2181 1586 2225; x_wconf 85' lang='lat' dir='ltr'>descendit,</span> <span class='ocrx_word' id='word_1_288' title='bbox 1621 2186 1660 2216; x_wconf 84' lang='lat' dir='ltr'><strong><em>et</em></strong></span> 
     </span>
     <span class='ocr_line' id='line_1_33' title="bbox 174 2226 1661 2273; baseline -0.001 -11"><span class='ocrx_word' id='word_1_289' title='bbox 174 2226 272 2262; x_wconf 84' lang='lat' dir='ltr'>humi</span> <span class='ocrx_word' id='word_1_290' title='bbox 294 2231 524 2273; x_wconf 83' lang='lat' dir='ltr'>exporrectus</span> <span class='ocrx_word' id='word_1_291' title='bbox 547 2226 716 2273; x_wconf 77' lang='lat' dir='ltr'>exspirat.</span> <span class='ocrx_word' id='word_1_292' title='bbox 764 2227 809 2261; x_wconf 86' lang='lat' dir='ltr'><strong><em>de</em></strong></span> <span class='ocrx_word' id='word_1_293' title='bbox 831 2233 943 2261; x_wconf 84' lang='lat' dir='ltr'>morte</span> <span class='ocrx_word' id='word_1_294' title='bbox 966 2227 1041 2261; x_wconf 87' lang='lat' dir='ltr'>eius</span> <span class='ocrx_word' id='word_1_295' title='bbox 1066 2227 1167 2261; x_wconf 82' lang='lat' dir='ltr'>varia</span> <span class='ocrx_word' id='word_1_296' title='bbox 1190 2229 1366 2262; x_wconf 86' lang='lat' dir='ltr'>feruntur.</span> <span class='ocrx_word' id='word_1_297' title='bbox 1399 2227 1554 2273; x_wconf 87' lang='lat' dir='ltr'>quidam,</span> <span class='ocrx_word' id='word_1_298' title='bbox 1579 2228 1661 2262; x_wconf 89' lang='lat' dir='ltr'>dum</span> 
     </span>
     <span class='ocr_line' id='line_1_34' title="bbox 175 2272 1662 2321; baseline 0 -13"><span class='ocrx_word' id='word_1_299' title='bbox 175 2285 244 2321; x_wconf 82' lang='lat' dir='ltr'><strong><em>per</em></strong></span> <span class='ocrx_word' id='word_1_300' title='bbox 266 2272 386 2308; x_wconf 75' lang='lat' dir='ltr'>hostes</span> <span class='ocrx_word' id='word_1_301' title='bbox 409 2273 643 2319; x_wconf 80' lang='lat' dir='ltr'>incomposito</span> <span class='ocrx_word' id='word_1_302' title='bbox 668 2273 800 2318; x_wconf 89' lang='lat' dir='ltr'>impetu</span> <span class='ocrx_word' id='word_1_303' title='bbox 824 2272 917 2317; x_wconf 87' lang='lat' dir='ltr'>ruit,</span> <span class='ocrx_word' id='word_1_304' title='bbox 943 2272 1049 2307; x_wconf 89' lang='lat' dir='ltr'>letale</span> <span class='ocrx_word' id='word_1_305' title='bbox 1073 2273 1198 2307; x_wconf 89' lang='lat' dir='ltr'>vulnus</span> <span class='ocrx_word' id='word_1_306' title='bbox 1221 2273 1403 2320; x_wconf 86' lang='lat' dir='ltr'>accepisse</span> <span class='ocrx_word' id='word_1_307' title='bbox 1426 2278 1571 2319; x_wconf 85' lang='lat' dir='ltr'>putant,</span> <span class='ocrx_word' id='word_1_308' title='bbox 1599 2273 1662 2308; x_wconf 90' lang='lat' dir='ltr'>alii</span> 
     </span>
     <span class='ocr_line' id='line_1_35' title="bbox 175 2318 1660 2367; baseline 0 -12"><span class='ocrx_word' id='word_1_309' title='bbox 175 2321 311 2365; x_wconf 81' lang='lat' dir='ltr'>absque</span> <span class='ocrx_word' id='word_1_310' title='bbox 334 2318 402 2354; x_wconf 84' lang='lat' dir='ltr'><strong><em>hoc</em></strong></span> <span class='ocrx_word' id='word_1_311' title='bbox 425 2320 470 2354; x_wconf 92' lang='lat' dir='ltr'><strong><em>ob</em></strong></span> <span class='ocrx_word' id='word_1_312' title='bbox 495 2330 623 2366; x_wconf 88' lang='lat' dir='ltr'>corpus</span> <span class='ocrx_word' id='word_1_313' title='bbox 646 2318 881 2364; x_wconf 86' lang='lat' dir='ltr'>negligentius</span> <span class='ocrx_word' id='word_1_314' title='bbox 906 2324 1063 2354; x_wconf 87' lang='lat' dir='ltr'>curatum</span> <span class='ocrx_word' id='word_1_315' title='bbox 1089 2319 1253 2366; x_wconf 86' lang='lat' dir='ltr'>periisse.</span> <span class='ocrx_word' id='word_1_316' title='bbox 1304 2324 1402 2354; x_wconf 84' lang='lat' dir='ltr'>certe</span> <span class='ocrx_word' id='word_1_317' title='bbox 1427 2319 1554 2354; x_wconf 91' lang='lat' dir='ltr'>nullum</span> <span class='ocrx_word' id='word_1_318' title='bbox 1579 2320 1660 2367; x_wconf 84' lang='lat' dir='ltr'>pla-</span> 
     </span>
     <span class='ocr_line' id='line_1_36' title="bbox 175 2365 1656 2412; baseline 0.001 -11"><span class='ocrx_word' id='word_1_319' title='bbox 175 2377 244 2412; x_wconf 80' lang='lat' dir='ltr'>gae</span> <span class='ocrx_word' id='word_1_320' title='bbox 275 2365 412 2410; x_wconf 84' lang='lat' dir='ltr'>signum</span> <span class='ocrx_word' id='word_1_321' title='bbox 446 2365 483 2400; x_wconf 87' lang='lat' dir='ltr'>in</span> <span class='ocrx_word' id='word_1_322' title='bbox 519 2367 692 2400; x_wconf 83' lang='lat' dir='ltr'>cadavere</span> <span class='ocrx_word' id='word_1_323' title='bbox 726 2366 802 2400; x_wconf 85' lang='lat' dir='ltr'>eius</span> <span class='ocrx_word' id='word_1_324' title='bbox 839 2365 996 2408; x_wconf 82' lang='lat' dir='ltr'>exstitit3</span> <span class='ocrx_word' id='word_1_325' title='bbox 1035 2377 1105 2411; x_wconf 91' lang='lat' dir='ltr'>quo</span> <span class='ocrx_word' id='word_1_326' title='bbox 1138 2367 1180 2401; x_wconf 86' lang='lat' dir='ltr'><strong><em>fit</em></strong></span> <span class='ocrx_word' id='word_1_327' title='bbox 1206 2372 1245 2401; x_wconf 92' lang='lat' dir='ltr'>ut</span> <span class='ocrx_word' id='word_1_328' title='bbox 1277 2378 1415 2402; x_wconf 86' lang='lat' dir='ltr'>veneno</span> <span class='ocrx_word' id='word_1_329' title='bbox 1446 2366 1656 2402; x_wconf 84' lang='lat' dir='ltr'>exstinctum</span> 
     </span>
     <span class='ocr_line' id='line_1_37' title="bbox 174 2411 1659 2455; baseline 0.001 -8"><span class='ocrx_word' id='word_1_330' title='bbox 174 2412 288 2447; x_wconf 80' lang='lat' dir='ltr'>fuisse</span> <span class='ocrx_word' id='word_1_331' title='bbox 310 2414 405 2448; x_wconf 83' lang='lat' dir='ltr'>fama</span> <span class='ocrx_word' id='word_1_332' title='bbox 426 2411 632 2447; x_wconf 76' lang='lat' dir='ltr'>obtinuerit.</span> <span class='ocrx_word' id='word_1_333' title='bbox 681 2412 780 2446; x_wconf 86' lang='lat' dir='ltr'>aiunt</span> <span class='ocrx_word' id='word_1_334' title='bbox 803 2412 893 2446; x_wconf 90' lang='lat' dir='ltr'>enim</span> <span class='ocrx_word' id='word_1_335' title='bbox 917 2411 1141 2455; x_wconf 83' lang='lat' dir='ltr'>Simeonem,</span> <span class='ocrx_word' id='word_1_336' title='bbox 1179 2413 1236 2447; x_wconf 89' lang='lat' dir='ltr'><strong><em>cui</em></strong></span> <span class='ocrx_word' id='word_1_337' title='bbox 1268 2412 1418 2448; x_wconf 91' lang='lat' dir='ltr'>omnium</span> <span class='ocrx_word' id='word_1_338' title='bbox 1451 2413 1659 2448; x_wconf 85' lang='lat' dir='ltr'>famulorum</span> 
     </span>
     <span class='ocr_line' id='line_1_38' title="bbox 175 2458 1659 2506; baseline 0.001 -12"><span class='ocrx_word' id='word_1_339' title='bbox 175 2458 326 2494; x_wconf 78' lang='lat' dir='ltr'>maxime</span> <span class='ocrx_word' id='word_1_340' title='bbox 347 2459 495 2505; x_wconf 87' lang='lat' dir='ltr'>fidebat,</span> <span class='ocrx_word' id='word_1_341' title='bbox 520 2461 565 2495; x_wconf 88' lang='lat' dir='ltr'>ab</span> <span class='ocrx_word' id='word_1_342' title='bbox 589 2459 803 2505; x_wconf 81' lang='lat' dir='ltr'>imperatore</span> <span class='ocrx_word' id='word_1_343' title='bbox 827 2459 1031 2493; x_wconf 88' lang='lat' dir='ltr'>muneribus</span> <span class='ocrx_word' id='word_1_344' title='bbox 1056 2465 1257 2504; x_wconf 86' lang='lat' dir='ltr'>corruptum</span> <span class='ocrx_word' id='word_1_345' title='bbox 1280 2470 1405 2505; x_wconf 80' lang='lat' dir='ltr'>aquam</span> <span class='ocrx_word' id='word_1_346' title='bbox 1428 2467 1555 2506; x_wconf 89' lang='lat' dir='ltr'>poturo</span> <span class='ocrx_word' id='word_1_347' title='bbox 1581 2471 1659 2496; x_wconf 87' lang='lat' dir='ltr'>cum</span> 
     </span>
     <span class='ocr_line' id='line_1_39' title="bbox 173 2505 1658 2553; baseline 0 -12"><span class='ocrx_word' id='word_1_348' title='bbox 173 2505 346 2553; x_wconf 80' lang='lat' dir='ltr'>praelium</span> <span class='ocrx_word' id='word_1_349' title='bbox 370 2505 477 2541; x_wconf 90' lang='lat' dir='ltr'>iniret</span> <span class='ocrx_word' id='word_1_350' title='bbox 501 2505 688 2550; x_wconf 89' lang='lat' dir='ltr'>(omnibus</span> <span class='ocrx_word' id='word_1_351' title='bbox 713 2505 806 2540; x_wconf 85' lang='lat' dir='ltr'>enim</span> <span class='ocrx_word' id='word_1_352' title='bbox 829 2505 974 2551; x_wconf 83' lang='lat' dir='ltr'>praeliis</span> <span class='ocrx_word' id='word_1_353' title='bbox 1001 2506 1227 2540; x_wconf 84' lang='lat' dir='ltr'>consuevisse</span> <span class='ocrx_word' id='word_1_354' title='bbox 1248 2506 1401 2540; x_wconf 84' lang='lat' dir='ltr'>Phocam</span> <span class='ocrx_word' id='word_1_355' title='bbox 1426 2512 1508 2542; x_wconf 86' lang='lat' dir='ltr'>ante</span> <span class='ocrx_word' id='word_1_356' title='bbox 1531 2507 1658 2541; x_wconf 84' lang='lat' dir='ltr'>confli-</span> 
     </span>
     <span class='ocr_line' id='line_1_40' title="bbox 174 2551 1655 2599; baseline 0.001 -12"><span class='ocrx_word' id='word_1_357' title='bbox 174 2556 269 2587; x_wconf 83' lang='lat' dir='ltr'>ctum</span> <span class='ocrx_word' id='word_1_358' title='bbox 291 2552 457 2598; x_wconf 79' lang='lat' dir='ltr'>frigidam</span> <span class='ocrx_word' id='word_1_359' title='bbox 480 2553 623 2597; x_wconf 86' lang='lat' dir='ltr'>bibere)</span> <span class='ocrx_word' id='word_1_360' title='bbox 646 2563 819 2587; x_wconf 87' lang='lat' dir='ltr'>venenum</span> <span class='ocrx_word' id='word_1_361' title='bbox 842 2552 947 2587; x_wconf 83' lang='lat' dir='ltr'>letale</span> <span class='ocrx_word' id='word_1_362' title='bbox 967 2551 1146 2596; x_wconf 82' lang='lat' dir='ltr'>iniecisse,</span> <span class='ocrx_word' id='word_1_363' title='bbox 1183 2552 1290 2599; x_wconf 89' lang='lat' dir='ltr'>idque</span> <span class='ocrx_word' id='word_1_364' title='bbox 1315 2553 1360 2587; x_wconf 84' lang='lat' dir='ltr'>ab</span> <span class='ocrx_word' id='word_1_365' title='bbox 1386 2565 1428 2587; x_wconf 90' lang='lat' dir='ltr'><strong><em>eo</em></strong></span> <span class='ocrx_word' id='word_1_366' title='bbox 1452 2553 1553 2588; x_wconf 90' lang='lat' dir='ltr'>simul</span> <span class='ocrx_word' id='word_1_367' title='bbox 1578 2564 1655 2588; x_wconf 89' lang='lat' dir='ltr'>cum</span> 
     </span>
     <span class='ocr_line' id='line_1_41' title="bbox 173 2598 1656 2644; baseline 0.001 -11"><span class='ocrx_word' id='word_1_368' title='bbox 173 2609 268 2644; x_wconf 80' lang='lat' dir='ltr'>aqua</span> <span class='ocrx_word' id='word_1_369' title='bbox 290 2598 464 2635; x_wconf 84' lang='lat' dir='ltr'>baustum.</span> <span class='ocrx_word' id='word_1_370' title='bbox 487 2610 563 2634; x_wconf 86' lang='lat' dir='ltr'>cum</span> <span class='ocrx_word' id='word_1_371' title='bbox 588 2598 801 2644; x_wconf 79' lang='lat' dir='ltr'>aliquamdiu</span> <span class='ocrx_word' id='word_1_372' title='bbox 822 2598 859 2632; x_wconf 92' lang='lat' dir='ltr'>in</span> <span class='ocrx_word' id='word_1_373' title='bbox 883 2598 1014 2633; x_wconf 88' lang='lat' dir='ltr'>tumulo</span> <span class='ocrx_word' id='word_1_374' title='bbox 1037 2598 1107 2633; x_wconf 87' lang='lat' dir='ltr'>isto</span> <span class='ocrx_word' id='word_1_375' title='bbox 1131 2599 1301 2634; x_wconf 78' lang='lat' dir='ltr'>iacuisset</span> <span class='ocrx_word' id='word_1_376' title='bbox 1323 2599 1472 2644; x_wconf 71' lang='lat' dir='ltr'>Phocus,</span> <span class='ocrx_word' id='word_1_377' title='bbox 1497 2599 1656 2634; x_wconf 87' lang='lat' dir='ltr'>universi</span> 
     </span>
     <span class='ocr_line' id='line_1_42' title="bbox 172 2645 1655 2725; baseline 0.001 -46"><span class='ocrx_word' id='word_1_378' title='bbox 172 2645 348 2725; x_wconf 50' lang='lat' dir='ltr'>{lambant</span> <span class='ocrx_word' id='word_1_379' title='bbox 373 2657 450 2680; x_wconf 86' lang='lat' dir='ltr'>eum</span> <span class='ocrx_word' id='word_1_380' title='bbox 474 2646 519 2681; x_wconf 93' lang='lat' dir='ltr'><strong><em>ob</em></strong></span> <span class='ocrx_word' id='word_1_381' title='bbox 544 2645 704 2691; x_wconf 87' lang='lat' dir='ltr'>corporis</span> <span class='ocrx_word' id='word_1_382' title='bbox 727 2645 877 2691; x_wconf 76' lang='lat' dir='ltr'>aliquem</span> <span class='ocrx_word' id='word_1_383' title='bbox 898 2645 1101 2690; x_wconf 85' lang='lat' dir='ltr'>languorem</span> <span class='ocrx_word' id='word_1_384' title='bbox 1124 2646 1235 2691; x_wconf 84' lang='lat' dir='ltr'>quieti</span> <span class='ocrx_word' id='word_1_385' title='bbox 1258 2657 1298 2680; x_wconf 85' lang='lat' dir='ltr'><strong><em>se</em></strong></span> <span class='ocrx_word' id='word_1_386' title='bbox 1320 2645 1567 2691; x_wconf 80' lang='lat' dir='ltr'>aliquantulum</span> <span class='ocrx_word' id='word_1_387' title='bbox 1589 2647 1655 2681; x_wconf 86' lang='lat' dir='ltr'><strong><em>de—</em></strong></span> 
     </span>
    </p>

    <p class='ocr_par' dir='ltr' id='par_1_7' title="bbox 171 2689 1654 2928">
     <span class='ocr_line' id='line_1_43' title="bbox 199 2689 1654 2737; baseline 0.001 -12"><span class='ocrx_word' id='word_1_388' title='bbox 199 2689 282 2726; x_wconf 81' lang='lat' dir='ltr'>&#39;sse.</span> <span class='ocrx_word' id='word_1_389' title='bbox 329 2692 393 2726; x_wconf 84' lang='lat' dir='ltr'><strong><em>sed</em></strong></span> <span class='ocrx_word' id='word_1_390' title='bbox 427 2703 503 2728; x_wconf 86' lang='lat' dir='ltr'>cum</span> <span class='ocrx_word' id='word_1_391' title='bbox 535 2692 668 2727; x_wconf 88' lang='lat' dir='ltr'>diutius</span> <span class='ocrx_word' id='word_1_392' title='bbox 693 2691 828 2727; x_wconf 86' lang='lat' dir='ltr'>iaceret</span> <span class='ocrx_word' id='word_1_393' title='bbox 852 2696 888 2727; x_wconf 82' lang='lat' dir='ltr'><strong><em>et</em></strong></span> <span class='ocrx_word' id='word_1_394' title='bbox 912 2703 1100 2737; x_wconf 81' lang='lat' dir='ltr'>aggressus</span> <span class='ocrx_word' id='word_1_395' title='bbox 1125 2692 1267 2737; x_wconf 81' lang='lat' dir='ltr'>quidam</span> <span class='ocrx_word' id='word_1_396' title='bbox 1290 2699 1461 2727; x_wconf 84' lang='lat' dir='ltr'>mortuum</span> <span class='ocrx_word' id='word_1_397' title='bbox 1486 2703 1563 2728; x_wconf 92' lang='lat' dir='ltr'>eum</span> <span class='ocrx_word' id='word_1_398' title='bbox 1588 2693 1654 2727; x_wconf 89' lang='lat' dir='ltr'><strong><em>de·-</em></strong></span> 
     </span>
     <span class='ocr_line' id='line_1_44' title="bbox 171 2736 1653 2784; baseline 0.002 -13"><span class='ocrx_word' id='word_1_399' title='bbox 171 2736 418 2783; x_wconf 84' lang='lat' dir='ltr'>prehendisset</span> <span class='ocrx_word' id='word_1_400' title='bbox 449 2750 492 2773; x_wconf 84' lang='lat' dir='ltr'>ac</span> <span class='ocrx_word' id='word_1_401' title='bbox 520 2739 564 2774; x_wconf 87' lang='lat' dir='ltr'><strong><em>de</em></strong></span> <span class='ocrx_word' id='word_1_402' title='bbox 593 2743 704 2773; x_wconf 84' lang='lat' dir='ltr'>morte</span> <span class='ocrx_word' id='word_1_403' title='bbox 737 2738 813 2773; x_wconf 87' lang='lat' dir='ltr'>eius</span> <span class='ocrx_word' id='word_1_404' title='bbox 846 2749 964 2773; x_wconf 88' lang='lat' dir='ltr'>rumor</span> <span class='ocrx_word' id='word_1_405' title='bbox 994 2738 1246 2784; x_wconf 83' lang='lat' dir='ltr'>increbuisset,</span> <span class='ocrx_word' id='word_1_406' title='bbox 1282 2739 1398 2774; x_wconf 83' lang='lat' dir='ltr'>statim</span> <span class='ocrx_word' id='word_1_407' title='bbox 1423 2739 1499 2774; x_wconf 86' lang='lat' dir='ltr'>eius</span> <span class='ocrx_word' id='word_1_408' title='bbox 1521 2739 1653 2774; x_wconf 82' lang='lat' dir='ltr'>milites</span> 
     </span>
     <span class='ocr_line' id='line_1_45' title="bbox 172 2783 1653 2831; baseline 0.001 -13"><span class='ocrx_word' id='word_1_409' title='bbox 172 2783 280 2829; x_wconf 77' lang='lat' dir='ltr'>fugae</span> <span class='ocrx_word' id='word_1_410' title='bbox 301 2795 341 2819; x_wconf 83' lang='lat' dir='ltr'><strong><em>se</em></strong></span> <span class='ocrx_word' id='word_1_411' title='bbox 364 2784 555 2829; x_wconf 77' lang='lat' dir='ltr'>dederunt3</span> <span class='ocrx_word' id='word_1_412' title='bbox 590 2791 626 2820; x_wconf 90' lang='lat' dir='ltr'><strong><em>et</em></strong></span> <span class='ocrx_word' id='word_1_413' title='bbox 649 2784 873 2831; x_wconf 82' lang='lat' dir='ltr'>imperatoris</span> <span class='ocrx_word' id='word_1_414' title='bbox 898 2785 1024 2831; x_wconf 86' lang='lat' dir='ltr'>copiae</span> <span class='ocrx_word' id='word_1_415' title='bbox 1058 2785 1182 2820; x_wconf 85' lang='lat' dir='ltr'>animis</span> <span class='ocrx_word' id='word_1_416' title='bbox 1213 2791 1338 2821; x_wconf 83' lang='lat' dir='ltr'>auctae</span> <span class='ocrx_word' id='word_1_417' title='bbox 1371 2785 1653 2831; x_wconf 85' lang='lat' dir='ltr'>pertinacissime</span> 
     </span>
     <span class='ocr_line' id='line_1_46' title="bbox 173 2829 1652 2878; baseline 0.001 -14"><span class='ocrx_word' id='word_1_418' title='bbox 173 2841 236 2864; x_wconf 81' lang='lat' dir='ltr'><strong><em>eos</em></strong></span> <span class='ocrx_word' id='word_1_419' title='bbox 258 2829 440 2866; x_wconf 80' lang='lat' dir='ltr'>insecutae</span> <span class='ocrx_word' id='word_1_420' title='bbox 463 2837 557 2867; x_wconf 86' lang='lat' dir='ltr'>sunt.</span> <span class='ocrx_word' id='word_1_421' title='bbox 588 2832 683 2867; x_wconf 88' lang='lat' dir='ltr'>inter</span> <span class='ocrx_word' id='word_1_422' title='bbox 708 2832 870 2878; x_wconf 86' lang='lat' dir='ltr'>captivos</span> <span class='ocrx_word' id='word_1_423' title='bbox 892 2832 993 2867; x_wconf 83' lang='lat' dir='ltr'>suere</span> <span class='ocrx_word' id='word_1_424' title='bbox 1014 2831 1090 2866; x_wconf 89' lang='lat' dir='ltr'><strong><em>Leo</em></strong></span> <span class='ocrx_word' id='word_1_425' title='bbox 1116 2832 1434 2878; x_wconf 83' lang='lat' dir='ltr'>Theognostusque</span> <span class='ocrx_word' id='word_1_426' title='bbox 1455 2832 1652 2875; x_wconf 87' lang='lat' dir='ltr'>Melisseni,</span> 
     </span>
     <span class='ocr_line' id='line_1_47' title="bbox 171 2875 1652 2928; baseline 0.001 -16"><span class='ocrx_word' id='word_1_427' title='bbox 171 2875 399 2914; x_wconf 79' lang='lat' dir='ltr'>Theodosius</span> <span class='ocrx_word' id='word_1_428' title='bbox 419 2877 661 2926; x_wconf 75' lang='lat' dir='ltr'>Mesanyctes,</span> <span class='ocrx_word' id='word_1_429' title='bbox 690 2885 728 2916; x_wconf 89' lang='lat' dir='ltr'><strong><em>et</em></strong></span> <span class='ocrx_word' id='word_1_430' title='bbox 750 2878 812 2916; x_wconf 86' lang='lat' dir='ltr'>alii</span> <span class='ocrx_word' id='word_1_431' title='bbox 833 2878 944 2924; x_wconf 84' lang='lat' dir='ltr'>multi,</span> <span class='ocrx_word' id='word_1_432' title='bbox 969 2889 1057 2927; x_wconf 87' lang='lat' dir='ltr'>quos</span> <span class='ocrx_word' id='word_1_433' title='bbox 1078 2877 1230 2916; x_wconf 82' lang='lat' dir='ltr'>Basilius</span> <span class='ocrx_word' id='word_1_434' title='bbox 1254 2879 1447 2928; x_wconf 81' lang='lat' dir='ltr'>imperator</span> <span class='ocrx_word' id='word_1_435' title='bbox 1472 2890 1591 2915; x_wconf 81' lang='lat' dir='ltr'>secum</span> <span class='ocrx_word' id='word_1_436' title='bbox 1613 2878 1652 2913; x_wconf 84' lang='lat' dir='ltr'><strong><em>iu</em></strong></span> 
     </span>
    </p>
   </div>
  </div>
 </body>
</html>
