1916 3210
309 195 408 244 874
734 192 1031 238 XYLANDRI
1058 192 1132 237 ET
1162 193 1336 238 GOARI

417 310 443 344 t.
461 304 496 344 Π
522 317 560 356 p.
583 301 664 345 478
687 315 723 342 v.
746 304 787 343 1.
841 298 1193 356 πρωτονοτᾶριονῙ
1221 316 1328 354 quem
1348 301 1493 342 Notitia
1512 304 1652 357 imperii
1669 306 1762 356 pro·-

307 364 508 400 miceriam
527 361 772 397 notariorum
793 364 922 406 vocat3
949 361 997 400 de
1021 363 1120 399 cuius
1142 360 1266 400 officio
1282 360 1485 410 insignibus
1506 364 1546 400 et
1562 361 1762 414 privilegiis

305 417 530 458 Pancirollus
548 417 585 453 in
603 417 744 456 Comm.
802 415 936 454 Gon..

417 471 473 509 ib.
495 484 530 510 v.
550 476 588 514 2.
642 474 694 525 τῇ
712 466 825 527 νήσῳ
843 474 917 513 τοῦ
934 466 1188 524 Ἀντιγόνου]
1217 471 1317 509 iuxta
1341 470 1489 524 Cpolim
1514 471 1608 510 inter
1623 470 1761 512 Proten

306 534 345 569 et
366 529 497 567 Platen
519 528 597 566 sita.
654 528 788 567 GoAR.

416 589 442 622 t.
462 585 495 622 ΙΙ
521 597 560 635 p.
576 582 630 625 47
633 586 658 625 9
676 596 710 622 v.
727 586 768 626 7.
826 580 972 632 δουκός
989 579 1102 631 ὄντος
1123 580 1437 634 Θεσσαλονίκης]
1466 582 1522 620 his
1539 582 1764 635 temporibus

306 642 434 679 ducem
449 640 578 678 habuit
595 640 879 690 Thessalonica,
907 644 945 679 et
963 640 1199 679 decrescente
1218 639 1370 691 imperio
1389 639 1620 689 augebantu·
1639 639 1765 690 ‹ligni-
1806 666 1809 670 Α

304 702 410 736 tates.
469 696 606 735 Gom.

416 755 443 790 t.
463 753 497 790 ll
524 766 564 804 p·
591 752 673 795 483
705 764 739 790 V.
767 754 807 793 6.
865 751 1188 789 Bucellariorum
1219 763 1301 790 esse
1329 750 1551 802 provinciam
1576 749 1766 790 contendit

304 809 529 848 Pancirollus
553 809 592 846 in
617 808 705 847 Not.
729 809 816 861 imp.
843 822 875 847 c.
895 807 962 849 47.
1019 812 1133 858 negat
1158 807 1340 858 Rigaltius
1359 807 1397 846 in
1416 807 1452 846 Τ
1453 810 1521 845 act.
1541 806 1698 854 Lexioe,
1726 810 1765 846 et

308 865 593 910 Bzccellarum,
621 877 789 903 annonae
817 864 945 903 clarius
975 865 1116 911 dicam,
1147 876 1365 902 oeconomos
1385 863 1590 914 provisores
1607 863 1766 913 portito-

308 935 444 973 resque
471 923 571 960 facit.
627 921 676 959 illi
701 920 887 959 lubentius
916 921 1112 959 assentior:
1139 932 1224 958 nam
1252 919 1403 958 Galatas
1434 931 1478 957 ac
1505 907 1765 968 Galsograecos

310 978 407 1015 soliti
426 979 573 1016 fuerunt
593 978 813 1016 exercituum
836 978 946 1016 duces
965 977 1048 1014 huic
1065 975 1184 1014 officio
1203 976 1431 1026 mancipare3
1458 975 1556 1014 unde
1574 975 1706 1013 factum
1723 977 1766 1013 ut

308 1047 479 1073 annonae
498 1035 671 1082 ministri,
699 1033 890 1074 Bucellarii
911 1033 1086 1086 Galatae,
1115 1033 1309 1072 videantur
1331 1031 1442 1071 officii
1464 1032 1520 1070 sui
1542 1034 1676 1071 nomen
1696 1043 1765 1083 pa-

308 1092 402 1130 triae
417 1092 601 1132 tribuisse.
659 1091 799 1129 GoAa.

401 1132 477 1183 Σι’ῖ).
498 1159 533 1185 v.
552 1149 589 1188 9.
645 1142 774 1201 Ὀξεῖα
793 1140 930 1198 νήσω]
962 1157 1074 1197 parva
1097 1144 1330 1198 Propontidis
1356 1142 1487 1183 insula.
1543 1141 1650 1182 Plate
1675 1154 1766 1182 vero

307 1203 414 1242 tertia
435 1207 491 1242 est
509 1216 532 1241 a
549 1203 614 1242 ΟΡ
630 1204 817 1242 meridiem
834 1214 959 1241 versus
976 1203 1014 1239 in
1032 1202 1161 1241 eadem
1179 1201 1416 1252 Propontide.
1473 1199 1612 1238 GoAn.

418 1259 473 1296 ib.
497 1272 532 1301 v.
559 1262 621 1302 16.
680 1258 924 1308 Zachariae]
953 1262 1040 1296 ante
1066 1271 1193 1296 vocem
1221 1257 1423 1308 Ζαχαρίαν
1447 1259 1504 1295 est
1527 1271 1553 1296 α
1575 1255 1764 1307 scriptum,

306 1318 344 1354 et
365 1329 519 1367 superne
542 1317 730 1368 quippiam
749 1318 879 1354 literae
898 1330 919 1366 χ
935 1327 1009 1352 non
1029 1315 1213 1362 absimile,
1241 1327 1320 1352 cum
1345 1313 1446 1363 gravi
1466 1315 1631 1351 accentu.
1687 1313 1765 1351 sor-

307 1373 417 1410 tassis
443 1370 615 1426 ἅρχοντα
642 1373 755 1411 voluit
780 1373 984 1423 exprimere
1002 1371 1171 1409 librarius
1192 1382 1236 1408 ea
1255 1373 1364 1418 nota,
1396 1369 1481 1407 mihi
1503 1381 1594 1407 sane
1614 1380 1689 1407 non
1709 1369 1768 1407 in-

304 1428 467 1478 tellecta,
496 1432 537 1466 ut
557 1429 602 1466 sit
622 1429 822 1467 Zachariae
843 1428 1043 1480 praefecto.
1090 1439 1161 1476 ego
1181 1427 1285 1464 omisi
1302 1427 1340 1464 in
1361 1426 1548 1464 vertendo.
1602 1424 1709 1464 Xn..

420 1489 446 1523 t.
478 1484 510 1522 11
538 1498 575 1536 p.
600 1483 682 1526 484
711 1498 746 1523 v.
775 1487 840 1526 19.
897 1480 996 1523 κατοῖ
1026 1480 1097 1523 τόν
1124 1477 1410 1533 Ἀρμενιακόν]
1441 1482 1608 1520 Zonaras
1637 1479 1682 1522 ἐν
1706 1481 1768 1535 τῷ

305 1542 387 1579 τῶν
406 1535 674 1593 Ἀρμενιακῶν
694 1539 860 1593 θέματι,
887 1541 927 1578 in
945 1540 1129 1592 provincia
1149 1539 1384 1585 Armeniaca,
1411 1538 1453 1575 id
1469 1542 1549 1586 est,
1576 1538 1614 1575 iu
1635 1536 1766 1575 Arme-

305 1598 391 1643 nia,
419 1610 514 1646 quae
541 1597 716 1635 Romanis
744 1597 908 1648 parebat.
966 1601 1079 1645 atque
1106 1596 1157 1633 sic
1183 1596 1291 1633 etiam
1310 1595 1404 1631 infra
1425 1589 1683 1644 Ἀρμενιακόν
1697 1604 1767 1644 pro

305 1654 479 1691 Armenia
497 1654 682 1703 provincia
700 1653 867 1703 ponitur,
896 1652 944 1689 de
962 1655 1089 1701 peste,
1118 1652 1156 1688 in
1175 1650 1343 1689 Romano
1363 1649 1520 1699 Argyro.
1578 1649 1673 1686 Xtr..

420 1712 448 1746 t.
468 1709 501 1745 Π
528 1723 567 1759 p.
585 1708 667 1749 485
689 1721 723 1746 v.
743 1711 807 1749 10.
866 1721 911 1744 ex
922 1707 1020 1755 filia
1035 1706 1202 1756 patricii
1209 1704 1226 1755 J
1253 1718 1385 1744 nomen
1407 1705 1463 1743 hic
1482 1704 1636 1743 excidit:
1666 1705 1768 1755 apud

308 1764 492 1802 Zonaram
521 1764 670 1816 Alypius
698 1768 766 1803 est.
822 1764 919 1802 idem
946 1763 1125 1813 Argyrum
1155 1761 1422 1812 Argyropolum
1446 1764 1573 1807 vocat,
1599 1760 1778 1798 nimirum*

307 1821 442 1870 Argyri
468 1820 597 1858 filium:
627 1833 700 1870 quo
720 1821 833 1858 modo
862 1818 1068 1870 comitopoli
1095 1831 1208 1869 supra
1226 1818 1409 1867 Bulgarici
1429 1816 1570 1855 comitis
1586 1816 1650 1855 filii
1667 1817 1766 1855 dice-

308 1877 457 1916 bantur.
517 1878 566 1915 de
589 1880 710 1915 morte
733 1876 965 1915 Constantini
992 1876 1156 1913 librarius
1184 1886 1261 1911 non
1289 1873 1445 1911 absurde
1473 1873 1685 1925 adscripsit,
1719 1864 1768 1911 εὖ

309 1931 519 1983 ἐποίησας,
551 1935 846 1980 Κωνσταντῖνε,
878 1930 1041 1983 τάχιστα
1075 1929 1115 1978 ἐξ
1149 1924 1382 1981 ἀνθρώπων
1413 1925 1646 1981 γενόμενοςι
1680 1940 1766 1967 nam

310 1990 373 2039 qui
392 1990 444 2026 sic
462 1990 611 2036 vivunt,
639 1989 785 2027 nonnisi
804 2001 942 2026 summa
959 1989 1049 2025 dant
1066 1988 1119 2025 rei
1140 1986 1306 2038 publicae
1322 1987 1429 2025 mala.
1487 1984 1578 2023 ΧΠ..

422 2044 477 2082 ib.
500 2058 534 2085 v.
555 2048 623 2087 17·
681 2043 959 2099 ἰερολογεῖται]
990 2056 1111 2081 sacra
1138 2042 1314 2093 nuptiali
1338 2040 1602 2079 benedictione
1628 2053 1766 2078 conso-

311 2102 455 2138 viatur.
517 2102 649 2139 GoAR.

423 2162 451 2198 t.
472 2157 504 2195 Il
533 2172 573 2210 p.
588 2157 671 2199 486
693 2170 728 2196 v.
750 2158 816 2198 13.
872 2156 1211 2208 consanguineum
1235 2151 1518 2204 patriarchae}
1553 2150 1768 2205 ὁμαίμονα.

311 2215 405 2252 solet
433 2218 557 2253 autem
584 2214 673 2265 poni
702 2215 772 2253 hoc
797 2214 1009 2252 vocabulum
1030 2214 1077 2250 ab
1100 2212 1155 2249 his
1173 2210 1407 2261 scriptoribus
1427 2222 1494 2260 pro
1512 2209 1647 2253 fratre,
1676 2222 1769 2259 quo-

311 2271 422 2308 modo
449 2274 487 2308 et
510 2270 680 2320 Virgilius
709 2271 802 2308 dixit
827 2268 885 2306 “et
907 2269 1222 2319 consanguineus
1245 2266 1313 2302 leti
1333 2261 1485 2316 80p0r‚''
1508 2279 1587 2303 cum
1606 2266 1653 2303 sit
1669 2266 1768 2317 apud

313 2327 514 2365 Homerum
535 2322 630 2367 ἔνθ’
654 2324 771 2382 ’ὕπνῳ
793 2323 990 2377 ξύμβλητο
1013 2320 1234 2377 κασιγνήτῳ
1256 2319 1467 2362 θανάτοιο.
1496 2334 1564 2372 pro
1584 2320 1768 2372 ἔκαίνησε

310 2388 433 2421 autem
450 2383 524 2433 legi
544 2381 723 2434 ἐκὲνησε,
753 2383 969 2422 sententiam
990 2385 1147 2420 secutus.
1203 2380 1353 2417 Zostica
1371 2391 1417 2416 an
1434 2378 1619 2429 proprium
1637 2379 1683 2415 sit
1701 2390 1769 2415 no-

311 2452 416 2486 men,
457 2452 506 2478 an
533 2453 620 2479 vero
649 2440 775 2490 (quod
804 2441 918 2491 puto)
948 2438 1086 2476 Zostae
1113 2436 1273 2475 officium
1297 2438 1422 2482 notet,
1461 2434 1671 2484 ambiguum
1700 2436 1768 2472 est.

310 2494 419 2536 Xn..

424 2555 451 2588 t.
471 2551 506 2589 ΙΙ
534 2564 570 2602 p.
588 2548 671 2592 487
689 2563 723 2590 v.
744 2551 807 2591 11.
866 2546 1093 2603 σύνθρονος
1118 2549 1226 2587 sedes
1253 2551 1309 2588 est
1335 2548 1383 2586 ad
1409 2559 1549 2585 murum
1573 2546 1611 2583 in
1638 2557 1767 2595 gyrum

313 2606 459 2655 altaris,
496 2611 533 2645 et
561 2607 592 2644 si
616 2607 727 2656 velis,
764 2607 931 2645 sedilium
955 2607 993 2644 in
1020 2606 1131 2643 choro
1160 2606 1294 2652 series,
1330 2616 1402 2654 qua
1431 2617 1511 2641 cum
1545 2601 1766 2652 presbyteris

316 2664 509 2714 episcopus
530 2663 587 2701 vel
605 2677 684 2701 cum
701 2664 933 2715 pontificibus
953 2662 1156 2714 patriarcha
1174 2660 1362 2707 considet3
1388 2660 1484 2697 unde
1507 2657 1768 2706 Euchologium

319 2731 540 2755 consessum
575 2724 681 2757 vocat
719 2724 758 2758 et
797 2719 929 2756 throni
960 2718 1131 2755 eiusdem
1166 2717 1414 2754 consortium.
1475 2716 1513 2752 in
1545 2727 1590 2752 eo
1621 2712 1768 2762 syncelli

318 2774 445 2824 (velut
473 2778 510 2812 et
539 2776 685 2825 quidam
709 2774 878 2828 ἔκκριτοι
897 2775 1061 2821 diaconi,
1090 2773 1263 2812 ecelesiae
1283 2785 1439 2822 magnae
1456 2770 1575 2809 clerici
1594 2771 1669 2808 sive
1687 2767 1768 2805 offi-

319 2830 449 2878 ciales,
479 2831 527 2869 de
550 2832 682 2881 quibus
708 2832 853 2871 abunde
874 2832 933 2870 Ius
954 2826 1313 2883 Graecoromanum)
1341 2841 1417 2867 non
1435 2839 1640 2867 consessum
1659 2825 1768 2863 modo
