<?xml version="1.0" encoding="UTF-8"?>
<!DOCTYPE html PUBLIC "-//W3C//DTD XHTML 1.0 Transitional//EN"
    "http://www.w3.org/TR/xhtml1/DTD/xhtml1-transitional.dtd">
<html xmlns="http://www.w3.org/1999/xhtml" xml:lang="en" lang="en">
 <head>
  <title>
</title>
<meta http-equiv="Content-Type" content="text/html;charset=utf-8" />
  <meta name='ocr-system' content='tesseract 3.04.00' />
  <meta name='ocr-capabilities' content='ocr_page ocr_carea ocr_par ocr_line ocrx_word'/>
</head>
<body>
  <div class='ocr_page' id='page_1' title='image "./corpusscriptorum14niebuoft/corpusscriptorum14niebuoft_0810.png"; bbox 0 0 1916 3210; ppageno 0'>
   <div class='ocr_carea' id='block_1_1' title="bbox 313 150 1334 200">
    <p class='ocr_par' dir='ltr' id='par_1_1' title="bbox 313 150 1334 200">
     <span class='ocr_line' id='line_1_1' title="bbox 313 150 1334 200; baseline -0.007 0"><span class='ocrx_word' id='word_1_1' title='bbox 313 153 413 200; x_wconf 88' lang='grc'><strong>800</strong></span> <span class='ocrx_word' id='word_1_2' title='bbox 720 150 1017 195; x_wconf 83' lang='lat' dir='ltr'><strong>XYLANDRI</strong></span> <span class='ocrx_word' id='word_1_3' title='bbox 1048 150 1122 194; x_wconf 83' lang='lat' dir='ltr'><strong>ET</strong></span> <span class='ocrx_word' id='word_1_4' title='bbox 1159 150 1334 195; x_wconf 84' lang='lat' dir='ltr'><strong>GoAm</strong></span> 
     </span>
    </p>
   </div>
   <div class='ocr_carea' id='block_1_2' title="bbox 291 259 1793 1049">
    <p class='ocr_par' dir='ltr' id='par_1_2' title="bbox 291 259 1793 1049">
     <span class='ocr_line' id='line_1_2' title="bbox 310 259 1770 318; baseline 0 -15"><span class='ocrx_word' id='word_1_5' title='bbox 310 262 508 318; x_wconf 81' lang='lat' dir='ltr'><strong>postulavit</strong></span> <span class='ocrx_word' id='word_1_6' title='bbox 529 262 577 300; x_wconf 85' lang='lat' dir='ltr'><strong>ad</strong></span> <span class='ocrx_word' id='word_1_7' title='bbox 593 273 762 313; x_wconf 83' lang='lat' dir='ltr'><strong>poenam.</strong></span> <span class='ocrx_word' id='word_1_8' title='bbox 818 273 864 300; x_wconf 85' lang='lat' dir='ltr'><strong>ex</strong></span> <span class='ocrx_word' id='word_1_9' title='bbox 882 260 1118 300; x_wconf 81' lang='lat' dir='ltr'><strong>Prasinorum</strong></span> <span class='ocrx_word' id='word_1_10' title='bbox 1136 263 1260 300; x_wconf 78' lang='lat' dir='ltr'><strong>autem</strong></span> <span class='ocrx_word' id='word_1_11' title='bbox 1280 263 1319 300; x_wconf 85' lang='lat' dir='ltr'><strong>et</strong></span> <span class='ocrx_word' id='word_1_12' title='bbox 1332 259 1560 302; x_wconf 68' lang='lat' dir='ltr'><strong>Venetorum</strong></span> <span class='ocrx_word' id='word_1_13' title='bbox 1575 262 1686 302; x_wconf 68' lang='lat' dir='ltr'><strong>sibi</strong></span> <span class='ocrx_word' id='word_1_14' title='bbox 1675 263 1770 314; x_wconf 81' lang='lat' dir='ltr'><strong>mgi-</strong></span> 
     </span>
     <span class='ocr_line' id='line_1_3' title="bbox 311 315 1771 372; baseline -0.001 -13"><span class='ocrx_word' id='word_1_15' title='bbox 311 325 370 360; x_wconf 89' lang='lat' dir='ltr'><strong>ter</strong></span> <span class='ocrx_word' id='word_1_16' title='bbox 397 319 558 358; x_wconf 87' lang='lat' dir='ltr'><strong>adversis</strong></span> <span class='ocrx_word' id='word_1_17' title='bbox 586 318 733 356; x_wconf 80' lang='lat' dir='ltr'><strong>vocibus</strong></span> <span class='ocrx_word' id='word_1_18' title='bbox 759 329 834 355; x_wconf 88' lang='lat' dir='ltr'><strong>non</strong></span> <span class='ocrx_word' id='word_1_19' title='bbox 860 317 1002 355; x_wconf 87' lang='lat' dir='ltr'><strong>modico</strong></span> <span class='ocrx_word' id='word_1_20' title='bbox 1030 315 1189 355; x_wconf 83' lang='lat' dir='ltr'><strong>tumultu</strong></span> <span class='ocrx_word' id='word_1_21' title='bbox 1208 320 1351 366; x_wconf 80' lang='lat' dir='ltr'><strong>exorto,</strong></span> <span class='ocrx_word' id='word_1_22' title='bbox 1379 315 1426 356; x_wconf 74' lang='grc' dir='ltr'><strong><em>αἱ</em></strong></span> <span class='ocrx_word' id='word_1_23' title='bbox 1443 319 1525 358; x_wconf 71' lang='grc' dir='ltr'><strong>τῶν</strong></span> <span class='ocrx_word' id='word_1_24' title='bbox 1543 315 1687 372; x_wconf 70' lang='grc' dir='ltr'><strong><em>δήμων</em></strong></span> <span class='ocrx_word' id='word_1_25' title='bbox 1709 321 1771 359; x_wconf 77' lang='lat' dir='ltr'><strong>fa-</strong></span> 
     </span>
     <span class='ocr_line' id='line_1_4' title="bbox 291 371 1770 427; baseline 0.001 -14"><span class='ocrx_word' id='word_1_26' title='bbox 291 410 293 413; x_wconf 84' lang='lat'><strong>.</strong></span> <span class='ocrx_word' id='word_1_27' title='bbox 313 377 454 415; x_wconf 90' lang='lat' dir='ltr'><strong>ctiones</strong></span> <span class='ocrx_word' id='word_1_28' title='bbox 473 375 520 412; x_wconf 87' lang='lat' dir='ltr'><strong>de</strong></span> <span class='ocrx_word' id='word_1_29' title='bbox 543 373 674 424; x_wconf 89' lang='lat' dir='ltr'><strong>quibus</strong></span> <span class='ocrx_word' id='word_1_30' title='bbox 693 373 882 426; x_wconf 87' lang='lat' dir='ltr'><strong>superius,</strong></span> <span class='ocrx_word' id='word_1_31' title='bbox 919 373 1122 425; x_wconf 77' lang='lat' dir='ltr'><strong>Hypatium</strong></span> <span class='ocrx_word' id='word_1_32' title='bbox 1137 373 1392 425; x_wconf 72' lang='lat' dir='ltr'><strong>imperatum</strong></span> <span class='ocrx_word' id='word_1_33' title='bbox 1412 371 1770 427; x_wconf 53' lang='lat' dir='ltr'><strong>exdau-ndfqu</strong></span> 
     </span>
     <span class='ocr_line' id='line_1_5' title="bbox 313 428 1769 481; baseline 0.001 -13"><span class='ocrx_word' id='word_1_34' title='bbox 313 431 425 471; x_wconf 83' lang='lat' dir='ltr'>nihilo</span> <span class='ocrx_word' id='word_1_35' title='bbox 463 431 576 468; x_wconf 86' lang='lat' dir='ltr'><strong>secius</strong></span> <span class='ocrx_word' id='word_1_36' title='bbox 615 442 695 467; x_wconf 92' lang='lat' dir='ltr'><strong>cum</strong></span> <span class='ocrx_word' id='word_1_37' title='bbox 727 429 889 480; x_wconf 83' lang='lat' dir='ltr'><strong>plurimis</strong></span> <span class='ocrx_word' id='word_1_38' title='bbox 913 429 1157 481; x_wconf 74' lang='lat' dir='ltr'><strong>perduellibus</strong></span> <span class='ocrx_word' id='word_1_39' title='bbox 1185 429 1354 469; x_wconf 79' lang='lat' dir='ltr'><strong>Belisarii</strong></span> <span class='ocrx_word' id='word_1_40' title='bbox 1377 428 1512 470; x_wconf 80' lang='lat' dir='ltr'><strong>Mundi</strong></span> <span class='ocrx_word' id='word_1_41' title='bbox 1536 434 1575 471; x_wconf 68' lang='lat' dir='ltr'><strong>et</strong></span> <span class='ocrx_word' id='word_1_42' title='bbox 1595 428 1769 475; x_wconf 61' lang='lat' dir='ltr'><strong>Noenetis</strong></span> 
     </span>
     <span class='ocr_line' id='line_1_6' title="bbox 313 485 1404 552; baseline -0.002 -26"><span class='ocrx_word' id='word_1_43' title='bbox 313 488 423 526; x_wconf 85' lang='lat' dir='ltr'><strong>armis</strong></span> <span class='ocrx_word' id='word_1_44' title='bbox 443 486 480 525; x_wconf 89' lang='lat' dir='ltr'><strong>in</strong></span> <span class='ocrx_word' id='word_1_45' title='bbox 502 485 562 523; x_wconf 89' lang='lat' dir='ltr'><strong>illa</strong></span> <span class='ocrx_word' id='word_1_46' title='bbox 581 485 761 525; x_wconf 87' lang='lat' dir='ltr'><strong>seditione</strong></span> <span class='ocrx_word' id='word_1_47' title='bbox 764 488 909 552; x_wconf 82' lang='lat' dir='ltr'><strong>misere</strong></span> <span class='ocrx_word' id='word_1_48' title='bbox 928 485 1126 524; x_wconf 73' lang='lat' dir='ltr'><strong>exstinctus</strong></span> <span class='ocrx_word' id='word_1_49' title='bbox 1143 490 1213 527; x_wconf 72' lang='lat' dir='ltr'><strong>est.</strong></span> <span class='ocrx_word' id='word_1_50' title='bbox 1270 485 1404 524; x_wconf 66' lang='lat' dir='ltr'><strong>Gom.</strong></span> 
     </span>
     <span class='ocr_line' id='line_1_7' title="bbox 345 537 1770 637; baseline 0 -54"><span class='ocrx_word' id='word_1_51' title='bbox 345 598 362 637; x_wconf 67' lang='lat' dir='ltr'><em>l</em></span> <span class='ocrx_word' id='word_1_52' title='bbox 420 543 463 594; x_wconf 56' lang='grc' dir='ltr'><strong>ἱ).</strong></span> <span class='ocrx_word' id='word_1_53' title='bbox 480 540 563 636; x_wconf 58' lang='grc' dir='ltr'><strong>6ἓ7</strong></span> <span class='ocrx_word' id='word_1_54' title='bbox 582 554 618 580; x_wconf 86' lang='lat' dir='ltr'><strong>v.</strong></span> <span class='ocrx_word' id='word_1_55' title='bbox 643 541 704 584; x_wconf 83' lang='grc'><strong>15</strong></span> <span class='ocrx_word' id='word_1_56' title='bbox 757 537 786 595; x_wconf 80' lang='grc' dir='ltr'><em>ἥ</em></span> <span class='ocrx_word' id='word_1_57' title='bbox 803 555 847 583; x_wconf 79' lang='grc' dir='ltr'><strong>τε</strong></span> <span class='ocrx_word' id='word_1_58' title='bbox 863 539 959 595; x_wconf 75' lang='grc' dir='ltr'><strong><em>ἁγία</em></strong></span> <span class='ocrx_word' id='word_1_59' title='bbox 975 537 1153 596; x_wconf 80' lang='grc' dir='ltr'>Εἰρήνη]</span> <span class='ocrx_word' id='word_1_60' title='bbox 1178 541 1309 620; x_wconf 78' lang='lat' dir='ltr'><strong>clarius</strong></span> <span class='ocrx_word' id='word_1_61' title='bbox 1330 541 1505 581; x_wconf 75' lang='lat' dir='ltr'><strong>Sanctae</strong></span> <span class='ocrx_word' id='word_1_62' title='bbox 1521 541 1770 589; x_wconf 62' lang='grc' dir='ltr'><strong><em>Ινσηαοὲσιι-</em></strong></span> 
     </span>
     <span class='ocr_line' id='line_1_8' title="bbox 310 609 630 651; baseline -0.01 -13"><span class='ocrx_word' id='word_1_63' title='bbox 310 614 342 651; x_wconf 84' lang='lat' dir='ltr'><strong>p</strong></span> <span class='ocrx_word' id='word_1_64' title='bbox 361 612 439 637; x_wconf 82' lang='lat' dir='ltr'><strong>um.</strong></span> <span class='ocrx_word' id='word_1_65' title='bbox 536 609 630 637; x_wconf 77' lang='grc' dir='ltr'><strong><em>οΑιι.</em></strong></span> 
     </span>
     <span class='ocr_line' id='line_1_9' title="bbox 429 647 1793 722; baseline 0.001 -30"><span class='ocrx_word' id='word_1_66' title='bbox 429 652 484 692; x_wconf 79' lang='lat' dir='ltr'><strong>ib.</strong></span> <span class='ocrx_word' id='word_1_67' title='bbox 515 666 550 693; x_wconf 87' lang='lat' dir='ltr'><strong>v.</strong></span> <span class='ocrx_word' id='word_1_68' title='bbox 583 657 649 697; x_wconf 85' lang='lat'><strong>16.</strong></span> <span class='ocrx_word' id='word_1_69' title='bbox 687 647 954 721; x_wconf 79' lang='grc' dir='ltr'><strong><em>προσκήνιον</em></strong></span> <span class='ocrx_word' id='word_1_70' title='bbox 980 655 1055 707; x_wconf 76' lang='grc' dir='ltr'><strong>τῆς</strong></span> <span class='ocrx_word' id='word_1_71' title='bbox 1082 652 1312 708; x_wconf 73' lang='grc' dir='ltr'><strong><em>βασιλικῆς]</em></strong></span> <span class='ocrx_word' id='word_1_72' title='bbox 1353 657 1568 722; x_wconf 71' lang='lat' dir='ltr'><strong>suggestum</strong></span> <span class='ocrx_word' id='word_1_73' title='bbox 1597 653 1793 699; x_wconf 57' lang='lat' dir='ltr'><strong>elevatius</strong></span> 
     </span>
     <span class='ocr_line' id='line_1_10' title="bbox 316 705 1774 766; baseline 0.002 -16"><span class='ocrx_word' id='word_1_74' title='bbox 316 713 412 752; x_wconf 81' lang='lat' dir='ltr'><strong>atrio</strong></span> <span class='ocrx_word' id='word_1_75' title='bbox 431 711 602 750; x_wconf 79' lang='lat' dir='ltr'><strong>exteriori</strong></span> <span class='ocrx_word' id='word_1_76' title='bbox 619 711 744 761; x_wconf 81' lang='lat' dir='ltr'><strong>regiae</strong></span> <span class='ocrx_word' id='word_1_77' title='bbox 762 711 908 750; x_wconf 76' lang='lat' dir='ltr'><strong>domus.</strong></span> <span class='ocrx_word' id='word_1_78' title='bbox 962 715 1069 750; x_wconf 86' lang='lat' dir='ltr'><strong>vocat</strong></span> <span class='ocrx_word' id='word_1_79' title='bbox 1086 712 1288 751; x_wconf 80' lang='lat' dir='ltr'><strong>simocatta</strong></span> <span class='ocrx_word' id='word_1_80' title='bbox 1315 713 1340 755; x_wconf 83' lang='grc'><strong>1</strong></span> <span class='ocrx_word' id='word_1_81' title='bbox 1372 714 1395 754; x_wconf 90' lang='grc'>1</span> <span class='ocrx_word' id='word_1_82' title='bbox 1423 705 1647 766; x_wconf 71' lang='grc' dir='ltr'><strong><em>προαύλιον</em></strong></span> <span class='ocrx_word' id='word_1_83' title='bbox 1665 723 1774 765; x_wconf 69' lang='grc' dir='ltr'><strong><em>περι·</em></strong></span> 
     </span>
     <span class='ocr_line' id='line_1_11' title="bbox 318 763 1226 837; baseline -0.004 -28"><span class='ocrx_word' id='word_1_84' title='bbox 318 766 444 821; x_wconf 79' lang='grc' dir='ltr'><strong><em>φανὲς</em></strong></span> <span class='ocrx_word' id='word_1_85' title='bbox 463 766 531 807; x_wconf 85' lang='grc' dir='ltr'><strong><em>καὶ</em></strong></span> <span class='ocrx_word' id='word_1_86' title='bbox 549 766 759 837; x_wconf 78' lang='grc' dir='ltr'><strong><em>περίδοξον</em></strong></span> <span class='ocrx_word' id='word_1_87' title='bbox 776 763 1037 836; x_wconf 72' lang='grc' dir='ltr'><strong><em>προσινήνιον.</em></strong></span> <span class='ocrx_word' id='word_1_88' title='bbox 1094 768 1226 807; x_wconf 74' lang='lat' dir='ltr'><strong>GoAn.</strong></span> 
     </span>
     <span class='ocr_line' id='line_1_12' title="bbox 429 818 1774 892; baseline 0.001 -31"><span class='ocrx_word' id='word_1_89' title='bbox 429 823 483 861; x_wconf 81' lang='lat' dir='ltr'><strong>ib.</strong></span> <span class='ocrx_word' id='word_1_90' title='bbox 514 836 550 865; x_wconf 84' lang='lat' dir='ltr'><strong>v.</strong></span> <span class='ocrx_word' id='word_1_91' title='bbox 583 825 648 866; x_wconf 87' lang='lat'><strong>17.</strong></span> <span class='ocrx_word' id='word_1_92' title='bbox 713 820 757 865; x_wconf 80' lang='grc' dir='ltr'><strong>τὸ</strong></span> <span class='ocrx_word' id='word_1_93' title='bbox 795 818 1096 892; x_wconf 78' lang='grc' dir='ltr'><strong><em>Αυγουσταῖον]</em></strong></span> <span class='ocrx_word' id='word_1_94' title='bbox 1144 825 1349 864; x_wconf 77' lang='lat' dir='ltr'><strong>simocatta</strong></span> <span class='ocrx_word' id='word_1_95' title='bbox 1377 824 1402 866; x_wconf 92' lang='lat'><strong>1</strong></span> <span class='ocrx_word' id='word_1_96' title='bbox 1433 825 1487 867; x_wconf 88' lang='lat'><strong>10</strong></span> <span class='ocrx_word' id='word_1_97' title='bbox 1526 823 1655 864; x_wconf 71' lang='lat' dir='ltr'><strong>scribit</strong></span> <span class='ocrx_word' id='word_1_98' title='bbox 1689 835 1774 863; x_wconf 68' lang='lat' dir='ltr'><strong>ene</strong></span> 
     </span>
     <span class='ocr_line' id='line_1_13' title="bbox 319 875 1774 953; baseline 0 -32"><span class='ocrx_word' id='word_1_99' title='bbox 319 875 541 948; x_wconf 76' lang='grc' dir='ltr'><strong><em>οῗνακτορον</em></strong></span> <span class='ocrx_word' id='word_1_100' title='bbox 564 879 608 921; x_wconf 81' lang='grc' dir='ltr'><strong><em>ἐν</em></strong></span> <span class='ocrx_word' id='word_1_101' title='bbox 635 895 690 935; x_wconf 79' lang='grc' dir='ltr'><strong>τῳ</strong></span> <span class='ocrx_word' id='word_1_102' title='bbox 723 876 880 936; x_wconf 76' lang='grc' dir='ltr'><em>μεγάλῳ</em></span> <span class='ocrx_word' id='word_1_103' title='bbox 905 876 1077 950; x_wconf 71' lang='grc' dir='ltr'><strong><em>θαλᾶμω</em></strong></span> <span class='ocrx_word' id='word_1_104' title='bbox 1105 883 1161 953; x_wconf 75' lang='grc' dir='ltr'><strong>τῷ</strong></span> <span class='ocrx_word' id='word_1_105' title='bbox 1187 878 1288 934; x_wconf 87' lang='grc' dir='ltr'><strong><em>προς</em></strong></span> <span class='ocrx_word' id='word_1_106' title='bbox 1306 883 1359 937; x_wconf 75' lang='grc' dir='ltr'><strong>τῇ</strong></span> <span class='ocrx_word' id='word_1_107' title='bbox 1376 881 1562 949; x_wconf 61' lang='lat' dir='ltr'><strong>‘seylam&#39;</strong></span> <span class='ocrx_word' id='word_1_108' title='bbox 1555 882 1639 922; x_wconf 84' lang='grc' dir='ltr'><strong><em>των</em></strong></span> <span class='ocrx_word' id='word_1_109' title='bbox 1656 879 1774 934; x_wconf 76' lang='grc' dir='ltr'><strong><em>βασι·-</em></strong></span> 
     </span>
     <span class='ocr_line' id='line_1_14' title="bbox 317 932 1776 992; baseline -0.001 -14"><span class='ocrx_word' id='word_1_110' title='bbox 317 939 437 978; x_wconf 83' lang='grc' dir='ltr'><strong><em>λείων</em></strong></span> <span class='ocrx_word' id='word_1_111' title='bbox 461 932 580 991; x_wconf 82' lang='grc' dir='ltr'><strong><em>αυλῇ.</em></strong></span> <span class='ocrx_word' id='word_1_112' title='bbox 621 932 898 992; x_wconf 80' lang='grc' dir='ltr'><strong><em>Αυγουσταῖος</em></strong></span> <span class='ocrx_word' id='word_1_113' title='bbox 914 932 956 978; x_wconf 80' lang='grc' dir='ltr'><strong>δ’</strong></span> <span class='ocrx_word' id='word_1_114' title='bbox 977 935 1056 989; x_wconf 67' lang='grc' dir='ltr'><strong><em>ἄρα</em></strong></span> <span class='ocrx_word' id='word_1_115' title='bbox 1074 932 1191 986; x_wconf 88' lang='grc' dir='ltr'><strong><em>ουτος</em></strong></span> <span class='ocrx_word' id='word_1_116' title='bbox 1209 932 1528 990; x_wconf 75' lang='grc' dir='ltr'><strong><em>κατονομάζεται.</em></strong></span> <span class='ocrx_word' id='word_1_117' title='bbox 1582 949 1607 976; x_wconf 77' lang='lat' dir='ltr'><strong>e</strong></span> <span class='ocrx_word' id='word_1_118' title='bbox 1621 937 1776 988; x_wconf 72' lang='lat' dir='ltr'><strong>regione</strong></span> 
     </span>
     <span class='ocr_line' id='line_1_15' title="bbox 318 992 1777 1049; baseline -0.001 -15"><span class='ocrx_word' id='word_1_119' title='bbox 318 998 400 1034; x_wconf 85' lang='lat' dir='ltr'><strong>erat</strong></span> <span class='ocrx_word' id='word_1_120' title='bbox 427 993 615 1042; x_wconf 88' lang='lat' dir='ltr'><strong>columna,</strong></span> <span class='ocrx_word' id='word_1_121' title='bbox 653 997 692 1033; x_wconf 85' lang='lat' dir='ltr'><strong>et</strong></span> <span class='ocrx_word' id='word_1_122' title='bbox 715 993 904 1034; x_wconf 82' lang='lat' dir='ltr'><strong>columnae</strong></span> <span class='ocrx_word' id='word_1_123' title='bbox 930 998 1052 1035; x_wconf 83' lang='lat' dir='ltr'><strong>statua</strong></span> <span class='ocrx_word' id='word_1_124' title='bbox 1070 993 1262 1034; x_wconf 81' lang='lat' dir='ltr'><strong>Iustiniani</strong></span> <span class='ocrx_word' id='word_1_125' title='bbox 1274 995 1526 1049; x_wconf 84' lang='lat' dir='ltr'><strong>superposita,</strong></span> <span class='ocrx_word' id='word_1_126' title='bbox 1553 993 1603 1034; x_wconf 85' lang='lat' dir='ltr'><strong>de</strong></span> <span class='ocrx_word' id='word_1_127' title='bbox 1619 1005 1696 1046; x_wconf 83' lang='lat' dir='ltr'><strong>qua</strong></span> <span class='ocrx_word' id='word_1_128' title='bbox 1715 992 1777 1036; x_wconf 83' lang='lat' dir='ltr'><strong>hic</strong></span> 
     </span>
    </p>
   </div>
   <div class='ocr_carea' id='block_1_3' title="bbox 260 1051 873 1092">
    <p class='ocr_par' dir='ltr' id='par_1_3' title="bbox 260 1051 873 1092">
     <span class='ocr_line' id='line_1_16' title="bbox 260 1051 873 1092; baseline 0.002 -5"><span class='ocrx_word' id='word_1_129' title='bbox 260 1085 262 1087; x_wconf 87' lang='lat'><strong>.</strong></span> <span class='ocrx_word' id='word_1_130' title='bbox 318 1052 484 1090; x_wconf 87' lang='lat' dir='ltr'><strong>eiusdem</strong></span> <span class='ocrx_word' id='word_1_131' title='bbox 499 1063 597 1089; x_wconf 88' lang='lat' dir='ltr'><strong>anno</strong></span> <span class='ocrx_word' id='word_1_132' title='bbox 620 1052 685 1092; x_wconf 88' lang='lat'><strong>16.</strong></span> <span class='ocrx_word' id='word_1_133' title='bbox 742 1051 873 1090; x_wconf 74' lang='lat' dir='ltr'><strong>GoAn.</strong></span> 
     </span>
    </p>
   </div>
   <div class='ocr_carea' id='block_1_4' title="bbox 315 1102 1777 2851">
    <p class='ocr_par' dir='ltr' id='par_1_4' title="bbox 315 1102 1777 1890">
     <span class='ocr_line' id='line_1_17' title="bbox 429 1102 1775 1160; baseline -0.001 -12"><span class='ocrx_word' id='word_1_134' title='bbox 429 1121 468 1159; x_wconf 89' lang='lat' dir='ltr'>p</span> <span class='ocrx_word' id='word_1_135' title='bbox 498 1105 579 1148; x_wconf 82' lang='lat'><strong>649</strong></span> <span class='ocrx_word' id='word_1_136' title='bbox 608 1119 643 1145; x_wconf 82' lang='lat' dir='ltr'><strong>v.</strong></span> <span class='ocrx_word' id='word_1_137' title='bbox 673 1108 742 1148; x_wconf 82' lang='lat'><strong>20.</strong></span> <span class='ocrx_word' id='word_1_138' title='bbox 794 1105 990 1148; x_wconf 84' lang='grc' dir='ltr'><strong><em>νπατείαν</em></strong></span> <span class='ocrx_word' id='word_1_139' title='bbox 1007 1102 1205 1159; x_wconf 81' lang='grc' dir='ltr'><strong><em>ποιήσας]</em></strong></span> <span class='ocrx_word' id='word_1_140' title='bbox 1243 1119 1354 1160; x_wconf 83' lang='lat' dir='ltr'><strong>supra</strong></span> <span class='ocrx_word' id='word_1_141' title='bbox 1377 1107 1551 1146; x_wconf 81' lang='lat' dir='ltr'><strong>annotavi</strong></span> <span class='ocrx_word' id='word_1_142' title='bbox 1577 1102 1775 1147; x_wconf 71' lang='grc' dir='ltr'><strong><em>ὑπατείαν</em></strong></span> 
     </span>
     <span class='ocr_line' id='line_1_18' title="bbox 317 1159 1773 1217; baseline 0 -15"><span class='ocrx_word' id='word_1_143' title='bbox 317 1176 387 1217; x_wconf 82' lang='lat' dir='ltr'><strong>pro</strong></span> <span class='ocrx_word' id='word_1_144' title='bbox 408 1175 558 1202; x_wconf 89' lang='lat' dir='ltr'><strong>munere</strong></span> <span class='ocrx_word' id='word_1_145' title='bbox 575 1163 676 1214; x_wconf 87' lang='lat' dir='ltr'><strong>quod</strong></span> <span class='ocrx_word' id='word_1_146' title='bbox 694 1164 820 1202; x_wconf 89' lang='lat' dir='ltr'><strong>consul</strong></span> <span class='ocrx_word' id='word_1_147' title='bbox 836 1163 976 1216; x_wconf 90' lang='lat' dir='ltr'><strong>populo</strong></span> <span class='ocrx_word' id='word_1_148' title='bbox 998 1165 1104 1203; x_wconf 87' lang='lat' dir='ltr'><strong>daret</strong></span> <span class='ocrx_word' id='word_1_149' title='bbox 1120 1165 1225 1216; x_wconf 91' lang='lat' dir='ltr'><strong>poni,</strong></span> <span class='ocrx_word' id='word_1_150' title='bbox 1261 1163 1439 1216; x_wconf 86' lang='lat' dir='ltr'><strong>principio</strong></span> <span class='ocrx_word' id='word_1_151' title='bbox 1461 1162 1650 1202; x_wconf 79' lang='lat' dir='ltr'><strong>Iustiniani</strong></span> <span class='ocrx_word' id='word_1_152' title='bbox 1663 1159 1773 1202; x_wconf 70' lang='grc' dir='ltr'><strong><em>ὕπα-</em></strong></span> 
     </span>
     <span class='ocr_line' id='line_1_19' title="bbox 315 1216 1775 1271; baseline -0.003 -11"><span class='ocrx_word' id='word_1_153' title='bbox 315 1221 426 1261; x_wconf 85' lang='grc' dir='ltr'><strong><em>τείαν</em></strong></span> <span class='ocrx_word' id='word_1_154' title='bbox 447 1216 618 1260; x_wconf 76' lang='grc' dir='ltr'><strong><em>διδόναι.</em></strong></span> <span class='ocrx_word' id='word_1_155' title='bbox 674 1233 796 1259; x_wconf 90' lang='lat' dir='ltr'><strong>verum</strong></span> <span class='ocrx_word' id='word_1_156' title='bbox 815 1221 856 1259; x_wconf 90' lang='lat' dir='ltr'><strong>id</strong></span> <span class='ocrx_word' id='word_1_157' title='bbox 877 1221 936 1259; x_wconf 91' lang='lat' dir='ltr'><strong>hic</strong></span> <span class='ocrx_word' id='word_1_158' title='bbox 956 1219 1074 1259; x_wconf 89' lang='lat' dir='ltr'><strong>locum</strong></span> <span class='ocrx_word' id='word_1_159' title='bbox 1094 1220 1279 1271; x_wconf 88' lang='lat' dir='ltr'><strong>quomodo</strong></span> <span class='ocrx_word' id='word_1_160' title='bbox 1301 1219 1437 1259; x_wconf 85' lang='lat' dir='ltr'><strong>habeat</strong></span> <span class='ocrx_word' id='word_1_161' title='bbox 1462 1223 1528 1259; x_wconf 88' lang='lat' dir='ltr'><strong>aut</strong></span> <span class='ocrx_word' id='word_1_162' title='bbox 1545 1231 1622 1258; x_wconf 85' lang='lat' dir='ltr'><strong>non</strong></span> <span class='ocrx_word' id='word_1_163' title='bbox 1639 1218 1775 1259; x_wconf 73' lang='lat' dir='ltr'><strong>habent</strong></span> 
     </span>
     <span class='ocr_line' id='line_1_20' title="bbox 315 1268 1776 1330; baseline -0.001 -14"><span class='ocrx_word' id='word_1_164' title='bbox 315 1268 506 1327; x_wconf 83' lang='lat' dir='ltr'><strong>intelliges.</strong></span> <span class='ocrx_word' id='word_1_165' title='bbox 526 1276 692 1315; x_wconf 85' lang='lat' dir='ltr'><strong>Zonaras</strong></span> <span class='ocrx_word' id='word_1_166' title='bbox 708 1276 756 1316; x_wconf 89' lang='lat' dir='ltr'><strong>de</strong></span> <span class='ocrx_word' id='word_1_167' title='bbox 770 1278 839 1316; x_wconf 85' lang='lat' dir='ltr'><strong>hac</strong></span> <span class='ocrx_word' id='word_1_168' title='bbox 855 1290 897 1315; x_wconf 88' lang='lat' dir='ltr'><strong>re</strong></span> <span class='ocrx_word' id='word_1_169' title='bbox 912 1277 983 1315; x_wconf 80' lang='lat' dir='ltr'><strong>ita:</strong></span> <span class='ocrx_word' id='word_1_170' title='bbox 1005 1272 1239 1330; x_wconf 81' lang='grc' dir='ltr'><strong><em>Βελισαριος</em></strong></span> <span class='ocrx_word' id='word_1_171' title='bbox 1256 1273 1300 1316; x_wconf 77' lang='grc' dir='ltr'><strong>δὲ</strong></span> <span class='ocrx_word' id='word_1_172' title='bbox 1318 1274 1387 1316; x_wconf 80' lang='grc' dir='ltr'><strong><em>καὶ</em></strong></span> <span class='ocrx_word' id='word_1_173' title='bbox 1403 1274 1595 1323; x_wconf 79' lang='grc' dir='ltr'><strong><em>νπατείας</em></strong></span> <span class='ocrx_word' id='word_1_174' title='bbox 1614 1271 1776 1327; x_wconf 65' lang='grc' dir='ltr'><strong><em>ἠξίωτο-</em></strong></span> 
     </span>
     <span class='ocr_line' id='line_1_21' title="bbox 317 1329 1775 1385; baseline -0.003 -12"><span class='ocrx_word' id='word_1_175' title='bbox 317 1334 419 1385; x_wconf 81' lang='lat' dir='ltr'><strong>apud</strong></span> <span class='ocrx_word' id='word_1_176' title='bbox 433 1333 670 1384; x_wconf 86' lang='lat' dir='ltr'><strong>Procopium,</strong></span> <span class='ocrx_word' id='word_1_177' title='bbox 706 1334 770 1383; x_wconf 90' lang='lat' dir='ltr'><strong>qui</strong></span> <span class='ocrx_word' id='word_1_178' title='bbox 788 1334 1035 1373; x_wconf 88' lang='lat' dir='ltr'><strong>Gilimericum</strong></span> <span class='ocrx_word' id='word_1_179' title='bbox 1063 1333 1134 1372; x_wconf 91' lang='lat' dir='ltr'><strong>hoc</strong></span> <span class='ocrx_word' id='word_1_180' title='bbox 1160 1334 1348 1384; x_wconf 83' lang='lat' dir='ltr'><strong>negotium</strong></span> <span class='ocrx_word' id='word_1_181' title='bbox 1370 1332 1463 1371; x_wconf 87' lang='lat' dir='ltr'><strong>libro</strong></span> <span class='ocrx_word' id='word_1_182' title='bbox 1480 1331 1566 1372; x_wconf 89' lang='lat' dir='ltr'><strong>belli</strong></span> <span class='ocrx_word' id='word_1_183' title='bbox 1583 1329 1775 1371; x_wconf 84' lang='lat' dir='ltr'><strong>Vandalici</strong></span> 
     </span>
     <span class='ocr_line' id='line_1_22' title="bbox 317 1386 1776 1442; baseline -0.001 -16"><span class='ocrx_word' id='word_1_184' title='bbox 317 1390 440 1442; x_wconf 87' lang='lat' dir='ltr'><strong>priore</strong></span> <span class='ocrx_word' id='word_1_185' title='bbox 462 1389 676 1440; x_wconf 85' lang='lat' dir='ltr'><strong>descripsit,</strong></span> <span class='ocrx_word' id='word_1_186' title='bbox 703 1390 753 1428; x_wconf 87' lang='lat' dir='ltr'><strong>ita</strong></span> <span class='ocrx_word' id='word_1_187' title='bbox 768 1389 915 1440; x_wconf 86' lang='lat' dir='ltr'><strong>legitur,</strong></span> <span class='ocrx_word' id='word_1_188' title='bbox 945 1390 1186 1429; x_wconf 80' lang='lat' dir='ltr'><strong>Volaterrano</strong></span> <span class='ocrx_word' id='word_1_189' title='bbox 1207 1391 1422 1442; x_wconf 83' lang='lat' dir='ltr'><strong>interprete.</strong></span> <span class='ocrx_word' id='word_1_190' title='bbox 1449 1386 1580 1441; x_wconf 85' lang='lat' dir='ltr'><strong>“paulo</strong></span> <span class='ocrx_word' id='word_1_191' title='bbox 1599 1391 1685 1440; x_wconf 83' lang='lat' dir='ltr'><strong>post</strong></span> <span class='ocrx_word' id='word_1_192' title='bbox 1700 1387 1776 1426; x_wconf 86' lang='lat' dir='ltr'><strong>Be·</strong></span> 
     </span>
     <span class='ocr_line' id='line_1_23' title="bbox 318 1444 1776 1498; baseline -0.001 -14"><span class='ocrx_word' id='word_1_193' title='bbox 318 1447 457 1484; x_wconf 84' lang='lat' dir='ltr'><strong>lisario</strong></span> <span class='ocrx_word' id='word_1_194' title='bbox 470 1446 638 1484; x_wconf 89' lang='lat' dir='ltr'><strong>decretus</strong></span> <span class='ocrx_word' id='word_1_195' title='bbox 658 1446 864 1498; x_wconf 87' lang='lat' dir='ltr'><strong>triumphus</strong></span> <span class='ocrx_word' id='word_1_196' title='bbox 890 1459 992 1486; x_wconf 91' lang='lat' dir='ltr'><strong>more</strong></span> <span class='ocrx_word' id='word_1_197' title='bbox 1017 1447 1259 1497; x_wconf 88' lang='lat' dir='ltr'><strong>antiquorum.</strong></span> <span class='ocrx_word' id='word_1_198' title='bbox 1314 1457 1400 1484; x_wconf 90' lang='lat' dir='ltr'><strong>nam</strong></span> <span class='ocrx_word' id='word_1_199' title='bbox 1415 1444 1543 1484; x_wconf 88' lang='lat' dir='ltr'><strong>consul</strong></span> <span class='ocrx_word' id='word_1_200' title='bbox 1562 1445 1680 1483; x_wconf 84' lang='lat' dir='ltr'><strong>factus</strong></span> <span class='ocrx_word' id='word_1_201' title='bbox 1703 1447 1776 1491; x_wconf 82' lang='lat' dir='ltr'><strong>est,</strong></span> 
     </span>
     <span class='ocr_line' id='line_1_24' title="bbox 319 1499 1776 1554; baseline -0.002 -13"><span class='ocrx_word' id='word_1_202' title='bbox 319 1503 435 1541; x_wconf 89' lang='lat' dir='ltr'><strong>curuli</strong></span> <span class='ocrx_word' id='word_1_203' title='bbox 453 1501 541 1540; x_wconf 86' lang='lat' dir='ltr'><strong>sella</strong></span> <span class='ocrx_word' id='word_1_204' title='bbox 556 1502 714 1540; x_wconf 81' lang='lat' dir='ltr'><strong>humeris</strong></span> <span class='ocrx_word' id='word_1_205' title='bbox 731 1503 954 1554; x_wconf 85' lang='lat' dir='ltr'><strong>captivorum</strong></span> <span class='ocrx_word' id='word_1_206' title='bbox 973 1504 1136 1542; x_wconf 87' lang='lat' dir='ltr'><strong>invectus</strong></span> <span class='ocrx_word' id='word_1_207' title='bbox 1153 1505 1353 1553; x_wconf 82' lang='lat' dir='ltr'><strong>argentea,</strong></span> <span class='ocrx_word' id='word_1_208' title='bbox 1388 1513 1504 1541; x_wconf 83' lang='lat' dir='ltr'><strong>zonas</strong></span> <span class='ocrx_word' id='word_1_209' title='bbox 1519 1512 1650 1540; x_wconf 81' lang='lat' dir='ltr'><strong>aureas</strong></span> <span class='ocrx_word' id='word_1_210' title='bbox 1667 1499 1776 1538; x_wconf 80' lang='lat' dir='ltr'><strong>alias-</strong></span> 
     </span>
     <span class='ocr_line' id='line_1_25' title="bbox 321 1557 1775 1610; baseline -0.001 -14"><span class='ocrx_word' id='word_1_211' title='bbox 321 1572 395 1609; x_wconf 87' lang='lat' dir='ltr'><strong>que</strong></span> <span class='ocrx_word' id='word_1_212' title='bbox 427 1571 448 1596; x_wconf 91' lang='lat' dir='ltr'><strong>e</strong></span> <span class='ocrx_word' id='word_1_213' title='bbox 475 1557 602 1609; x_wconf 88' lang='lat' dir='ltr'><strong>spoliis</strong></span> <span class='ocrx_word' id='word_1_214' title='bbox 625 1559 871 1597; x_wconf 86' lang='lat' dir='ltr'><strong>Vandalorum</strong></span> <span class='ocrx_word' id='word_1_215' title='bbox 898 1560 1044 1598; x_wconf 86' lang='lat' dir='ltr'><strong>divitias</strong></span> <span class='ocrx_word' id='word_1_216' title='bbox 1071 1559 1210 1610; x_wconf 90' lang='lat' dir='ltr'><strong>populo</strong></span> <span class='ocrx_word' id='word_1_217' title='bbox 1236 1559 1430 1610; x_wconf 86' lang='lat' dir='ltr'><strong>dispersit,</strong></span> <span class='ocrx_word' id='word_1_218' title='bbox 1467 1569 1677 1608; x_wconf 85' lang='lat' dir='ltr'><strong>quanquam</strong></span> <span class='ocrx_word' id='word_1_219' title='bbox 1697 1568 1775 1594; x_wconf 88' lang='lat' dir='ltr'><strong>rem</strong></span> 
     </span>
     <span class='ocr_line' id='line_1_26' title="bbox 320 1610 1777 1666; baseline -0.002 -14"><span class='ocrx_word' id='word_1_220' title='bbox 320 1627 451 1653; x_wconf 83' lang='lat' dir='ltr'><strong>novam</strong></span> <span class='ocrx_word' id='word_1_221' title='bbox 482 1615 603 1653; x_wconf 80' lang='lat' dir='ltr'><strong>facere</strong></span> <span class='ocrx_word' id='word_1_222' title='bbox 625 1610 754 1653; x_wconf 84' lang='lat' dir='ltr'><strong>visus.&#39;</strong></span> <span class='ocrx_word' id='word_1_223' title='bbox 756 1611 886 1652; x_wconf 52' lang='lat' dir='ltr'><strong>’Xnn</strong></span> <span class='ocrx_word' id='word_1_224' title='bbox 944 1615 1194 1652; x_wconf 68' lang='lat' dir='ltr'><strong>consulatum</strong></span> <span class='ocrx_word' id='word_1_225' title='bbox 1217 1615 1341 1666; x_wconf 74' lang='lat' dir='ltr'><strong>gessit</strong></span> <span class='ocrx_word' id='word_1_226' title='bbox 1367 1615 1412 1651; x_wconf 84' lang='lat' dir='ltr'><strong>in</strong></span> <span class='ocrx_word' id='word_1_227' title='bbox 1440 1613 1560 1659; x_wconf 75' lang='lat' dir='ltr'><strong>urbe,</strong></span> <span class='ocrx_word' id='word_1_228' title='bbox 1596 1612 1777 1664; x_wconf 80' lang='lat' dir='ltr'><strong>expressit</strong></span> 
     </span>
     <span class='ocr_line' id='line_1_27' title="bbox 320 1668 1777 1736; baseline -0.003 -27"><span class='ocrx_word' id='word_1_229' title='bbox 320 1671 530 1720; x_wconf 83' lang='lat' dir='ltr'><strong>Xylander3</strong></span> <span class='ocrx_word' id='word_1_230' title='bbox 557 1671 654 1709; x_wconf 90' lang='lat' dir='ltr'><strong>unde</strong></span> <span class='ocrx_word' id='word_1_231' title='bbox 672 1677 711 1709; x_wconf 88' lang='lat' dir='ltr'><strong>et</strong></span> <span class='ocrx_word' id='word_1_232' title='bbox 728 1671 823 1710; x_wconf 83' lang='lat' dir='ltr'><strong>male</strong></span> <span class='ocrx_word' id='word_1_233' title='bbox 840 1671 919 1720; x_wconf 86' lang='lat' dir='ltr'><strong>agit</strong></span> <span class='ocrx_word' id='word_1_234' title='bbox 936 1672 1185 1736; x_wconf 84' lang='lat' dir='ltr'><strong>interpretem.</strong></span> <span class='ocrx_word' id='word_1_235' title='bbox 1243 1672 1293 1710; x_wconf 84' lang='lat' dir='ltr'><strong>ad</strong></span> <span class='ocrx_word' id='word_1_236' title='bbox 1317 1671 1472 1709; x_wconf 82' lang='lat' dir='ltr'><strong>auctoris</strong></span> <span class='ocrx_word' id='word_1_237' title='bbox 1490 1673 1669 1710; x_wconf 83' lang='lat' dir='ltr'><strong>mentem·</strong></span> <span class='ocrx_word' id='word_1_238' title='bbox 1697 1668 1777 1705; x_wconf 64' lang='lat' dir='ltr'><strong>mb-</strong></span> 
     </span>
     <span class='ocr_line' id='line_1_28' title="bbox 321 1726 1776 1778; baseline -0.002 -14"><span class='ocrx_word' id='word_1_239' title='bbox 321 1726 457 1764; x_wconf 71' lang='lat' dir='ltr'><strong>litibus</strong></span> <span class='ocrx_word' id='word_1_240' title='bbox 479 1727 727 1773; x_wconf 70' lang='lat' dir='ltr'><strong>donativum,</strong></span> <span class='ocrx_word' id='word_1_241' title='bbox 749 1727 900 1777; x_wconf 76' lang='lat' dir='ltr'><strong>populo</strong></span> <span class='ocrx_word' id='word_1_242' title='bbox 919 1729 1166 1778; x_wconf 77' lang='lat' dir='ltr'><strong>congiarium</strong></span> <span class='ocrx_word' id='word_1_243' title='bbox 1182 1726 1409 1772; x_wconf 73' lang='lat' dir='ltr'><strong>distribuit,</strong></span> <span class='ocrx_word' id='word_1_244' title='bbox 1435 1726 1495 1766; x_wconf 84' lang='lat' dir='ltr'><strong>vel</strong></span> <span class='ocrx_word' id='word_1_245' title='bbox 1515 1728 1665 1764; x_wconf 68' lang='lat' dir='ltr'><strong>vetzwco</strong></span> <span class='ocrx_word' id='word_1_246' title='bbox 1681 1737 1776 1762; x_wconf 78' lang='lat' dir='ltr'><strong>eon-</strong></span> 
     </span>
     <span class='ocr_line' id='line_1_29' title="bbox 321 1783 1775 1835; baseline 0.001 -16"><span class='ocrx_word' id='word_1_247' title='bbox 321 1783 456 1820; x_wconf 75' lang='lat' dir='ltr'><strong>sulum</strong></span> <span class='ocrx_word' id='word_1_248' title='bbox 471 1797 577 1820; x_wconf 70' lang='grc' dir='ltr'><em>ΠΖΟΓΘ</em></span> <span class='ocrx_word' id='word_1_249' title='bbox 589 1785 808 1834; x_wconf 69' lang='lat' dir='ltr'><strong>pecuniam</strong></span> <span class='ocrx_word' id='word_1_250' title='bbox 827 1798 871 1821; x_wconf 76' lang='lat' dir='ltr'><strong>ln</strong></span> <span class='ocrx_word' id='word_1_251' title='bbox 886 1785 1084 1835; x_wconf 69' lang='lat' dir='ltr'><strong>populum</strong></span> <span class='ocrx_word' id='word_1_252' title='bbox 1101 1785 1262 1835; x_wconf 65' lang='grc' dir='ltr'><strong>ΒΡαΓιῖιΐ.</strong></span> <span class='ocrx_word' id='word_1_253' title='bbox 1322 1796 1407 1822; x_wconf 72' lang='lat' dir='ltr'><strong>nam</strong></span> <span class='ocrx_word' id='word_1_254' title='bbox 1434 1783 1485 1822; x_wconf 70' lang='lat' dir='ltr'><strong>de</strong></span> <span class='ocrx_word' id='word_1_255' title='bbox 1509 1783 1668 1822; x_wconf 68' lang='lat' dir='ltr'><strong>nummis</strong></span> <span class='ocrx_word' id='word_1_256' title='bbox 1696 1793 1775 1820; x_wconf 64' lang='lat' dir='ltr'><strong>elus</strong></span> 
     </span>
     <span class='ocr_line' id='line_1_30' title="bbox 320 1836 1295 1890; baseline -0.002 -11"><span class='ocrx_word' id='word_1_257' title='bbox 320 1840 543 1879; x_wconf 86' lang='lat' dir='ltr'><strong>Victoriatis.</strong></span> <span class='ocrx_word' id='word_1_258' title='bbox 600 1836 698 1881; x_wconf 77' lang='grc' dir='ltr'><strong><em>ὥστε</em></strong></span> <span class='ocrx_word' id='word_1_259' title='bbox 715 1836 1004 1890; x_wconf 83' lang='grc' dir='ltr'><strong><em>Ἰουστινιανὸν,</em></strong></span> <span class='ocrx_word' id='word_1_260' title='bbox 1034 1845 1105 1880; x_wconf 85' lang='lat' dir='ltr'><strong>etc.</strong></span> <span class='ocrx_word' id='word_1_261' title='bbox 1162 1841 1295 1880; x_wconf 74' lang='lat' dir='ltr'><strong>GoAn.</strong></span> 
     </span>
    </p>

    <p class='ocr_par' dir='ltr' id='par_1_5' title="bbox 320 1893 1777 2120">
     <span class='ocr_line' id='line_1_31' title="bbox 436 1893 1777 1955; baseline -0.001 -22"><span class='ocrx_word' id='word_1_262' title='bbox 436 1894 492 1933; x_wconf 81' lang='lat' dir='ltr'><strong>ih.</strong></span> <span class='ocrx_word' id='word_1_263' title='bbox 522 1908 556 1934; x_wconf 89' lang='lat' dir='ltr'><strong>v.</strong></span> <span class='ocrx_word' id='word_1_264' title='bbox 585 1896 652 1938; x_wconf 79' lang='grc'><strong>24.</strong></span> <span class='ocrx_word' id='word_1_265' title='bbox 710 1898 903 1934; x_wconf 77' lang='lat' dir='ltr'><strong>enimvero</strong></span> <span class='ocrx_word' id='word_1_266' title='bbox 922 1896 1098 1955; x_wconf 77' lang='lat' dir='ltr'><strong>invidia]</strong></span> <span class='ocrx_word' id='word_1_267' title='bbox 1131 1910 1206 1936; x_wconf 90' lang='lat' dir='ltr'><strong>non</strong></span> <span class='ocrx_word' id='word_1_268' title='bbox 1225 1894 1485 1947; x_wconf 84' lang='lat' dir='ltr'><strong>ineleganter</strong></span> <span class='ocrx_word' id='word_1_269' title='bbox 1473 1907 1512 1933; x_wconf 89' lang='grc' dir='ltr'><strong>ιιι</strong></span> <span class='ocrx_word' id='word_1_270' title='bbox 1533 1893 1701 1944; x_wconf 83' lang='lat' dir='ltr'><strong>margine</strong></span> <span class='ocrx_word' id='word_1_271' title='bbox 1719 1897 1777 1932; x_wconf 85' lang='lat' dir='ltr'><strong>est</strong></span> 
     </span>
     <span class='ocr_line' id='line_1_32' title="bbox 322 1945 1775 2019; baseline -0.001 -28"><span class='ocrx_word' id='word_1_272' title='bbox 322 1953 565 2004; x_wconf 86' lang='lat' dir='ltr'><strong>adscriptum:</strong></span> <span class='ocrx_word' id='word_1_273' title='bbox 593 1967 713 1994; x_wconf 86' lang='grc' dir='ltr'><strong><em>τουτο</em></strong></span> <span class='ocrx_word' id='word_1_274' title='bbox 734 1949 819 2002; x_wconf 78' lang='grc' dir='ltr'><strong>ἐξ’</strong></span> <span class='ocrx_word' id='word_1_275' title='bbox 793 1957 918 2005; x_wconf 80' lang='grc' dir='ltr'><strong><em>αρχῆς</em></strong></span> <span class='ocrx_word' id='word_1_276' title='bbox 936 1955 990 2006; x_wconf 82' lang='grc' dir='ltr'><strong><em>ἠν</em></strong></span> <span class='ocrx_word' id='word_1_277' title='bbox 1006 1969 1086 1994; x_wconf 87' lang='grc' dir='ltr'><strong><em>των</em></strong></span> <span class='ocrx_word' id='word_1_278' title='bbox 1107 1949 1338 2008; x_wconf 69' lang='grc' dir='ltr'><strong><em>ανθρώπων</em></strong></span> <span class='ocrx_word' id='word_1_279' title='bbox 1357 1951 1383 1994; x_wconf 80' lang='grc' dir='ltr'><em>ὅ</em></span> <span class='ocrx_word' id='word_1_280' title='bbox 1401 1950 1579 2019; x_wconf 78' lang='grc' dir='ltr'><strong><em>ὄλεθρος.</em></strong></span> <span class='ocrx_word' id='word_1_281' title='bbox 1618 1945 1775 2019; x_wconf 69' lang='grc' dir='ltr'><strong><em>ἀνάγκη</em></strong></span> 
     </span>
     <span class='ocr_line' id='line_1_33' title="bbox 320 2003 1776 2064; baseline -0.002 -16"><span class='ocrx_word' id='word_1_282' title='bbox 320 2009 460 2049; x_wconf 84' lang='grc' dir='ltr'><strong><em>τοίνυν</em></strong></span> <span class='ocrx_word' id='word_1_283' title='bbox 478 2007 559 2049; x_wconf 81' lang='grc' dir='ltr'><strong><em>ἐστὶ</em></strong></span> <span class='ocrx_word' id='word_1_284' title='bbox 577 2007 645 2049; x_wconf 84' lang='grc' dir='ltr'><strong><em>καὶ</em></strong></span> <span class='ocrx_word' id='word_1_285' title='bbox 664 2008 776 2063; x_wconf 84' lang='grc' dir='ltr'><strong><em>μέχρι</em></strong></span> <span class='ocrx_word' id='word_1_286' title='bbox 794 2009 928 2058; x_wconf 84' lang='grc' dir='ltr'><strong><em>τέλους</em></strong></span> <span class='ocrx_word' id='word_1_287' title='bbox 946 2009 1199 2064; x_wconf 80' lang='grc' dir='ltr'><strong><em>παρέπεσθαι</em></strong></span> <span class='ocrx_word' id='word_1_288' title='bbox 1218 2013 1361 2051; x_wconf 85' lang='grc' dir='ltr'><strong><em>τοῦτον</em></strong></span> <span class='ocrx_word' id='word_1_289' title='bbox 1378 2003 1563 2062; x_wconf 81' lang='grc' dir='ltr'><strong><em>καθαπερ</em></strong></span> <span class='ocrx_word' id='word_1_290' title='bbox 1583 2003 1702 2048; x_wconf 82' lang='grc' dir='ltr'><strong><em>σκιαν</em></strong></span> <span class='ocrx_word' id='word_1_291' title='bbox 1719 2009 1776 2062; x_wconf 72' lang='grc' dir='ltr'><strong>τῷ</strong></span> 
     </span>
     <span class='ocr_line' id='line_1_34' title="bbox 322 2061 849 2120; baseline 0 -14"><span class='ocrx_word' id='word_1_292' title='bbox 322 2061 565 2120; x_wconf 81' lang='grc' dir='ltr'><strong><em>ανθρωπείῳ</em></strong></span> <span class='ocrx_word' id='word_1_293' title='bbox 585 2064 699 2119; x_wconf 80' lang='grc' dir='ltr'><strong><em>γένει.</em></strong></span> <span class='ocrx_word' id='word_1_294' title='bbox 756 2066 849 2106; x_wconf 71' lang='lat' dir='ltr'><strong>xm</strong></span> 
     </span>
    </p>

    <p class='ocr_par' dir='ltr' id='par_1_6' title="bbox 319 2118 1776 2723">
     <span class='ocr_line' id='line_1_35' title="bbox 431 2118 1774 2178; baseline -0.005 -13"><span class='ocrx_word' id='word_1_295' title='bbox 431 2135 469 2174; x_wconf 87' lang='lat' dir='ltr'><strong>p-</strong></span> <span class='ocrx_word' id='word_1_296' title='bbox 501 2123 582 2165; x_wconf 88' lang='grc'><strong>650</strong></span> <span class='ocrx_word' id='word_1_297' title='bbox 609 2136 643 2160; x_wconf 86' lang='lat' dir='ltr'><strong>v.</strong></span> <span class='ocrx_word' id='word_1_298' title='bbox 676 2122 742 2165; x_wconf 83' lang='lat'><strong>14.</strong></span> <span class='ocrx_word' id='word_1_299' title='bbox 813 2122 996 2174; x_wconf 82' lang='lat' dir='ltr'><strong>carmen]</strong></span> <span class='ocrx_word' id='word_1_300' title='bbox 1035 2118 1268 2178; x_wconf 78' lang='grc' dir='ltr'><strong><em>τροπαριον.</em></strong></span> <span class='ocrx_word' id='word_1_301' title='bbox 1337 2122 1376 2160; x_wconf 90' lang='lat' dir='ltr'><strong>id</strong></span> <span class='ocrx_word' id='word_1_302' title='bbox 1402 2124 1524 2160; x_wconf 86' lang='lat' dir='ltr'><strong>totum</strong></span> <span class='ocrx_word' id='word_1_303' title='bbox 1558 2123 1774 2160; x_wconf 85' lang='lat' dir='ltr'><strong>annotatum</strong></span> 
     </span>
     <span class='ocr_line' id='line_1_36' title="bbox 321 2176 1773 2230; baseline -0.003 -14"><span class='ocrx_word' id='word_1_304' title='bbox 321 2181 380 2217; x_wconf 90' lang='lat' dir='ltr'><strong>est</strong></span> <span class='ocrx_word' id='word_1_305' title='bbox 401 2179 501 2230; x_wconf 86' lang='lat' dir='ltr'><strong>apud</strong></span> <span class='ocrx_word' id='word_1_306' title='bbox 519 2178 766 2230; x_wconf 89' lang='lat' dir='ltr'><strong>Nicephorum</strong></span> <span class='ocrx_word' id='word_1_307' title='bbox 799 2181 852 2222; x_wconf 90' lang='lat'><strong>17</strong></span> <span class='ocrx_word' id='word_1_308' title='bbox 881 2181 1166 2223; x_wconf 70' lang='lat' dir='ltr'><strong>28.X11..in</strong></span> <span class='ocrx_word' id='word_1_309' title='bbox 1186 2179 1342 2218; x_wconf 84' lang='lat' dir='ltr'><strong>Arianae</strong></span> <span class='ocrx_word' id='word_1_310' title='bbox 1359 2177 1519 2218; x_wconf 83' lang='lat' dir='ltr'><strong>haeresis</strong></span> <span class='ocrx_word' id='word_1_311' title='bbox 1538 2177 1684 2226; x_wconf 83' lang='lat' dir='ltr'><strong>odium,</strong></span> <span class='ocrx_word' id='word_1_312' title='bbox 1725 2176 1773 2214; x_wconf 81' lang='lat' dir='ltr'><strong>ad</strong></span> 
     </span>
     <span class='ocr_line' id='line_1_37' title="bbox 319 2234 1775 2289; baseline -0.002 -17"><span class='ocrx_word' id='word_1_313' title='bbox 319 2234 467 2273; x_wconf 87' lang='lat' dir='ltr'><strong>laudem</strong></span> <span class='ocrx_word' id='word_1_314' title='bbox 482 2236 582 2274; x_wconf 85' lang='lat' dir='ltr'><strong>verbi</strong></span> <span class='ocrx_word' id='word_1_315' title='bbox 600 2236 660 2275; x_wconf 87' lang='lat' dir='ltr'><strong>dei</strong></span> <span class='ocrx_word' id='word_1_316' title='bbox 674 2237 850 2275; x_wconf 79' lang='lat' dir='ltr'><strong>incarnati</strong></span> <span class='ocrx_word' id='word_1_317' title='bbox 867 2237 1040 2289; x_wconf 87' lang='lat' dir='ltr'><strong>hymnum</strong></span> <span class='ocrx_word' id='word_1_318' title='bbox 1061 2237 1288 2284; x_wconf 86' lang='lat' dir='ltr'><strong>huiusmodi,</strong></span> <span class='ocrx_word' id='word_1_319' title='bbox 1315 2239 1395 2274; x_wconf 89' lang='lat' dir='ltr'><strong>tum</strong></span> <span class='ocrx_word' id='word_1_320' title='bbox 1409 2235 1480 2273; x_wconf 87' lang='lat' dir='ltr'><strong>alio</strong></span> <span class='ocrx_word' id='word_1_321' title='bbox 1499 2237 1678 2286; x_wconf 86' lang='lat' dir='ltr'><strong>tempore,</strong></span> <span class='ocrx_word' id='word_1_322' title='bbox 1696 2235 1775 2270; x_wconf 83' lang='lat' dir='ltr'><strong>tum</strong></span> 
     </span>
     <span class='ocr_line' id='line_1_38' title="bbox 319 2288 1775 2355; baseline -0.002 -27"><span class='ocrx_word' id='word_1_323' title='bbox 319 2292 359 2328; x_wconf 88' lang='lat' dir='ltr'><strong>in</strong></span> <span class='ocrx_word' id='word_1_324' title='bbox 385 2292 496 2329; x_wconf 84' lang='lat' dir='ltr'><strong>missa</strong></span> <span class='ocrx_word' id='word_1_325' title='bbox 522 2293 643 2331; x_wconf 85' lang='lat' dir='ltr'><strong>statim</strong></span> <span class='ocrx_word' id='word_1_326' title='bbox 669 2294 737 2331; x_wconf 89' lang='lat' dir='ltr'><strong>sub</strong></span> <span class='ocrx_word' id='word_1_327' title='bbox 766 2295 893 2344; x_wconf 89' lang='lat' dir='ltr'><strong>initio,</strong></span> <span class='ocrx_word' id='word_1_328' title='bbox 933 2294 1127 2345; x_wconf 87' lang='lat' dir='ltr'><strong>persolutis</strong></span> <span class='ocrx_word' id='word_1_329' title='bbox 1149 2294 1291 2332; x_wconf 85' lang='lat' dir='ltr'><strong>duobus</strong></span> <span class='ocrx_word' id='word_1_330' title='bbox 1308 2292 1434 2345; x_wconf 87' lang='lat' dir='ltr'><strong>primis</strong></span> <span class='ocrx_word' id='word_1_331' title='bbox 1451 2289 1658 2355; x_wconf 75' lang='lat' dir='ltr'><strong>antiphonis</strong></span> <span class='ocrx_word' id='word_1_332' title='bbox 1675 2288 1775 2327; x_wconf 81' lang='lat' dir='ltr'><strong>oeci-</strong></span> 
     </span>
     <span class='ocr_line' id='line_1_39' title="bbox 319 2342 1776 2418; baseline -0.001 -34"><span class='ocrx_word' id='word_1_333' title='bbox 319 2347 481 2385; x_wconf 89' lang='lat' dir='ltr'><strong>nendum</strong></span> <span class='ocrx_word' id='word_1_334' title='bbox 503 2347 720 2386; x_wconf 81' lang='lat' dir='ltr'><strong>lastinianus</strong></span> <span class='ocrx_word' id='word_1_335' title='bbox 741 2350 870 2389; x_wconf 90' lang='lat' dir='ltr'><strong>edidit.</strong></span> <span class='ocrx_word' id='word_1_336' title='bbox 927 2349 952 2391; x_wconf 81' lang='grc' dir='ltr'>ό</span> <span class='ocrx_word' id='word_1_337' title='bbox 981 2364 1201 2418; x_wconf 82' lang='grc' dir='ltr'><strong><em>μονογενης</em></strong></span> <span class='ocrx_word' id='word_1_338' title='bbox 1227 2346 1317 2397; x_wconf 83' lang='grc' dir='ltr'><strong>υίός</strong></span> <span class='ocrx_word' id='word_1_339' title='bbox 1345 2346 1413 2389; x_wconf 81' lang='grc' dir='ltr'><strong><em>καὶ</em></strong></span> <span class='ocrx_word' id='word_1_340' title='bbox 1443 2342 1564 2400; x_wconf 80' lang='grc' dir='ltr'><strong><em>λόγος</em></strong></span> <span class='ocrx_word' id='word_1_341' title='bbox 1578 2359 1650 2386; x_wconf 85' lang='grc' dir='ltr'><strong><em>του</em></strong></span> <span class='ocrx_word' id='word_1_342' title='bbox 1669 2346 1776 2384; x_wconf 77' lang='grc' dir='ltr'><strong><em>θεον</em></strong></span> 
     </span>
     <span class='ocr_line' id='line_1_40' title="bbox 322 2397 1775 2473; baseline -0.001 -31"><span class='ocrx_word' id='word_1_343' title='bbox 322 2397 530 2451; x_wconf 76' lang='grc' dir='ltr'><strong><em>οἷθοὶνατος</em></strong></span> <span class='ocrx_word' id='word_1_344' title='bbox 553 2419 760 2458; x_wconf 84' lang='grc' dir='ltr'><strong><em>υπαρχων,</em></strong></span> <span class='ocrx_word' id='word_1_345' title='bbox 788 2406 857 2447; x_wconf 83' lang='grc' dir='ltr'><strong><em>καὶ</em></strong></span> <span class='ocrx_word' id='word_1_346' title='bbox 883 2402 1196 2473; x_wconf 82' lang='grc' dir='ltr'><strong><em>καταδεξαμενος</em></strong></span> <span class='ocrx_word' id='word_1_347' title='bbox 1224 2402 1292 2445; x_wconf 80' lang='grc' dir='ltr'><strong>δια</strong></span> <span class='ocrx_word' id='word_1_348' title='bbox 1320 2402 1396 2456; x_wconf 84' lang='grc' dir='ltr'><strong><em>την</em></strong></span> <span class='ocrx_word' id='word_1_349' title='bbox 1423 2401 1620 2455; x_wconf 68' lang='grc' dir='ltr'><strong><em>’ἡμετέραν</em></strong></span> <span class='ocrx_word' id='word_1_350' title='bbox 1647 2412 1775 2451; x_wconf 78' lang='grc' dir='ltr'><strong><em>σωτη-</em></strong></span> 
     </span>
     <span class='ocr_line' id='line_1_41' title="bbox 323 2457 1775 2529; baseline 0 -31"><span class='ocrx_word' id='word_1_351' title='bbox 323 2459 417 2526; x_wconf 85' lang='grc' dir='ltr'><strong><em>ρίαν</em></strong></span> <span class='ocrx_word' id='word_1_352' title='bbox 437 2464 698 2513; x_wconf 81' lang='grc' dir='ltr'><strong><em>σαρκωθῆναι</em></strong></span> <span class='ocrx_word' id='word_1_353' title='bbox 720 2461 763 2502; x_wconf 82' lang='grc' dir='ltr'><strong>ἐκ</strong></span> <span class='ocrx_word' id='word_1_354' title='bbox 779 2465 853 2529; x_wconf 83' lang='grc' dir='ltr'><strong>τῆς</strong></span> <span class='ocrx_word' id='word_1_355' title='bbox 873 2461 990 2516; x_wconf 81' lang='grc' dir='ltr'><strong><em>αγίας</em></strong></span> <span class='ocrx_word' id='word_1_356' title='bbox 1006 2458 1204 2504; x_wconf 79' lang='grc' dir='ltr'><strong><em>θεοτόκου</em></strong></span> <span class='ocrx_word' id='word_1_357' title='bbox 1223 2461 1290 2502; x_wconf 73' lang='grc' dir='ltr'><strong><em>καὶ</em></strong></span> <span class='ocrx_word' id='word_1_358' title='bbox 1309 2457 1579 2511; x_wconf 79' lang='grc' dir='ltr'><strong><em>οἷειπαρθένου</em></strong></span> <span class='ocrx_word' id='word_1_359' title='bbox 1599 2457 1775 2510; x_wconf 82' lang='grc' dir='ltr'><strong><em>Μαρίας,</em></strong></span> 
     </span>
     <span class='ocr_line' id='line_1_42' title="bbox 323 2510 1776 2584; baseline 0 -29"><span class='ocrx_word' id='word_1_360' title='bbox 323 2510 522 2582; x_wconf 80' lang='grc' dir='ltr'><strong><em>οἷτρέπτως</em></strong></span> <span class='ocrx_word' id='word_1_361' title='bbox 545 2515 882 2584; x_wconf 81' lang='grc' dir='ltr'><strong><em>ἐνανθρωπήσας,</em></strong></span> <span class='ocrx_word' id='word_1_362' title='bbox 921 2519 990 2560; x_wconf 82' lang='grc' dir='ltr'><strong><em>καὶ</em></strong></span> <span class='ocrx_word' id='word_1_363' title='bbox 1014 2517 1258 2572; x_wconf 82' lang='grc' dir='ltr'><strong><em>στανρωθεὶς</em></strong></span> <span class='ocrx_word' id='word_1_364' title='bbox 1285 2514 1384 2566; x_wconf 82' lang='grc' dir='ltr'><strong><em>θεὸς</em></strong></span> <span class='ocrx_word' id='word_1_365' title='bbox 1413 2515 1551 2568; x_wconf 68' lang='grc' dir='ltr'><strong><em>ἤμων,</em></strong></span> <span class='ocrx_word' id='word_1_366' title='bbox 1593 2511 1776 2555; x_wconf 75' lang='grc' dir='ltr'><strong><em>θάνατον</em></strong></span> 
     </span>
     <span class='ocr_line' id='line_1_43' title="bbox 323 2567 1776 2644; baseline 0 -35"><span class='ocrx_word' id='word_1_367' title='bbox 323 2567 490 2641; x_wconf 82' lang='grc' dir='ltr'><strong><em>θανατῳ</em></strong></span> <span class='ocrx_word' id='word_1_368' title='bbox 501 2570 707 2644; x_wconf 80' lang='grc' dir='ltr'><strong><em>πατήσας,</em></strong></span> <span class='ocrx_word' id='word_1_369' title='bbox 731 2571 787 2623; x_wconf 82' lang='grc' dir='ltr'><strong>εἷς</strong></span> <span class='ocrx_word' id='word_1_370' title='bbox 805 2579 876 2628; x_wconf 83' lang='grc' dir='ltr'><strong>τῆς</strong></span> <span class='ocrx_word' id='word_1_371' title='bbox 895 2574 1012 2628; x_wconf 79' lang='grc' dir='ltr'><strong><em>αγίας</em></strong></span> <span class='ocrx_word' id='word_1_372' title='bbox 1027 2574 1203 2626; x_wconf 84' lang='grc' dir='ltr'><strong><em>τριαδος,</em></strong></span> <span class='ocrx_word' id='word_1_373' title='bbox 1233 2570 1564 2624; x_wconf 80' lang='grc' dir='ltr'><strong><em>συνδοξαζόμενος</em></strong></span> <span class='ocrx_word' id='word_1_374' title='bbox 1580 2573 1640 2626; x_wconf 74' lang='grc' dir='ltr'><em>τοῖ</em></span> <span class='ocrx_word' id='word_1_375' title='bbox 1656 2571 1776 2620; x_wconf 82' lang='grc' dir='ltr'><strong><em>πατρι</em></strong></span> 
     </span>
     <span class='ocr_line' id='line_1_44' title="bbox 325 2623 1776 2723; baseline 0.001 -58"><span class='ocrx_word' id='word_1_376' title='bbox 325 2626 394 2666; x_wconf 85' lang='grc' dir='ltr'><strong><em>καὶ</em></strong></span> <span class='ocrx_word' id='word_1_377' title='bbox 412 2631 469 2683; x_wconf 80' lang='grc' dir='ltr'><strong>τῷ</strong></span> <span class='ocrx_word' id='word_1_378' title='bbox 439 2627 586 2723; x_wconf 58' lang='lat' dir='ltr'><strong>gyiqo</strong></span> <span class='ocrx_word' id='word_1_379' title='bbox 606 2626 823 2684; x_wconf 79' lang='grc' dir='ltr'><strong><em>πνεύματι,</em></strong></span> <span class='ocrx_word' id='word_1_380' title='bbox 860 2635 940 2673; x_wconf 77' lang='grc' dir='ltr'><strong>νῦν</strong></span> <span class='ocrx_word' id='word_1_381' title='bbox 958 2631 1024 2673; x_wconf 78' lang='grc' dir='ltr'><strong><em>καὶ</em></strong></span> <span class='ocrx_word' id='word_1_382' title='bbox 1046 2629 1110 2674; x_wconf 64' lang='lat' dir='ltr'><strong>ciel.</strong></span> <span class='ocrx_word' id='word_1_383' title='bbox 1129 2631 1197 2673; x_wconf 83' lang='grc' dir='ltr'><strong><em>καὶ</em></strong></span> <span class='ocrx_word' id='word_1_384' title='bbox 1217 2631 1276 2680; x_wconf 76' lang='grc' dir='ltr'><strong>εἰς</strong></span> <span class='ocrx_word' id='word_1_385' title='bbox 1300 2645 1395 2679; x_wconf 77' lang='grc' dir='ltr'><strong><em>τους</em></strong></span> <span class='ocrx_word' id='word_1_386' title='bbox 1414 2630 1564 2676; x_wconf 79' lang='grc' dir='ltr'><strong><em>αἰαῒνας</em></strong></span> <span class='ocrx_word' id='word_1_387' title='bbox 1580 2630 1663 2668; x_wconf 77' lang='grc' dir='ltr'><strong><em>τῶν</em></strong></span> <span class='ocrx_word' id='word_1_388' title='bbox 1680 2623 1776 2667; x_wconf 75' lang='grc' dir='ltr'><strong><em>αἰό-</em></strong></span> 
     </span>
     <span class='ocr_line' id='line_1_45' title="bbox 325 2697 609 2725; baseline -0.004 -2"><span class='ocrx_word' id='word_1_389' title='bbox 325 2698 418 2723; x_wconf 87' lang='grc' dir='ltr'><strong><em>νων.</em></strong></span> <span class='ocrx_word' id='word_1_390' title='bbox 514 2697 609 2725; x_wconf 71' lang='lat' dir='ltr'><strong>oAn.</strong></span> 
     </span>
    </p>

    <p class='ocr_par' dir='ltr' id='par_1_7' title="bbox 323 2739 1777 2851">
     <span class='ocr_line' id='line_1_46' title="bbox 435 2739 1777 2796; baseline -0.003 -15"><span class='ocrx_word' id='word_1_391' title='bbox 435 2753 474 2791; x_wconf 88' lang='lat' dir='ltr'><strong>p.</strong></span> <span class='ocrx_word' id='word_1_392' title='bbox 505 2741 582 2782; x_wconf 81' lang='lat'><strong>651</strong></span> <span class='ocrx_word' id='word_1_393' title='bbox 616 2756 649 2782; x_wconf 84' lang='lat' dir='ltr'><strong>v.</strong></span> <span class='ocrx_word' id='word_1_394' title='bbox 681 2746 721 2786; x_wconf 89' lang='lat'><strong>6.</strong></span> <span class='ocrx_word' id='word_1_395' title='bbox 780 2739 1000 2795; x_wconf 78' lang='grc' dir='ltr'><strong><em>Ξενοδόχος</em></strong></span> <span class='ocrx_word' id='word_1_396' title='bbox 1021 2746 1096 2785; x_wconf 83' lang='grc' dir='ltr'><strong><em>τοῦ</em></strong></span> <span class='ocrx_word' id='word_1_397' title='bbox 1117 2739 1322 2796; x_wconf 80' lang='grc' dir='ltr'><strong><em>Σαμψών]</em></strong></span> <span class='ocrx_word' id='word_1_398' title='bbox 1351 2755 1397 2782; x_wconf 84' lang='lat' dir='ltr'><strong>eo</strong></span> <span class='ocrx_word' id='word_1_399' title='bbox 1414 2742 1516 2793; x_wconf 90' lang='lat' dir='ltr'><strong>quod</strong></span> <span class='ocrx_word' id='word_1_400' title='bbox 1539 2742 1588 2779; x_wconf 88' lang='lat' dir='ltr'><strong>ad</strong></span> <span class='ocrx_word' id='word_1_401' title='bbox 1609 2741 1652 2778; x_wconf 83' lang='lat' dir='ltr'><strong>S.</strong></span> <span class='ocrx_word' id='word_1_402' title='bbox 1670 2739 1777 2778; x_wconf 86' lang='lat' dir='ltr'><strong>Sam-</strong></span> 
     </span>
     <span class='ocr_line' id='line_1_47' title="bbox 323 2796 1776 2851; baseline -0.001 -18"><span class='ocrx_word' id='word_1_403' title='bbox 323 2796 448 2847; x_wconf 85' lang='lat' dir='ltr'><strong>psonis</strong></span> <span class='ocrx_word' id='word_1_404' title='bbox 477 2797 666 2838; x_wconf 87' lang='lat' dir='ltr'><strong>ecclesiam</strong></span> <span class='ocrx_word' id='word_1_405' title='bbox 700 2812 724 2838; x_wconf 90' lang='lat' dir='ltr'><strong>a</strong></span> <span class='ocrx_word' id='word_1_406' title='bbox 754 2800 999 2840; x_wconf 83' lang='lat' dir='ltr'><strong>Constantino</strong></span> <span class='ocrx_word' id='word_1_407' title='bbox 1033 2804 1252 2840; x_wconf 76' lang='lat' dir='ltr'><strong>exstructum</strong></span> <span class='ocrx_word' id='word_1_408' title='bbox 1288 2801 1418 2839; x_wconf 89' lang='lat' dir='ltr'><strong>domus</strong></span> <span class='ocrx_word' id='word_1_409' title='bbox 1450 2796 1639 2851; x_wconf 80' lang='lat' dir='ltr'><strong>hospitalis</strong></span> <span class='ocrx_word' id='word_1_410' title='bbox 1665 2800 1776 2840; x_wconf 84' lang='lat' dir='ltr'><strong>esset,</strong></span> 
     </span>
    </p>
   </div>
  </div>
 </body>
</html>
