1916 3210
308 171 407 218 830
711 167 1005 213 XYLANDRI
1037 168 1110 212 ET
1145 168 1321 213 GOARI

305 281 498 323 insidiatur
516 275 656 318 foetui?
697 281 735 318 et
753 291 876 317 rursus
899 290 979 317 cum
997 277 1093 317 iuste
1111 276 1181 317 hoc
1199 279 1334 318 factum
1355 279 1408 319 ait
1426 280 1645 322 Cedrenus
1634 295 1672 322 ιιι
1692 294 1754 323 se-

307 339 436 378 cundis
462 335 645 375 Michaelis
670 334 775 373 Balbi
803 334 958 386 nuptiis,
985 334 1191 373 annotavit.
1220 336 1283 386 qui
1310 335 1381 374 hoc
1405 337 1501 376 iuste
1526 338 1580 376 ais
1603 339 1751 389 factmn,

307 406 414 433 saeve
428 389 628 430 Cedrene‘?
653 393 739 437 πῶς
757 388 880 443 λέγεις
899 389 1072 439 δικαίως,
1098 387 1210 443 ἅγριε
1229 389 1427 458 Κεδρηνές
1453 393 1551 432 idem
1567 394 1617 432 ad
1633 395 1753 447 Chry-

306 449 415 488 saorii
437 447 654 485 sententiam
676 447 724 485 de
745 446 914 486 eunuchis
917 446 1145 513 adscripsit·
1181 442 1268 487 εἴθε
1293 443 1439 495 πάντες
1469 447 1633 490 ἐποίουν
1651 448 1753 492 κατιὲ

306 503 381 556 τήν
401 499 476 554 σήν
495 503 739 554 παραίνεσιν,
768 497 1006 554 Χρυσαόριε,
1036 501 1092 548 εἰς
1111 499 1205 550 τους
1224 499 1506 555 παμβεβήλους
1525 501 1754 559 ευνοῦχους.

307 562 348 598 id
372 563 448 598 est.
477 560 634 607 utinam,
662 559 876 608 Chrysaori,
904 570 1030 596 omnes
1060 557 1141 596 huic
1169 559 1216 597 de
1246 563 1310 597 tuo
1339 561 1554 611 turpissimis
1581 563 1754 603 eunuchis

307 614 457 655 consilio
480 616 696 666 paruissent.
752 613 960 652 Stauracios
991 616 1154 666 oportuit
1181 627 1264 654 esse
1291 615 1428 666 duos‚·
1437 621 1502 657 aut
1529 617 1644 658 altero
1675 618 1756 659 loeo
1790 652 1792 654 .

307 672 438 711 salsum
457 683 538 710 esse
558 683 704 710 nomen.
759 671 861 710 Xn.

419 729 446 764 t.
465 726 500 764 ΙΙ
527 740 565 777 Ρ.
584 729 635 767 31
655 739 690 766 v,
706 729 746 768 3.
802 728 846 764 in
872 725 1099 778 Principis]
1132 725 1177 768 ἐν
1202 728 1255 782 τῇ
1282 724 1519 783 Πριγκήπῳ.
1573 729 1757 770 Zonaram

307 786 450 822 secutus
471 795 570 831 sum,
593 784 737 821 tametsi
756 786 881 821 noster
900 784 1026 821 crebro
1045 784 1096 822 ita
1112 783 1285 835 appellet.
1307 786 1408 824 ΧἩ..
1450 787 1502 840 τῇ
1520 786 1755 842 Πριγκίπω]

307 838 550 891 Propontidos
568 838 685 877 insula
703 840 798 877 infra
815 839 976 908 cpolim,
1003 840 1042 877 in
1062 838 1243 878 Astaceno
1263 840 1356 880 sinu.
1417 841 1557 883 Gom.

418 893 474 932 ib
497 895 617 936 v-18.
675 890 1056 948 ὄρθομαρμᾶρωσιν]
1086 908 1206 933 arcus
1232 895 1323 933 aed
1309 896 1408 944 fica
1432 897 1690 937 semicirculum
1717 901 1758 938 et

309 954 500 1002 antiquum
527 951 648 1004 σίγμα
677 952 710 989 C
739 952 868 1000 refert,
898 956 936 990 et
957 952 1087 989 iunctis
1105 952 1200 990 inter
1216 963 1257 990 se
1273 953 1509 992 marmoribus
1527 954 1758 993 construitur.

311 1006 383 1045 sub
411 1007 545 1044 erectis
571 1006 833 1046 marmoribus
854 1014 1097 1045 constructus
1118 1021 1255 1046 murus
1272 1007 1493 1050 inconditum
1511 1013 1568 1049 est
1581 1010 1759 1063 Xylandri

311 1064 527 1103 aedificium.
585 1064 724 1102 GoAn.

424 1124 453 1160 t.
471 1119 506 1157 11
533 1133 572 1171 p.
587 1121 642 1161 32
658 1133 691 1161 v.
712 1122 780 1162 22.
838 1119 1047 1171 exereitus]
1077 1114 1285 1187 θεμάτων,
1313 1120 1413 1172 quod
1427 1120 1630 1173 provincias
1649 1122 1758 1160 etiam

312 1176 400 1215 alias
419 1176 603 1226 designat.
661 1177 728 1215 sed
747 1176 914 1215 Zonaras
931 1177 1056 1215 scribit
1073 1175 1154 1232 ἓωα
1171 1172 1361 1231 τάγματα,
1388 1177 1567 1217 exercitus
1582 1177 1760 1227 Orientis,

312 1245 395 1272 eum
413 1244 555 1271 creasse
575 1233 842 1284 imperatorem.
896 1234 1004 1272 Xn..
1827 1258 1833 1271 .

423 1288 495 1326 tn
511 1302 548 1340 p.
558 1290 612 1330 33
623 1301 657 1328 ν.
669 1292 707 1331 3.
742 1301 810 1340 Ριο
824 1285 1088 1342 φοιβεροῖτων,
1105 1288 1206 1339 quod
1219 1288 1306 1328 nihil
1316 1289 1444 1340 (puto)
1454 1289 1647 1340 significat,
1667 1303 1761 1341 φοι·

314 1340 491 1410 δεροὶτων
509 1357 554 1384 ex
567 1345 774 1384 coniectura
792 1345 888 1396 legi,
915 1357 1121 1396 quanquam
1138 1358 1262 1384 rursus
1281 1346 1320 1384 in
1337 1345 1465 1387 Leone
1482 1346 1652 1385 Armenio
1671 1360 1762 1398 φοι·

313 1397 490 1454 βεράτων
512 1401 666 1451 legatur.
722 1401 790 1440 sed
810 1402 861 1440 ibi
883 1402 1049 1440 Zonaras
1071 1399 1321 1452 φοιδεράτων
1339 1401 1463 1444 habet.
1517 1402 1612 1441 er..

424 1456 480 1494 ib.
521 1470 554 1496 v.
590 1457 628 1499 4.
702 1459 777 1498 τοῦ
817 1454 989 1509 κόμητος
1029 1453 1200 1527 κόρτης]
1253 1458 1315 1509 qui
1358 1471 1485 1496 comes
1528 1458 1761 1496 curtium-io-

312 1527 404 1550 rum
429 1526 454 1551 a
481 1513 627 1552 Codino
653 1514 800 1553 dicitur:
828 1512 1071 1566 νπηρετοῦσι
1097 1511 1141 1553 δὲ
1170 1513 1213 1554 οἷ
1235 1511 1481 1581 κορτινάριοι
1508 1513 1566 1562 εἰς
1590 1511 1664 1567 τήν
1687 1515 1764 1555 τοῦ

312 1567 504 1638 βασιλέως
534 1565 703 1621 σκηνήν.
765 1574 805 1608 et
841 1570 992 1608 iterum:
1035 1567 1112 1610 εἰσὶ
1142 1568 1210 1609 καὶ
1239 1566 1482 1624 κορτινᾶριοι
1511 1568 1664 1622 ἔχοντες
1691 1567 1762 1611 καὶ

315 1619 429 1666 οὗτοι
448 1623 604 1676 ἔνοχον,
635 1623 680 1674 ὃς
698 1621 828 1677 κόμης
845 1628 1030 1665 καλεῖται.
1087 1626 1226 1664 Gom.

428 1679 483 1718 ib.
504 1693 540 1719 v.
558 1684 599 1723 9.
661 1681 884 1731 catabolio]
917 1682 948 1719 si
973 1693 1048 1719 non
1073 1683 1277 1733 proprium,
1305 1684 1451 1732 portum
1476 1685 1542 1721 aut
1567 1681 1763 1721 stationem

312 1738 460 1777 navium
483 1737 661 1777 denotare
679 1739 836 1777 videtur.
864 1737 957 1778 Χιιι..
1014 1737 1162 1776 Ciliciae
1180 1738 1266 1775 urbs
1286 1741 1344 1776 est
1362 1736 1497 1776 Anton.
1552 1737 1690 1776 Golia.

425 1791 478 1830 ib.
496 1805 530 1831 v.
553 1795 619 1834 13.
680 1789 854 1861 Πρώτῃ]
884 1793 985 1831 iuxta
1003 1793 1151 1842 urbem,
1179 1793 1423 1844 Propontidos
1439 1792 1570 1833 insula.
1627 1793 1763 1832 GoAn,

427 1847 479 1887 ib.
495 1862 529 1888 v.
553 1850 619 1890 18.
677 1833 892 1901 αποίητον]
921 1850 1097 1901 ineptum,
1122 1848 1250 1887 nullius
1269 1849 1390 1900 pretii,
1414 1848 1652 1900 ungemaclzt
1671 1848 1765 1886 oder

318 1903 614 1956 ungeschaffin,
629 1909 672 1943 ut
687 1918 755 1944 nos
770 1906 967 1971 loquimur:
992 1905 1157 1943 Zonaras
1170 1918 1245 1943 rem
1265 1903 1453 1956 explicavit
1466 1907 1644 1944 disertius.
1671 1905 1765 1944 Χιιι..

308 1962 478 2013 fatuum
496 1966 533 2000 et
550 1962 729 2008 inertem,
757 1963 820 2013 qui
839 1973 887 2000 ne
907 1961 1099 2011 quicquam
1118 1973 1229 2012 agere
1245 1965 1308 1999 aut
1324 1961 1440 1999 moliri
1456 1965 1590 2013 potest.
1632 1961 1763 2000 GoAn.

427 2021 454 2056 t.
472 2017 506 2054 ll
533 2030 570 2069 p.
585 2015 639 2059 34
658 2031 694 2058 V.
715 2019 777 2060 18.
831 2019 1003 2070 κοῦρσος
1019 2018 1235 2067 piraticum
1255 2017 1409 2056 navale.
1467 2017 1597 2056 GOAR.

431 2077 460 2111 t·
476 2073 510 2111 ΙΙ
537 2087 574 2124 p-
591 2072 643 2115 35
662 2087 696 2113 v.
715 2076 781 2116 18.
835 2072 1154 2126 κεφαλητίωνος]
1183 2074 1347 2112 videatur
1368 2075 1493 2111 auctor
1510 2086 1548 2126 Ρ.
1566 2071 1649 2116 457
1666 2084 1764 2112 anuo

319 2128 455 2169 Leonis
470 2130 584 2167 Isauri
604 2132 669 2171 16.
727 2130 860 2170 Gon.

430 2188 458 2224 t.
474 2185 509 2225 11
535 2199 572 2236 p.
593 2188 647 2227 36
665 2199 699 2224 v.
717 2186 782 2228 14.
838 2184 947 2237 qaod
962 2185 997 2222 is
1018 2191 1154 2222 contra
1173 2182 1300 2235 leges]
1327 2187 1416 2223 ante
1434 2183 1524 2223 haec
1539 2183 1649 2224 verba
1665 2183 1764 2223 haud

319 2242 432 2280 dubie
459 2242 594 2292 aliquid
625 2242 769 2282 excidit.
824 2255 910 2281 nam
936 2254 1056 2292 neque
1080 2241 1253 2292 Iosephus
1274 2252 1491 2279 oeconomus
1514 2252 1634 2292 neque
1653 2239 1764 2278 Nice-

319 2298 454 2350 phorus
472 2298 698 2348 patriarcha,
728 2299 796 2337 sed
816 2298 920 2337 huius
945 2302 1152 2336 antecessor
1173 2296 1344 2335 Tarasius
1364 2295 1568 2348 patriarcha
1586 2295 1764 2335 Theodo-

319 2359 395 2392 tam
414 2365 436 2390 a
455 2354 698 2392 Constantino
715 2355 906 2405 repudiata
922 2353 1065 2391 Mariua
1078 2354 1224 2391 ductam
1242 2353 1441 2391 coronavit.
1497 2353 1564 2391 sed
1587 2353 1659 2390 iam
1684 2355 1763 2390 tum

320 2409 511 2448 Platonem
535 2410 788 2449 communione
813 2410 849 2449 T
850 2410 956 2448 arasii
984 2410 1170 2448 abstinere
1191 2409 1355 2461 coepisse
1377 2408 1522 2456 scribit,
1549 2420 1764 2458 rursumque

317 2465 519 2516 Nicephori
543 2466 837 2515 subrogationem
862 2466 997 2504 deinde
1024 2465 1269 2516 improbasse,
1295 2464 1460 2502 nimirum
1479 2464 1678 2502 ambitione
1697 2465 1766 2501 im-

318 2521 479 2572 pulsum3
508 2523 606 2571 quod
627 2522 794 2560 Zonaras
813 2534 887 2560 non
907 2520 1120 2559 dissimulat.
1177 2533 1268 2570 ergo
1284 2521 1500 2571 imperator,
1529 2520 1591 2570 qui
1608 2523 1696 2558 ante
1715 2519 1764 2557 ob

320 2577 506 2614 dissidium
531 2591 613 2615 cum
637 2577 792 2616 Tarasio
817 2578 912 2616 hunc
935 2577 1125 2616 Platonem
1150 2577 1258 2615 sciret
1276 2588 1298 2614 a
1318 2576 1563 2614 Constantino
1582 2575 1621 2613 in
1640 2587 1766 2613 carce-

321 2644 398 2669 rem
426 2632 551 2681 (quod
570 2635 759 2672 annotavit
775 2633 902 2682 idem)
927 2634 1146 2681 coniectum,
1176 2636 1253 2670 tum
1272 2644 1417 2682 quoque
1434 2632 1482 2670 de
1498 2643 1543 2670 eo
1561 2643 1642 2668 cum
1659 2630 1766 2668 sociis

323 2688 473 2725 tandem
500 2689 674 2728 eiiciendo
703 2702 771 2742 per
798 2689 1024 2727 occasionem
1053 2689 1140 2738 egit.
1194 2688 1370 2739 Iosephus
1402 2690 1522 2725 autem
1550 2698 1767 2726 oeconomus

324 2743 413 2792 quid
437 2744 485 2780 ad
512 2756 591 2782 eam
617 2758 694 2783 rem
720 2745 950 2791 conduxerit,
978 2756 1052 2782 non
1074 2744 1199 2795 liquet.
1229 2743 1322 2784 Χιιι..
1379 2743 1545 2806 proprie:
1582 2740 1690 2793 quod
1714 2742 1766 2786 is,

323 2798 555 2836 adversante
586 2799 719 2851 legam
747 2813 952 2839 sacrarum
986 2801 1089 2845 iure,
1131 2798 1379 2850 maptmltbus
1404 2799 1553 2836 coronis
1577 2797 1768 2849 impositis
