1916 3210
698 150 1147 197 ANNOTATIONES.
1559 151 1659 199 827

194 265 312 314 iacet,
341 263 416 316 qm*
432 261 536 302 mihi
551 268 589 300 et
603 262 834 314 isnperatori
849 261 939 301 vult
954 260 1133 314 obsequi,
1162 262 1198 300 is
1214 267 1398 301 ornatum
1415 261 1660 302 saecularem

195 321 342 360 induat
358 319 514 372 hacque
531 320 621 370 ipsa
640 318 740 357 hora
760 332 921 357 uxorem
942 319 1078 357 ducat.
1139 320 1273 359 GOAR.

308 381 335 416 t.
346 376 383 416 11
409 390 450 429 p.
464 375 514 418 14
530 389 563 415 v.
576 378 614 417 1.
673 376 775 427 quod
793 377 844 414 ad
861 375 1090 415 citharoedos
1107 377 1258 426 attinet,
1281 374 1341 414 alii
1357 374 1515 426 habent,
1540 388 1604 415 eos
1621 379 1664 415 ut

193 433 390 475 adhiberet
401 445 492 472 suae
504 444 655 472 mensae
670 433 871 484 imperator
885 431 1094 485 permisisse
1110 432 1364 485 patriarcham.
1393 432 1460 472 sed
1478 433 1664 484 quomodo

195 503 268 542 ego
293 490 406 538 verti,
431 489 484 528 ita
500 489 672 528 videntur
688 488 877 542 postulare
894 489 1027 537 verba3
1055 493 1094 528 et
1112 490 1295 528 sententia
1314 492 1371 528 est
1390 487 1530 529 melior.
1586 501 1664 528 non

193 547 292 588 enim
317 545 536 586 crediderim
557 545 841 598 imperatoribus
869 558 940 584 nsu
965 545 1121 584 musices
1149 546 1388 584 interdictum
1419 546 1553 585 fuisse:
1596 545 1666 585 sed

194 602 375 644 monacho
403 601 590 651 fidicines,
627 606 668 641 ut
696 601 871 641 luxuriam
898 605 1165 654 provocantes,
1202 601 1339 641 scilicet
1366 614 1441 640 non
1466 606 1572 642 erant
1598 615 1666 642 au-

194 659 336 701 diendi.
392 658 496 697 Xn..

306 712 408 752 ibid.
465 714 598 767 κρεῶν
630 709 976 767 μεταλαμβάνειν]
1018 713 1322 753 exauctorationis
1355 713 1504 764 Cyrini,
1547 727 1666 767 nuper

195 771 262 811 (ΞΡ
288 769 536 824 patriarchae,
571 782 684 809 causa
711 771 847 810 crimen
878 784 901 811 e
926 771 1051 810 multis
1073 771 1142 809 fuit
1169 783 1301 820 unum,
1329 771 1433 822 quod
1448 772 1561 811 vetito
1581 785 1666 811 car-

195 830 297 868 nium
319 839 387 866 esu
411 825 672 879 patriarchium
692 823 930 881 ἒμαγοὶρισεν
948 828 1243 879 inquinaverat.
1304 827 1445 870 GoAn.

307 882 365 922 ib.
385 895 421 924 v.
439 883 480 924 9.
536 883 581 920 in
601 883 823 922 custodiam
846 882 1036 936 dedisset]
1065 881 1394 936 ἀσφαλισάμενος
1414 885 1467 923 ita
1487 883 1667 923 converti·

195 953 272 982 non
296 938 472 979 dissimile
493 939 582 979 illud
601 938 730 980 Lucae
749 940 833 980 Act.
855 943 930 985 16:
965 937 1062 989 τούς
1086 938 1219 990 πόδας
1247 936 1382 982 αὐτῶν
1412 936 1664 994 ἠσφαλίσατο

196 997 256 1047 εἰς
271 992 319 1038 vd
337 992 473 1046 ξύλον.
526 997 631 1037 Xu-

309 1051 364 1091 ib.
385 1065 420 1091 v.
444 1054 510 1095 17.
568 1050 787 1105 Pelagine]
817 1065 955 1093 marem
974 1052 1071 1092 hunc
1088 1053 1175 1092 facit
1190 1053 1369 1092 Zonaras,
1425 1054 1530 1093 Xn..

307 1113 337 1148 t.
355 1109 390 1148 11
417 1122 458 1161 p.
476 1107 528 1152 15
549 1121 584 1150 v,
603 1110 642 1150 6.
702 1108 946 1161 chelandiis]
976 1110 1145 1148 Zonaras
1161 1111 1328 1149 triremes
1347 1110 1480 1158 habet,
1511 1116 1550 1149 et
1565 1110 1666 1162 apud

195 1164 454 1208 mesembriam
474 1166 705 1216 naufragium
726 1179 854 1218 passas
874 1166 1010 1206 scribit.
1037 1166 1141 1206 ΧΠ..
1196 1167 1383 1217 navigium
1402 1167 1544 1215 minus,
1571 1167 1667 1205 inter

197 1222 351 1276 scaphas
377 1226 417 1261 et
438 1221 563 1261 lintres
582 1235 605 1260 a
624 1221 740 1261 Paulo
758 1223 925 1262 Diacono
942 1227 1184 1263 numeratum.
1240 1236 1373 1260 omnes
1391 1236 1531 1269 naves,
1559 1223 1611 1262 ait
1628 1224 1667 1261 in

195 1279 413 1327 Iustiniano,
440 1278 646 1316 dromones
664 1279 863 1326 videlicet,
893 1279 1044 1326 trieres,
1071 1279 1264 1331 scaphas,
1292 1279 1514 1319 chimaeras
1531 1286 1570 1317 et
1586 1279 1668 1318 lin-

199 1343 277 1374 tres
293 1348 419 1386 usque
437 1334 497 1373 ad
512 1334 728 1374 chelandia
747 1336 919 1388 collegit.
978 1337 1117 1376 GoAn.

309 1402 414 1445 iba.
432 1406 495 1446 17.
551 1394 714 1444 Man'etis
737 1403 911 1444 haeretici
933 1416 1069 1443 nomen
1089 1404 1222 1443 merito
1243 1404 1380 1444 infame
1399 1407 1478 1452 est;
1506 1404 1608 1454 quod
1631 1403 1670 1441 in

198 1461 270 1501 hoc
298 1460 404 1512 quasi
434 1472 543 1499 omen
570 1460 682 1500 fuisse
711 1461 963 1513 perversitatis
991 1460 1112 1499 innuit
1142 1461 1333 1500 Cedrenus
1357 1466 1449 1500 tom.
1466 1463 1492 1502 3
1514 1460 1579 1499 fol.
1599 1460 1670 1502 96.

197 1517 389 1614 gizonus
417 1515 442 1559 l.
461 1517 515 1558 21
543 1515 707 1557 Manetis
730 1517 1014 1568 Cybiorensium
1036 1517 1103 1556 sub
1121 1516 1227 1556 huius
1246 1523 1355 1570 patre
1373 1518 1476 1556 ducis
1495 1517 1673 1556 meminit.

313 1639 367 1680 ib.
385 1653 420 1680 v.
441 1641 508 1683 18.
566 1641 657 1692 quid
683 1640 794 1680 officii
822 1641 871 1680 sit
893 1636 937 1682 τό
956 1636 1290 1695 βουκκελλᾶριον,
1319 1642 1465 1692 ignoro.
1524 1645 1563 1680 et
1584 1654 1674 1681 sane

199 1698 259 1738 hic
287 1698 358 1737 loci
385 1699 507 1751 potius
531 1710 668 1737 nomen
693 1698 852 1737 videtur.
909 1702 950 1737 et
975 1698 1012 1736 in
1038 1698 1210 1737 Romano
1236 1698 1384 1748 Argyro
1409 1699 1674 1737 monasterium

200 1755 409 1795 nominatur
428 1755 678 1802 Mantineam,
707 1757 815 1792 situm
834 1755 872 1792 in
889 1753 1126 1794 Buccellario.
1185 1758 1226 1794 et
1243 1754 1366 1794 hiatus
1386 1755 1424 1793 in
1440 1755 1674 1794 Buccellariis

201 1815 323 1851 terrae
349 1815 489 1850 motum
518 1811 730 1850 subsecutus
752 1811 790 1849 in
814 1811 995 1850 Michaele
1017 1811 1256 1863 Paphlagone
1277 1811 1446 1851 refertur.
1504 1824 1585 1850 cum
1618 1812 1675 1850 his

203 1867 332 1907 confer
349 1879 446 1918 quae
464 1867 578 1906 habet
597 1867 754 1914 Suidas,
783 1880 827 1905 ac
845 1867 1013 1906 Turneb.
1032 1867 1087 1908 24
1117 1869 1169 1910 16
1197 1867 1354 1907 Advers.
1411 1868 1473 1907 ubi
1488 1868 1677 1907 Buccella-

202 1925 300 1968 rium
326 1923 438 1966 officii
463 1936 597 1962 nomen
625 1923 739 1961 fuisse
765 1923 929 1962 docetur.
987 1923 1290 1962 Buccellariorum
1317 1925 1494 1975 praefecti
1522 1926 1677 1973 mentio,

202 1983 354 2034 praeter
371 1983 549 2028 nostrum,
575 1983 631 2018 est
649 1980 757 2017 etiam
773 1980 874 2030 apud
889 1979 1077 2018 Zonaram
1096 1980 1133 2017 in
1153 1980 1272 2028 irena,
1293 1983 1420 2022 tom.3
1437 1981 1462 2018 f.
1473 1983 1539 2022 96.
1568 1982 1674 2019 XYL.

202 2037 393 2088 regionem
422 2035 635 2075 vocabulum
663 2036 861 2086 indigitare
886 2035 1005 2074 nullus
1035 2037 1238 2086 negaverit.
1298 2049 1343 2075 ea
1373 2041 1432 2075 est
1460 2037 1610 2076 Galatia
1636 2041 1676 2076 et

204 2093 483 2144 Gallograecia,
512 2093 613 2131 iuxta
639 2092 811 2130 Suidam:
850 2088 1132 2145 Βουκελλάριοι
1161 2090 1204 2132 οἱ
1227 2087 1579 2144 Ἑλληνογαλάται,
1609 2092 1679 2134 καὶ

204 2147 237 2203 ἦ
262 2151 347 2189 ταῖν
374 2148 675 2199 Βουκελλαρίων
703 2144 811 2202 χώρα
843 2146 873 2201 ἦ
903 2147 1181 2201 Γαλογραικία.
1235 2148 1342 2200 plura
1370 2149 1419 2188 de
1442 2149 1676 2189 Buccellariis

205 2206 352 2245 erudite
381 2209 517 2244 tractat
545 2205 748 2256 Rigaltius,
779 2205 845 2245 sed
874 2218 970 2258 quae
996 2218 1144 2245 sensum
1167 2204 1316 2245 allatum
1339 2205 1492 2245 dictioni
1512 2207 1678 2247 tribuen-

208 2262 295 2301 dum
310 2275 387 2300 non
407 2266 585 2302 evertant.
643 2262 783 2304 Gon.

320 2333 350 2368 t.
368 2328 404 2367 ΙΙ
434 2342 474 2382 p.
499 2329 550 2369 16
573 2341 609 2366 v.
630 2329 698 2371 18.
755 2330 858 2379 quod
876 2329 923 2368 de
941 2328 1049 2367 idolis
1067 2328 1106 2367 in
1122 2328 1234 2368 domo
1252 2329 1482 2382 patriarchae
1500 2331 1679 2382 sequitur,

207 2387 260 2426 ad
276 2386 431 2425 verbum
447 2385 604 2424 reddidi.
661 2385 771 2423 credo
792 2398 876 2424 eum
896 2385 1085 2425 sustulisse
1103 2398 1268 2436 gemmas
1297 2386 1515 2438 (ψηφῖδας
1535 2388 1605 2426 hoe
1623 2389 1681 2426 in-

208 2441 363 2493 telligo)
392 2442 524 2493 quibus
550 2453 594 2480 ea
617 2441 762 2480 fuerant
781 2446 925 2482 ornata.
982 2442 1089 2484 xa.

322 2507 374 2549 ib.
393 2522 428 2547 v.
447 2510 515 2552 23.
572 2510 646 2549 τοῦ
663 2505 907 2562 πατριάρχου
927 2505 1170 2561 ποιήσαντος
1191 2504 1326 2562 εὐχήν]
1353 2510 1488 2549 nullum
1507 2510 1679 2557 officium,

210 2564 347 2605 nullam
367 2566 583 2616 dignitatem
606 2566 774 2604 oratione
796 2579 871 2604 non
891 2567 1092 2617 praemissa
1109 2567 1313 2618 suscipiunt
1336 2567 1490 2606 Graeci:
1520 2569 1679 2606 creando

211 2621 364 2660 Caesari
381 2622 538 2671 idonea,
571 2622 620 2661 de
639 2635 713 2673 qua
730 2622 788 2661 hic
805 2635 947 2673 sermo,
975 2623 1131 2662 habetur
1150 2623 1190 2662 in
1206 2623 1434 2675 Euchologio
1449 2637 1577 2663 recens
1594 2637 1679 2663 cuso

210 2690 339 2716 versus
362 2678 485 2718 finem.
543 2676 683 2717 Gon.

326 2749 352 2783 t.
371 2744 405 2783 11
434 2759 472 2797 p.
496 2747 548 2786 17
574 2759 608 2787 v,
633 2748 668 2787 1.
725 2747 826 2799 quod
858 2747 906 2786 de
932 2747 1202 2799 permutatione
1233 2747 1383 2799 Syriaca
1414 2747 1586 2797 refertur,
1627 2747 1676 2786 ob

212 2801 427 2842 brevitatem
450 2807 507 2843 est
530 2803 733 2843 obscurum.
789 2808 933 2844 constat
956 2808 1080 2845 tamen
1101 2805 1205 2855 Syris
1228 2805 1451 2845 delectatum
1470 2805 1582 2845 fuisse
1602 2804 1677 2843 Co-
