1890 3236
328 195 426 262 270
799 210 1037 257 GEoRGn
1069 211 1312 258 GEDRENJ

325 325 540 386 νούργησεν
549 357 562 378 ,
596 323 643 376 ὃς
660 326 728 367 καὶ
745 324 791 368 τὸ
809 329 890 368 τῶν
903 323 1108 381 Ἀργυρῶν
1127 324 1313 368 ἐπίθετον
1329 320 1775 384 ἓκληρῶσατοπρῶτος,

270 403 303 438 D
326 397 400 439 εἴτε
422 395 491 438 διὰ
513 391 776 450 καθαρότητα
796 395 902 447 βίον,
938 392 1013 435 εἴτε
1034 394 1101 435 καὶ
1126 393 1183 435 δι’
1212 392 1443 449 εὐπρέπειαν
1465 391 1666 448 σώματος,
1696 393 1775 439 εἴτε

323 466 388 507 καὶ
410 461 478 504 διά
497 478 586 504 τινα
602 460 750 517 τρόπον
768 466 840 515 τῆς
861 461 986 503 αὐτοῦ
1003 459 1301 517 γενναιότητος’
1329 466 1521 504 τοσοῦτον
1536 461 1617 520 γὰρ
1633 466 1773 520 περιῆν

321 531 345 574 ὁ
377 531 477 587 ἀνὴρ
507 533 587 572 τῶν
617 530 680 570 ἐπὶ
707 534 779 571 τοῦ
807 529 981 584 Μιχαὴλ
1014 529 1231 585 γενομένων
1260 528 1491 586 ἀνθρώπων
1519 527 1622 573 ὥστε
1649 527 1774 584 μόνος

319 599 424 655 μετὰ
455 602 535 640 τῶν
565 599 772 653 οἰκογενῶν
799 596 1088 654 συνερρήγνυτο
1123 604 1207 648 τοῖς
1234 598 1278 640 ἐκ
1303 601 1508 656 Τεφρικῆς
1525 599 1805 653 Μανιχαάηςό

321 669 389 710 καὶ
412 673 495 716 τοῖς
515 667 557 707 ἐκ
580 668 813 720 Μελιτηνῆς
828 667 1081 723 Ἀγαρηνοῖς,
1116 667 1184 708 καὶ
1210 663 1378 717 τούτους
1407 665 1554 726 ῥᾳδίως
1577 666 1775 724 ἐτρέπετο.
1794 696 1797 700 .

319 737 388 777 καὶ
418 736 463 777 τὸ
499 733 628 789 ὄνομα
655 735 781 777 αὐτοῦ
804 733 930 789 μόνον
957 731 1227 793 φημιζόμενον
1255 732 1462 792 φόβητρον
1485 728 1538 791 ἦν
1563 735 1776 786 namina-

320 802 564 853 ἀντιπάλοις.

456 870 594 927 Χάριν
613 870 656 912 δὲ
673 869 863 926 ἀλλαγίου
884 871 1180 928 ἐκπεμφθέντες
1198 868 1279 913 aad
1300 887 1342 913 τε
1364 873 1534 928 Ταρσοῦ
1553 871 1774 914 καὶΜελι-

320 944 443 995 τηνῆς
466 938 488 982 ὅ
509 957 551 982 τε
567 938 813 994 Ἀβελβάκης
832 941 975 990 ἐκεῖνος
991 942 1055 982 καὶ
1074 938 1094 982 ὅ
1114 944 1185 983 τοῦ
1207 942 1385 992 Σαμωνᾶ
1403 938 1537 996 πατὴρ
1553 939 1774 992 κατέλαβον
1784 945 1829 980 10

320 1009 396 1063 τὴν
429 1007 735 1062 βασιλεύουσαν.
803 1010 869 1050 καὶ
905 1007 1072 1059 τούτους
1111 1006 1132 1050 ὁ
1170 1007 1360 1062 βασιλεὺς
1400 1008 1561 1058 ἐδέξατο
1597 1006 1775 1064 μεγάλην

322 1077 447 1131 δοχὴν
473 1075 645 1131 ποιήσας
670 1077 736 1118 καὶ
761 1075 900 1134 κόσμῳ
926 1081 1063 1134 πολλῷ
1083 1076 1155 1131 τὴν
1172 1075 1430 1133 Μαγναύροιν
1445 1074 1774 1131 κατακοσμήσας.

182 1149 212 1184 Ρ
235 1149 301 1185 605
324 1144 568 1187 ἐκαλλώπισε
602 1145 646 1187 δὲ
673 1146 740 1187 καὶ
775 1145 847 1199 τὴν
875 1143 1051 1200 μεγάλην
1079 1146 1288 1199 ἐκκλησίαν
1316 1147 1562 1196 πολυτελῶς,
1596 1145 1664 1186 καὶ
1689 1145 1774 1187 εἵσ-

321 1213 444 1269 ήγαγε
473 1211 639 1264 τούτους
668 1214 790 1255 ἐκεῖσε
799 1245 812 1265 ,
847 1215 913 1255 καὶ
941 1213 992 1256 τὰ
1022 1214 1135 1267 τίμια
1161 1211 1360 1263 ὖπέὸειξεν
1387 1211 1546 1255 ἅπαντα
1566 1211 1703 1255 καὶτὰ
1722 1215 1774 1268 τῇ

318 1284 416 1341 θείᾳ
449 1284 612 1341 λατρεία
643 1285 947 1338 λειτουργοῦντα
978 1281 1113 1337 σκεύη.
1172 1286 1297 1324 ’τοῦτο
1326 1281 1371 1322 δὲ
1399 1279 1560 1331 ἀνάξιον
1588 1275 1638 1335 ἦν
1661 1282 1771 1336 Χρι-
1783 1285 1826 1321 15

319 1355 525 1405 στιανικῆς
551 1349 857 1401 καταστάσεως,
893 1349 1138 1407 ἀλλοφύλοις
1167 1348 1399 1406 ἀνθρώποις
1425 1350 1493 1391 καὶ
1519 1349 1774 1399 ἀλλοπίστοις

319 1420 496 1461 {zezata
515 1425 638 1461 ποιεῖν
656 1419 707 1461 τὰ
726 1420 793 1461 καὶ
812 1425 895 1469 τοῖς
912 1419 970 1474 μὴ
993 1423 1124 1469 καλῶς
1142 1422 1301 1471 βιοῦσιν
1321 1417 1522 1470 εὖσεβὲσιν
1541 1415 1774 1475 ἀνθρώποις

318 1487 491 1529 ἀθέατα.
561 1486 581 1529 ὃ
613 1488 656 1529 δὲ
681 1491 754 1529 τοῦ
781 1490 960 1541 Σαμωνᾶ
985 1488 1117 1544 πατὴρ
1139 1487 1212 1541 τὴν
1232 1489 1483 1542 παρρησίαν,
1512 1484 1562 1541 ’ἢν
1584 1483 1605 1528 ὃ
1626 1484 1771 1528 τούτου

318 1546 406 1606 υἱὸς
432 1556 519 1610 ἴσχε
551 1555 651 1612 πρὸς
678 1556 849 1609 βασιλέα
870 1557 935 1597 καὶ
954 1555 1026 1609 τὴν
1046 1555 1165 1610 τιμὴν
1185 1554 1436 1608 θεασάμενος
1457 1555 1524 1596 καὶ
1541 1553 1614 1609 τὴν
1635 1551 1771 1605 δόξαν,

318 1622 528 1682 ᾖρετίσατο
558 1631 731 1666 συνεῖναι
758 1628 817 1681 τῷ
842 1624 940 1681 υἱῷ,
969 1623 1210 1679 ,ΖΙῖΙελιτηνὴν
1235 1623 1307 1678 τὴν
1330 1623 1506 1680 πατρίδα
1532 1619 1827 1679 ἂπαρνησά-ΞΟ

316 1709 448 1746 μενος.
517 1695 718 1746 Σαμωνιῖς
746 1693 790 1734 δὲ
818 1692 865 1734 οὗ
893 1691 1128 1748 συνεχώρει,
1170 1690 1336 1748 παρῄνει
1370 1691 1414 1733 δὲ
1444 1693 1600 1745 μᾶλλον
1629 1692 1686 1740 εἷς
1718 1689 1771 1733 τὰ

318 1763 444 1803 οἶκεῖα
466 1759 738 1815 ὗπονοστῆσαι
759 1762 824 1802 καὶ
844 1765 916 1815 τῆς
936 1763 1040 1811 ἰδίας
1057 1760 1223 1816 ἔχεσθαι
1245 1761 1435 1811 πίστεως,
1465 1758 1702 1815 προσμένειν
1726 1758 1772 1800 δὲ

320 1831 387 1871 καὶ
418 1827 540 1871 αὐτόν
548 1861 561 1881 ,
597 1831 632 1871 εἷ
658 1833 801 1884 καιροῦ
826 1827 1015 1882 λάβοιτο,
1049 1830 1171 1872 ἐκεῖσε
1194 1829 1395 1884 γενέσθαι.
1461 1830 1534 1882 τῆς
1561 1827 1605 1869 δὲ
1632 1825 1774 1882 ἑορτῆς

267 1901 298 1937 Β
322 1897 538 1953 ἐπιστάσης
558 1899 600 1940 ἓν
616 1891 644 1954 ᾗ
660 1897 705 1940 τὸ
725 1902 879 1952 πνεῦμα
899 1897 944 1940 τὸ
963 1897 1075 1954 ἅγιον
1092 1900 1134 1940 ἓν
1150 1898 1334 1955 πυρίναις
1349 1893 1550 1954 γλώσσαις
1565 1901 1650 1947 τοῖς
1668 1895 1773 1938 ἀπο-

416 2005 460 2041 17
481 2001 603 2040 θεατὰ
626 2004 656 2038 C
791 2001 1011 2050 ἀνθρώποις
1030 2016 1084 2040 om
1108 2006 1139 2040 C

322 2097 397 2131 Leo
427 2096 557 2142 primus
590 2095 822 2141 Argyrorum,
856 2095 893 2130 id
926 2100 980 2131 est
1008 2099 1268 2141 argenteorum,
1303 2106 1493 2141 cognomen
1512 2093 1666 2129 familiae
1688 2104 1773 2128 suae

321 2143 459 2185 intulit,
493 2143 569 2177 sive
593 2144 636 2177 ob
660 2143 755 2176 vitae
778 2141 979 2187 puritatem,
1014 2142 1090 2177 sive
1124 2144 1283 2177 decorem
1306 2142 1484 2187 corporis,
1515 2141 1592 2175 sive
1619 2141 1663 2174 ob
1691 2139 1772 2174 illu-

322 2195 427 2223 strem
445 2188 683 2223 fortitudinem
698 2214 708 2232 ‚
732 2199 800 2232 qua
821 2188 851 2222 is
876 2187 1036 2233 aequales
1051 2200 1139 2223 *suos
1164 2188 1315 2232 (claruit
1334 2194 1448 2222 autem
1467 2186 1641 2222 Michaelo
1659 2186 1773 2232 impe—

319 2235 446 2278 rante)
469 2234 555 2268 adeo
579 2234 761 2279 superavit
782 2238 821 2268 ut
845 2233 937 2267 solus
959 2245 1034 2269 cum
1053 2234 1170 2268 vernis
1187 2235 1259 2268 suis
1274 2233 1498 2268 Manichacus
1513 2231 1772 2278 Tephricenses

321 2286 358 2314 et
381 2279 608 2314 Melitenaeos
631 2281 808 2324 Agarenos
829 2280 972 2314 adortus
995 2280 1030 2314 in
1053 2281 1170 2324 fugam
1192 2279 1296 2314 facile
1320 2278 1522 2324 coniecerit,
1555 2277 1773 2323 nominisque

318 2326 422 2360 etiam
447 2326 521 2359 eius
545 2326 673 2360 mentio
695 2332 864 2360 terrorem
887 2325 1045 2360 hostibus
1067 2326 1268 2362 incusserit.

409 2372 571 2406 Ceterum
596 2378 772 2417 pactorum
795 2382 900 2406 causa
923 2383 944 2405 a
967 2371 1082 2406 Tarso
1106 2377 1142 2406 et
1163 2372 1331 2406 Melitena
1352 2371 1396 2405 ad
1419 2371 1572 2405 Leonem
1592 2369 1689 2404 missi
1706 2380 1770 2404 ve-

318 2422 446 2451 nerunt
467 2418 593 2463 Cpolin
615 2417 806 2451 Abelbaces
831 2423 867 2451 et
889 2419 1060 2452 Samonae
1082 2423 1195 2462 pater.
1244 2429 1331 2463 quos
1351 2417 1533 2462 magnifico
1551 2415 1691 2461 excepit
1705 2415 1770 2449 im-

317 2470 459 2508 perator
492 2463 652 2498 convivio
684 2463 720 2496 in
752 2464 967 2507 Magmmra,
1001 2463 1180 2508 splendide
1202 2464 1383 2498 instructa.
1432 2461 1616 2497 exornavit
1640 2467 1676 2495 et
1696 2471 1770 2494 ma-

318 2520 421 2551 gnum
453 2509 615 2554 templum
646 2509 847 2553 magnifice,
883 2509 1076 2553 legatisque
1109 2510 1315 2543 introductis
1344 2508 1458 2543 omnia
1489 2507 1591 2542 etiam
1615 2517 1699 2540 vasa
1725 2506 1770 2540 ad

317 2554 468 2587 divinam
493 2555 703 2600 pertinentia
725 2555 899 2599 liturgiam
928 2554 1190 2590 demonstravit.
1235 2555 1271 2589 id
1297 2555 1434 2600 quidem
1457 2557 1549 2587 statu
1568 2552 1770 2586 Christiano

317 2599 494 2643 indignum
516 2601 604 2644 fuit,
633 2601 827 2646 peregrinis
848 2601 1061 2644 hominibus,
1084 2601 1197 2645 iisque
1220 2612 1241 2635 a
1265 2612 1349 2635 vera
1371 2598 1541 2643 religione
1561 2597 1704 2642 alienis,
1728 2609 1770 2632 ea.

318 2646 503 2679 ostendere
538 2657 626 2690 quae
659 2658 703 2680 ne
735 2659 755 2680 a
787 2646 856 2692 piis
890 2647 1027 2691 quidem
1060 2652 1094 2681 et
1124 2647 1282 2691 integrae
1305 2646 1400 2680 vitae
1423 2643 1616 2678 hominibus
1639 2649 1770 2677 temere

317 2691 487 2725 visuntur.
535 2697 571 2725 et
605 2693 775 2726 Samonae
808 2697 908 2738 pater
931 2704 1006 2726 cum
1031 2692 1169 2726 videret
1191 2696 1352 2736 quantum
1376 2690 1553 2735 potentiae
1575 2694 1680 2735 atque
1703 2688 1768 2723 ho-

318 2737 413 2770 noris
436 2737 526 2782 apud
550 2737 789 2781 imperatorem
813 2739 903 2772 filius
927 2738 1121 2781 obtineret,
1158 2749 1232 2771 cum
1267 2737 1338 2771 filio
1361 2746 1499 2770 manere
1523 2735 1632 2770 voluit
1654 2735 1769 2780 patria

317 2782 484 2817 Melitena
507 2783 655 2817 deserta.
709 2796 829 2818 verum
853 2784 1020 2818 Samonas
1044 2784 1079 2817 id
1101 2795 1223 2828 passus
1247 2794 1315 2816 non
1338 2787 1412 2825 est,
1447 2782 1604 2815 hortatus
1633 2786 1767 2826 patrem

318 2835 357 2862 ut
379 2828 512 2862 domum
536 2828 668 2862 rediret
691 2834 726 2863 et
746 2830 783 2864 in
804 2841 867 2863 sua
886 2829 1056 2873 religione
1076 2833 1336 2874 perseveraret,
1360 2838 1402 2861 ac
1422 2838 1461 2861 se
1483 2837 1621 2872 quoque
1641 2837 1766 2871 exspe-

318 2879 450 2919 ctaret,
483 2874 595 2921 prima
623 2885 761 2921 quoque
792 2875 976 2911 occasione
1009 2875 1143 2910 domum
1169 2874 1377 2909 rediturum.
1422 2873 1514 2909 festo
1545 2877 1768 2918 pentecostae
