1890 3236
0 1339 9 1371 f..

0 1373 7 1403 ‚t

0 1405 11 1442 ι,

0 1468 15 1518 ἰ

0 1685 9 1707 ἰ

0 1847 14 1893 ἓ

706 175 1075 222 GLOSSARIUM.
1110 169 1113 174 ’
1524 174 1623 220 927

163 289 392 358 Ιιιοίἰιιὶιιιιοι
430 283 653 359 ἓτρυγησαν
673 285 768 336 τούς
789 286 960 338 πινσους
984 303 1078 336 τους
1100 282 1371 357 βαστάζοντας
1387 282 1458 328 τον
1480 288 1623 336 *προῦλ-

168 349 254 396 lov,
283 344 353 386 καὶ
375 342 442 386 δια
465 348 582 387 τοῦτο
603 361 677 387 ουκ
699 342 929 398 ἑβοὶσταξαν.
986 342 1128 386 λοιπόν
1149 341 1322 385 συνιδων
1348 341 1371 385 ό
1394 339 1623 395 εὐσεβέστα-

166 418 236 452 τος
258 399 444 455 βασιλευς
467 399 636 455 ἤγειρεν
648 399 790 450 αλλους
809 399 1001 452 πινσούς,
1041 401 1109 443 καὶ
1137 400 1293 449 ἐδέξατο
1323 416 1393 442 τον
1422 402 1625 468 τροῦλλον.

166 460 331 500 eodinus
361 459 399 498 in
429 459 638 510 Excerpfis:
681 457 832 512 ἐγένετο
859 457 903 499 δὲ
928 455 972 499 τὸ
999 458 1108 511 ῥῆμα
1139 461 1214 498 τοῦ
1239 453 1404 527 οἷγγέλου
1428 472 1530 510 προς
1554 453 1627 497 τόν

165 517 291 566 παῖδα
321 515 379 563 εἰς
408 531 453 555 το
482 512 612 564 δεξιον
635 514 754 584 μέρος
775 517 847 556 τοῦ
871 517 1032 556 πινσοῦ.
1089 516 1194 554 item·
1225 511 1310 555 εἶθ’
1333 510 1460 562 οὕτως
1479 512 1627 565 ἔμμον-

165 574 319 614 σίωσαν
344 569 412 612 καὶ
435 567 809 625 ὀρθομαρμᾶρωσαν
832 567 960 612 αυτόν
985 570 1053 611 καὶ
1080 572 1136 619 εἰς
1157 568 1250 619 τούς
1272 567 1441 618 πινσους
1463 570 1531 611 καὶ
1554 566 1628 618 τοὶς

165 626 300 677 στοάς.
359 626 582 668 Glossarium
607 630 891 679 Seguerianum:
920 625 1063 676 πινσὸς
1084 626 1107 669 0‘
1125 633 1266 679 τοῖχος.

218 709 219 712 =
277 682 531 726 πιττάκια.
591 686 748 724 Glossae
776 685 918 735 Cyrilli.
959 681 1166 725 πιττάκιον
1198 686 1439 735 pittacium,
1484 683 1625 721 brevia.

164 741 397 794 Lampridius
426 742 464 779 in
486 741 694 780 Alexandro
712 742 872 781 Severo:
901 741 1133 794 perlegebat
1158 748 1302 779 cuncta
1319 742 1509 792 pittacia.
1566 740 1628 778 Iu-

163 799 283 839 liunus
312 798 351 837 ἰιι
376 797 400 836 l.
419 795 474 839 49
506 796 533 849 ὃ
558 799 577 838 1
608 799 656 836 de
689 802 824 850 recept.
881 798 1032 836 arbiter
1057 797 1195 836 adesse
1223 798 1449 850 litigatores
1467 797 1531 835 vel
1550 810 1628 865 per

165 856 361 895 nuntium
390 853 457 893 νεῖ
485 854 695 906 epistolam
726 854 861 893 iubere
887 862 1033 906 potest.
1091 855 1316 906 Harmenop.
1347 858 1367 896 1
1401 854 1428 895 4
1457 853 1530 896 64=
1568 848 1628 893 δι’

165 908 411 962 ἐπιστολῆς’
391 907 482 962 η’τοι
505 912 725 951 πιττακίου.
781 913 986 951 Scaevola
977 925 1015 950 ιιι
1031 911 1056 949 l.
1077 909 1132 952 47
1152 909 1178 963 ὅ
1196 912 1219 951 1
1237 913 1284 950 de
1300 914 1396 962 pact.
1452 912 1490 948 εἰ
1517 907 1629 961 quod

164 972 475 1007 instrumentum
496 981 523 1004 α
543 974 581 1005 te
601 968 791 1005 emissum
813 967 928 1020 apud
948 983 1008 1006 me
1029 969 1234 1006 remansit.
1290 968 1464 1007 Basilica:
1497 965 1567 1007 ἐὰν
1583 963 1626 1007 δὲ

165 1025 320 1081 εὑρεθῇ
341 1019 442 1076 παρ’
467 1023 556 1077 ἐμοὶ
579 1019 784 1067 πιττάκιόν
805 1038 898 1074 σου,
948 1024 1044 1066 ἔστω
1074 1021 1300 1077 α’νίσχυρον.
1357 1037 1433 1063 non
1458 1024 1622 1074 quamvis

163 1088 287 1122 autem
309 1081 522 1133 epistolam,
550 1082 616 1120 sed
638 1082 783 1120 brevem
802 1083 989 1133 significat.
1045 1082 1176 1120 Isidori
1200 1082 1376 1120 Glossae.
1398 1082 1622 1132 pittacium

164 1138 336 1206 epistola
360 1137 490 1176 brevis
514 1145 549 1175 et
574 1136 746 1176 modica.
802 1139 968 1179 Nicaena
991 1141 1019 1180 2
1045 1139 1134 1189 Syn.
1166 1142 1238 1178 act.
1262 1140 1309 1179 4:
1351 1133 1443 1178 οἷντὶ
1470 1138 1622 1191 βίβλων

162 1190 350 1238 nandum
367 1192 467 1247 ημῖν
488 1193 756 1236 ἐπεδείκνυον.

267 1252 488 1293 ποιναλί
499 1253 520 1299 ζ
528 1266 544 1291 ε
557 1267 568 1291 ι
582 1267 606 1291 ν
634 1265 757 1304 poena
776 1251 936 1293 afficere.
992 1265 1026 1291 v.
1046 1251 1260 1291 Meursium.

276 1304 664 1359 πολυκᾶνδηλα,
712 1304 964 1361 κανδήλα,
1011 1304 1390 1360 κανδήλαβρον.
1446 1306 1623 1358 polycan-

163 1364 430 1415 dela‚-multas
454 1365 624 1406 candelas
643 1365 810 1406 ferentia.
869 1365 1038 1404 Anastas.
1061 1365 1155 1404 Bibl.
1184 1367 1221 1404 in
1246 1365 1342 1403 nist.
1360 1363 1480 1402 Eccl.:
1509 1376 1624 1400 sum-

155 1423 246 1475 ptis
263 1428 395 1460 autem
415 1429 555 1459 mutuo
578 1421 865 1459 venerabilium
880 1420 1092 1459 domorum
1104 1423 1305 1474 pecuniis,
1335 1421 1482 1471 aporia
1507 1434 1627 1457 coar-

163 1486 292 1527 tatae,
321 1479 474 1530 accepit
499 1480 620 1516 etiam
645 1478 829 1516 ecclesiae
849 1492 1022 1531 magnae
1044 1480 1198 1516 multae
1224 1476 1416 1516 candelas·
1428 1477 1624 1528 ferentia,

163 1535 291 1574 simul
307 1542 344 1572 et
366 1537 456 1572 alia
478 1549 581 1573 vasa
604 1537 897 1574 ministrantia.
956 1537 1204 1587 Theophanes
1228 1538 1265 1573 in
1287 1534 1478 1573 Heraclion
1509 1533 1625 1586 ἔλαβε

161 1590 231 1634 καὶ
250 1594 324 1644 τῆς
343 1589 517 1644 μεγάλης
535 1591 743 1643 ἐκκλησίας
765 1587 947 1642 κᾶνδηλά
964 1607 1004 1632 τε
1025 1593 1092 1632 καὶ
1113 1592 1222 1645 ἕτερα
1238 1589 1360 1642 σκεύη
1379 1587 1625 1643 ὖπουργικοὶ.

163 1650 215 1688 sic
235 1661 303 1688 ms.
324 1653 417 1700 puto
436 1653 558 1687 autem
578 1647 773 1698 legendum
790 1645 1084 1700 πολυκάνδηλα.
1143 1662 1226 1688 nam
1252 1649 1433 1699 κανδῆλα
1456 1647 1628 1686 Graeco-

161 1705 325 1745 barbaris
348 1709 406 1743 est
427 1705 593 1745 candela.
652 1705 852 1756 Gregorius
872 1705 925 1747 Μ.
947 1707 983 1744 ῐιι
1007 1706 1155 1755 dialogo
1177 1706 1338 1756 quodam
1359 1717 1466 1755 quem
1482 1705 1625 1743 Graece

161 1761 271 1801 vertit
289 1762 331 1800 S.
353 1761 552 1800 Zacharias
569 1763 752 1812 pontifex·
795 1761 962 1813 ἑσπέρας
987 1760 1030 1803 δὲ
1050 1761 1262 1815 γινομένης
1284 1757 1416 1808 πάσας
1436 1776 1508 1809 τας
1531 1775 1626 1801 καν-

163 1817 286 1870 δήλας
311 1816 457 1868 ἔσβεσε.
515 1823 554 1856 et
571 1830 681 1869 saepe
711 1819 760 1858 ibi
782 1820 950 1860 occurrit.
1008 1820 1177 1858 Eustath.
1197 1820 1244 1857 ad
1263 1819 1398 1869 Odyss.
1418 1833 1465 1870 η.·
1496 1822 1623 1858 κεῖται

161 1873 206 1915 δὲ
227 1869 328 1926 παρ’
351 1869 458 1929 αὐτῷ
475 1873 542 1914 καὶ
562 1870 762 1923 κανδήλας
780 1877 931 1927 χρῆσις,
953 1872 1041 1916 οἷον
1062 1872 1253 1927 ασσαρίου
1276 1871 1482 1926 κανδήλας
1502 1875 1620 1926 πρίω,

157 1928 288 1984 ἤγουν
307 1914 513 1980 ἐξῶνησαι.
574 1931 706 1969 Graeci
731 1932 825 1970 adl.
846 1931 901 1973 44
930 1932 980 1971 D.
1014 1933 1062 1971 de
1089 1945 1246 1970 manum.
1269 1935 1351 1970 test.
1373 1931 1397 1972 l.
1422 1930 1476 1973 48
1506 1931 1622 1970 Basil.

159 1989 216 2027 tit
233 1991 278 2030 3:
307 1981 376 2037 ἐφ’
398 1981 429 2043 ᾧ
446 2001 486 2027 τε
505 1986 549 2027 ἐν
568 1989 626 2041 τῷ
644 1987 823 2040 μνημείῳ
840 2003 917 2039 μου
937 1992 1046 2041 μῆνα
1061 2004 1168 2041 παρα
1191 1989 1299 2039 μῆνα
1318 1983 1456 2027 ἅπτειν
1474 1983 1623 2034 αὗτοΰς

159 2041 378 2096 κανδήλαν.
435 2057 467 2083 ν.
486 2044 611 2082 loann.
631 2044 770 2087 Mosch.
792 2043 836 2082 I
827 2058 888 2084 lm.
910 2058 939 2083 c.
960 2045 1053 2088 105.
1092 2051 1132 2084 et
1149 2040 1426 2097 κανδήλαβρον
1446 2057 1514 2096 pro
1532 2057 1620 2083 can-

161 2101 339 2141 delabro
330 2114 367 2138 ιιι
384 2100 549 2140 Basilicis
571 2101 596 2138 l.
620 2100 672 2141 15
690 2101 746 2138 tit.
765 2099 791 2140 4
811 2114 843 2139 c.
866 2103 904 2142 6.

273 2154 440 2222 ιιξόρτα
472 2162 594 2208 porta.
649 2156 755 2195 Leo'
747 2171 784 2195 ιιι
807 2156 915 2195 Tact.
939 2170 968 2195 c.
990 2159 1034 2199 11
1058 2156 1084 2209 §
1108 2158 1180 2198 19.
1211 2156 1267 2205 εἰς
1285 2172 1356 2204 τας
1376 2153 1522 2207 πόρτας
1544 2157 1621 2196 τοῦ

160 2225 390 2264 φωσσατου.
447 2213 642 2251 Constant.
673 2214 720 2251 de
749 2207 1024 2266 admin.1mp.:
1069 2211 1238 2265 ἤνοιξαν
1265 2229 1337 2262 τας
1370 2211 1516 2266 πόρπας
1549 2211 1621 2253 καὶ

159 2268 400 2319 ὖπεδέξαντο
427 2266 575 2318 αυτούς
597 2284 692 2319 μετα
714 2270 958 2323 περιχαρίας.
987 2269 1132 2312 ἐκεῖνοι
1157 2267 1238 2311 δὲ
1221 2286 1302 2321 αμα
1326 2273 1399 2311 τοῦ
1422 2270 1619 2311 εἰσελθεῖν

160 2322 232 2374 τοῖς
256 2341 297 2367 τε
324 2324 474 2378 πόρτας
505 2322 739 2378 ἐκράτησαν.
799 2327 934 2367 Chron.
965 2327 1159 2366 Alexandr.
1186 2341 1225 2380 p.
1248 2330 1342 2370 900.
1402 2327 1540 2366 Zonar.
1567 2327 1621 2365 ad

159 2383 273 2422 Cone.
296 2397 335 2435 p.
357 2386 450 2425 582.
491 2383 744 2433 Menologium
769 2383 949 2422 Graecum
971 2397 1018 2422 m.
1045 2385 1150 2426 Octa
1179 2383 1246 2425 καὶ
1264 2381 1486 2425 θαπτονται
1507 2382 1550 2423 ἐν
1568 2384 1621 2452 τῇ

160 2440 427 2506 Μελανδησίᾳ
446 2435 585 2495 πόρνῃ.
643 2439 891 2492 Theophanes
915 2442 953 2479 in
973 2441 1197 2481 Iustiniano:
1225 2436 1529 2495 παρεφυλαττον
1547 2436 1621 2488 τοῖς

147 2492 303 2549 πόρπας
321 2509 452 2543 πασας
469 2499 542 2536 τοῦ
557 2496 721 2548 τείχους.

270 2567 330 2592 πο
345 2568 461 2602 ρτος
489 2558 628 2602 po.rtus
661 2552 911 2618 Nicephorus
933 2553 1075 2593 Callisti
1101 2556 1150 2597 13
1180 2553 1257 2597 35:
1301 2552 1485 2607 μέγιστον
1517 2550 1562 2593 δὲ
1597 2568 1619 2593 ο

157 2604 306 2661 πόριος
325 2611 395 2660 τῆς
413 2606 571 2659 Ῥώμης
594 2624 775 2661 νεωριον.

271 2680 300 2704 π
312 2681 334 2715 ρ
347 2681 372 2704 α
383 2680 396 2704 ι
407 2665 429 2704 δ
442 2679 459 2704 ε
470 2663 499 2704 v'
511 2681 527 2705 ε
540 2681 555 2705 ι
566 2681 589 2705 ν
600 2693 611 2712 ,
664 2681 725 2717 πρ
738 2681 763 2705 α
776 2665 822 2705 ῖδ
831 2681 869 2705 α.
924 2666 1107 2719 praedari.
1165 2666 1344 2718 Excerpta
1387 2678 1431 2705 ex
1467 2666 1619 2704 historia

157 2721 306 2759 loannis
324 2721 496 2761 Malelae:
518 2737 584 2761 και
603 2721 740 2762 πολλοι
763 2723 994 2790 Χριστιανοι
1017 2719 1302 2774 ἐφονεύθησαν
1321 2720 1400 2764 υπὸ
1417 2725 1496 2763 τῶν
1515 2738 1614 2762 κατα

156 2771 277 2817 πόλιν
299 2774 427 2827 ὄχλων
449 2793 505 2818 ων
527 2778 633 2831 ἔτυχε
652 2778 720 2820 καὶ
739 2775 1075 2831 ἔπραιδεύθησαν.
1134 2780 1403 2831 Theophanes:
1426 2779 1492 2820 καὶ
1512 2773 1616 2829 ἦλθε

156 2830 430 2888 πραιδεύων”
408 2850 480 2883 εως
499 2837 572 2877 τοῦ
590 2836 822 2885 Βυζαντίου.
860 2837 998 2879 Concil.
1024 2838 1096 2891 Cp.
1115 2838 1182 2877 sub
1200 2837 1337 2877 Menna
1357 2841 1426 2878 act.
1444 2837 1490 2880 5:
1520 2833 1615 2884 ὅλας
