1890 3236
303 160 402 208 ‘242
778 159 1018 204 GEORGII
1050 158 1296 204 GEDRENI

297 267 372 320 Ᾰκαὶ
392 272 534 331 δώρων
550 272 819 328 ἅνταλλαγαῖς
835 276 907 314 τοῦ
926 273 1043 315 θείου
1064 274 1283 328 κατηξίωσε
1297 274 1593 329 βαπτίσματος.
1619 278 1766 332 ,καὶτὸ

306 350 386 388 τῶν
414 339 662 397 Βουλγάρων
689 341 734 382 δὲ
762 340 873 395 γένος
901 339 1117 397 ἀρτιπαγές
1135 340 1181 383 ὂν
1201 342 1303 398 πρὸς
1320 343 1556 396 θεοσέβειαν
1580 349 1770 401 μοναχῶν

308 413 515 466 ἀποστολῇ
531 409 711 461 εὗλαβιῦν
729 409 796 448 καὶ
814 407 949 464 ἱερέων
967 409 1091 466 ἀρετῇ
1108 410 1416 464 κεκοσμημένων
1433 411 1771 471 ε’βεβαίωσεαιρὸς

307 481 380 535 τὴν
403 479 547 519 πίστιν.
615 477 681 517 καὶ
704 481 788 526 τοῖς
801 473 902 526 Ῥώς
925 476 969 519 δὲ
990 475 1214 532 συμβάσεις
1235 479 1406 532 θέμενος
1429 479 1472 522 ἐν
1490 483 1644 536 μετοχῇ
1661 481 1771 537 γενέ-

308 552 411 590 σθαι
426 548 498 587 τοῦ
516 544 715 600 σωτηρίου
733 544 1015 598 βαπτίσματος
1031 545 1159 596 αἴτιος
1175 546 1331 602 γέγονε,
1356 547 1613 605 πεμφθέντος
1632 548 1802 605 αῶζοῖς,5

309 617 374 657 καὶ
404 612 630 669 ἀρχιερέως.
699 611 796 654 ἀλλ’
829 611 943 663 ἄξιον
971 612 1250 669 διηγήσασθαι
1279 615 1415 658 καὶτὸ
1439 615 1599 671 γεγονὸς
1622 620 1771 671 θαῦμα

258 686 288 720 C
310 681 424 738 παρὰ
443 684 514 723 τοῦ
536 679 751 737 ἀρχιερέως
764 685 836 723 τοῦ
854 682 1110 739 πεμφθέντος
1130 683 1266 726 ε’κεῖσε.
1334 682 1391 726 ἔτι
1413 683 1490 740 γὰρ
1510 688 1559 741 τῇ
1577 683 1790 728 detondent?

307 751 427 808 μονιά
456 747 720 803 κατεχόμενος
748 747 871 800 αὐτός
890 767 932 792 τε
954 749 975 792 ὅ
993 750 1130 808 ἅρχων
1148 753 1212 793 καὶ
1235 750 1274 796 οἳ
1290 756 1523 807 μεγιστᾶνες
1551 752 1678 797 αὐτοῦ
1702 754 1771 796 καὶ

307 819 354 863 τὸ
386 817 494 860 ἅπαν
521 816 660 869 ἔθνος,
696 817 1065 873 κατασκοπούμενοι
1083 820 1177 876 περί
1192 837 1234 862 τε
1256 825 1328 874 τῆς
1347 818 1487 877 πρῴην
1507 819 1640 865 αὐτῶν
1662 824 1771 878 θρη-

308 888 444 936 σκειάς
460 887 527 928 καὶ
544 877 617 940 τῆς
632 889 713 928 τῶν
732 887 991 942 Χριστιανῶν
1006 888 1196 940 πίστεως,
1227 891 1454 932 εἷσκαλοῧσι
1470 888 1540 931 τὸν
1559 887 1652 946 ι’ίρτι
1668 889 1826 946 πρὸς-,10

308 955 459 1005 αὐτοὺς
481 953 732 1011 φοιτήσαντα
756 954 966 1012 ἀρχιερέα·
1002 955 1047 998 ὃν
1070 954 1092 998 ὃ
1117 955 1255 1012 ἄρχων
1279 955 1466 1013 ἐπηρώτα
1486 958 1575 1000 τίνα
1595 957 1646 1000 τὰ
1667 958 1768 1014 παρ’

309 1024 434 1067 αὐτοῦ
458 1021 803 1079 καταγγελλόμενα
824 1025 892 1066 καὶ
909 1024 1046 1075 αὐτοῖς
1065 1023 1333 1068 (διδάσκεσθαι
1353 1017 1570 1079 μέλλονταζ
1633 1029 1708 1069 τοῦ
1727 1026 1774 1068 δὲ

306 1093 381 1147 τὴν
411 1091 522 1148 ἱερὰν
553 1095 627 1133 τοῦ
657 1092 774 1133 θείου
806 1093 1035 1148 εὐαγγελίου
1065 1095 1342 1149 προτείναντος
1376 1095 1544 1147 βίβλον,
1578 1093 1652 1136 καί
1680 1110 1771 1136 τινα

306 1159 506 1214 θαύματα
525 1159 790 1216 ἐξηγουμένου
814 1165 895 1203 τῶν
915 1159 993 1203 ὑπὸ
1019 1166 1091 1203 τοῦ
1112 1165 1215 1204 θεοῦ
1234 1163 1276 1204 ἓν
1300 1167 1350 1218 τῇ
1370 1162 1607 1219 ἀνθρωπίνῃ
1630 1162 1770 1217 ἐπιδη-

306 1231 380 1289 μία
408 1228 832 1285 τερατουργηθέντων,
862 1227 929 1271 “εῗ
955 1228 1012 1285 μή
1042 1247 1082 1272 τι
1111 1233 1192 1272 τῶν
1221 1227 1371 1285 ὁμοίων
1393 1230 1439 1273 τὸ
1463 1229 1654 1285 πλῆθος”
1689 1229 1769 1288 ἔφη
1783 1239 1825 1276 15

301 1297 413 1342 ατῶν
429 1296 530 1347 Ῥιὺς
550 1299 617 1339 καὶ
639 1295 754 1351 ἡμεῖς
773 1295 1016 1352 θεασόμεθα
1027 1330 1039 1349 ,
1075 1300 1143 1341 καὶ
1161 1296 1340 1353 μάλιστα
1359 1296 1496 1341 ὁποῖον
1514 1299 1638 1355 λέγεις
1657 1299 1700 1342 ἓν
1719 1303 1772 1355 τῇ

310 1366 465 1423 καμίνῳ
495 1370 576 1409 τῶν
603 1370 725 1421 τριῶν
749 1367 904 1408 παίδων
924 1367 1138 1423 γενέσθαι,
1167 1367 1241 1409 οὐκ
1268 1366 1319 1409 ἄν
1345 1383 1410 1409 σοι
1433 1366 1581 1426 ῥᾳδίως
1607 1364 1772 1410 πιστεύ-

257 1448 290 1482 1)
315 1434 494 1490 σωμεν.”
565 1431 587 1476 ὃ
607 1434 651 1476 δὲ
672 1438 729 1491 τῷ
751 1434 927 1488 ἀψευδεῖ
938 1433 1154 1486 πιστεύσας
1174 1433 1279 1493 λόγῳ
1302 1439 1376 1478 τοῦ
1398 1434 1576 1486 εἰπόντος
1595 1433 1658 1478 ὅτι
1678 1434 1700 1478 ὃ
1721 1433 1771 1477 ἂν

311 1502 499 1558 αῗτήσητε
525 1502 566 1543 ἓν
588 1506 645 1559 τῷ
669 1499 838 1557 ὀνόματί
857 1520 960 1556 μου,
995 1502 1206 1558 λήψεσθε,
1241 1505 1309 1546 καὶ
1339 1502 1361 1545 ὃ
1391 1502 1588 1546 πιστεύων
1617 1504 1673 1554 εἷς
1701 1503 1772 1557 ἐμὲ

310 1573 364 1616 τὰ
384 1572 480 1629 ἔργα
501 1570 527 1612 ἃ
547 1570 623 1626 ε’γὼ
642 1575 747 1613 ποιῶ
763 1571 942 1621 κάκεῖνος
962 1570 1139 1627 ποιήσει,
1166 1574 1232 1614 καὶ
1250 1573 1410 1626 μείζονα
1426 1570 1580 1614 τούτων
1597 1570 1827 1627 ποιήσει,20

311 1640 389 1697 ἔφη
417 1639 518 1696 πρὸς
545 1638 692 1689 αὐτοὺς
719 1637 786 1682 “et
805 1642 870 1681 καὶ
890 1640 947 1695 μὴ
966 1640 1118 1691 ἔξεστιν
1145 1639 1386 1698 ἓκπειράζειν
1408 1638 1547 1697 κύριον
1564 1639 1635 1683 τὸν
1655 1638 1770 1691 θεόν,

311 1708 424 1764 ὅμως
458 1711 492 1751 εἶ
519 1708 563 1749 ἐκ
594 1711 733 1762 ψυχῆς
767 1707 1002 1765 διεγνώκατε
1035 1713 1276 1765 προσελθεῖν
1310 1713 1368 1768 τῷ
1400 1713 1510 1767 θεῷ,
1543 1706 1770 1764 αῗτήσασθε

401 1861 426 1898 7
457 1857 563 1905 παρὰ
584 1879 630 1886 —-
655 1857 731 1905 ἔτι]
765 1859 849 1906 περὶ
872 1861 940 1896 τοῦ
964 1860 1213 1907 πεμφθέντος.
1236 1860 1290 1897 ἔτι
1312 1861 1343 1897 C
1525 1861 1550 1898 9
1569 1858 1719 1907 πρώτης
1740 1860 1772 1896 C

404 1908 449 1943 18
473 1902 532 1942 ὅτι
551 1902 617 1941 ἐὰν
635 1907 666 1941 C

313 2045 415 2080 nibus
438 2048 474 2079 et
496 2042 597 2079 donis
621 2042 666 2086 ad
689 2044 895 2090 baptismum
917 2044 1049 2079 allexit.
1095 2045 1323 2090 Bulgarorum
1345 2047 1482 2090 gentem
1497 2071 1507 2089 ‚
1537 2054 1627 2090 quae
1647 2055 1772 2079 recens

314 2090 548 2126 Christianam
581 2090 744 2136 pietatem
778 2091 937 2134 amplexa
960 2097 1053 2134 erat,
1090 2091 1205 2126 missis
1230 2091 1298 2137 piis
1320 2090 1500 2126 monachis
1520 2097 1557 2125 et
1577 2090 1771 2126 sacerdoti·

313 2139 378 2173 bus
401 2137 532 2170 virtute
551 2135 746 2180 insignibus
768 2136 804 2170 in
826 2137 896 2170 fide
919 2137 1148 2171 confirmavit.
1195 2138 1327 2172 Rossos
1362 2137 1475 2183 pactis
1502 2135 1705 2182 compositis
1724 2135 1772 2170 acl

314 2182 477 2218 salutaris
499 2182 662 2227 baptismi
686 2182 959 2216 communitatem
986 2183 1176 2228 pertraxit,
1211 2183 1326 2228 iisque
1341 2183 1555 2230 *pontificum
1578 2181 1772 2228 principem

313 2229 420 2264 misit.
467 2239 596 2272 operae
619 2228 768 2274 pretium
791 2234 845 2262 est
869 2228 934 2262 hoc
958 2228 1033 2262 loco
1056 2229 1255 2263 miraculum
1278 2230 1433 2274 referre,
1466 2228 1559 2273 quod
1583 2240 1625 2263 eo
1648 2228 1774 2263 missu!

311 2274 472 2321 pontifex
506 2273 630 2308 edidit.
677 2274 837 2319 princeps
866 2274 941 2308 eius
963 2275 1078 2319 gentis
1101 2286 1143 2308 ac
1167 2286 1332 2320 proceres
1355 2280 1391 2309 et
1412 2275 1596 2310 universus
1624 2273 1774 2320 populus

312 2321 403 2355 falsa
425 2319 596 2364 religione
622 2320 734 2354 adhuc
756 2320 910 2364 detenti,
945 2331 1020 2354 cum
1042 2320 1280 2356 deliberarent
1304 2333 1392 2356 eane
1413 2321 1598 2355 retinenda
1621 2331 1665 2355 an
1686 2330 1772 2355 vero

312 2366 534 2401 Christianae
563 2366 649 2400 fidei
681 2366 912 2400 accedendum
943 2371 1054 2410 esset,
1088 2366 1132 2400 ad
1156 2378 1195 2400 se
1214 2366 1353 2401 missum
1377 2367 1574 2413 pontificem
1594 2365 1631 2400 in
1653 2365 1773 2400 conci-

312 2412 394 2446 lium
418 2412 612 2454 advocant3
638 2423 785 2457 eumque
805 2412 969 2457 princeps
991 2411 1185 2456 interrogat
1205 2413 1368 2457 quidnam
1392 2412 1445 2447 rei
1469 2416 1564 2447 esset
1580 2411 1672 2456 quod
1690 2422 1775 2458 pro-

311 2459 474 2492 fiteretur
496 2462 532 2491 et
554 2457 650 2503 ipsos
675 2458 838 2492 docturus
863 2463 970 2492 esset.
1018 2459 1154 2502 profert
1176 2459 1360 2503 episcopus
1380 2469 1514 2493 sacrum
1534 2457 1645 2492 divini
1664 2468 1774 2492 evan-

313 2503 398 2548 gelii
430 2503 576 2547 librum,
612 2509 648 2537 et
680 2504 849 2549 quaedam
880 2503 1044 2538 miracula
1077 2504 1220 2550 exponit
1243 2516 1264 2539 a
1286 2506 1371 2550 deo,
1409 2505 1488 2539 dum
1511 2503 1542 2538 is
1565 2503 1603 2538 in
1627 2503 1776 2538 humana

314 2553 440 2583 natura
468 2554 581 2582 terras
613 2548 706 2593 obit,
742 2550 849 2584 edita.
894 2550 945 2584 ibi
978 2551 1111 2584 Rossus
1142 2562 1272 2595 negare
1302 2563 1342 2585 se
1373 2556 1432 2586 aut
1464 2560 1545 2584 suos
1567 2548 1638 2594 ipsi
1669 2548 1774 2583 fidem

314 2594 383 2629 ullo
407 2595 507 2628 modo
531 2595 729 2639 habituros,
766 2595 836 2630 nisi
858 2595 990 2640 aliquid
1012 2595 1153 2640 horum,
1180 2597 1386 2641 praesertim
1409 2600 1624 2630 servatorum
1645 2593 1682 2628 in
1706 2595 1773 2630 fla-

315 2639 432 2683 granti
463 2639 596 2673 camino
625 2641 730 2675 trium
762 2652 966 2686 puerorum,
1012 2641 1126 2676 simile
1154 2642 1337 2676 vidissent.
1391 2641 1436 2676 ad
1474 2641 1562 2675 haec
1601 2640 1774 2686 pontifex,

314 2685 427 2719 fidens
464 2686 585 2719 veraci
617 2686 691 2720 eius
723 2687 873 2721 sermoni
907 2688 966 2732 qui
997 2688 1071 2722 suis
1103 2686 1242 2722 dixerat
1273 2688 1351 2722 fore
1374 2693 1414 2722 ut
1435 2686 1606 2731 quidquid
1629 2692 1774 2732 propter

315 2730 427 2775 ipsum
450 2731 684 2775 postulassent
704 2732 955 2777 impetrarent,
990 2738 1026 2768 et
1074 2732 1109 2767 ui
1129 2733 1198 2779 ipsi
1221 2734 1324 2767 fidem
1347 2732 1512 2776 haberet,
1549 2731 1660 2778 ipsius
1683 2743 1772 2778 quo—

314 2787 383 2822 que
406 2787 515 2821 opera
535 2776 649 2820 iisque
672 2778 802 2812 maiora
825 2779 1015 2822 editurum,
1049 2775 1057 2789 ³
1074 2776 1234 2813 tametsi”
1266 2779 1379 2823 inquit
1408 2774 1533 2812 “deum
1555 2784 1693 2813 tentare
1716 2778 1771 2812 fas

315 2833 385 2856 non
408 2828 483 2867 est,
512 2827 626 2857 tamen
648 2822 680 2856 si
705 2835 749 2858 ex
769 2824 882 2859 animo
905 2824 1079 2860 statuistis
1106 2826 1152 2860 ad
1176 2825 1278 2860 deum
1297 2835 1361 2859 vos
1387 2824 1567 2870 conferre,
1587 2823 1772 2870 postulate
