1890 3236
494 166 895 212 HJSTORIARUM
929 162 1320 210 COMPENDIUM.
1549 160 1647 210 441

178 283 257 342 τὴν
279 277 569 341 προσήκουσαν
596 283 664 326 καὶ
692 281 901 340 ἀρκοῦσαν
939 279 1038 332 δοὺς
1076 279 1333 336 παντευχίαν,
1380 275 1553 335 ὁδηγοὺς
1581 284 1656 335 τῆς

179 352 283 398 ὃδοῦ
299 351 442 408 λαβὼν
462 351 585 404 ἔξεισι
605 350 698 408 μετ’
731 352 866 394 αὗτῶν
886 350 992 393 κατὰ
1016 353 1098 393 τῶν
1117 351 1309 408 Περσῶν.
1375 348 1588 405 γενομένης
1610 349 1656 392 δὲ

170 418 538 479 ,ἀντιπαρατάξεως
547 453 562 474 ,
595 422 664 465 καὶ
681 419 785 476 μετὰ
804 418 936 479 ῥύμης
954 421 1142 478 σφοδρᾶς
1160 423 1242 462 τῶν
1263 419 1354 476 περὶ
1376 418 1447 461 τὸν
1470 418 1657 477 ,Σκληρὸν

182 490 436 546 ἐπιθεμένων
458 498 544 542 τοῖς
568 490 778 548 Πέρσαις,
823 491 963 532 ἓκεΐνοι
989 492 1049 548 τῷ
1079 488 1178 544 ξένῳ
1199 491 1272 544 τῆς
1291 489 1574 540 καθοπλίσεως
1592 489 1662 532 καὶ

149 564 243 620 δτῷ
270 558 396 617 ἀήθει
424 564 499 616 τῆς
527 563 667 618 φωνῆς
697 560 766 603 καὶ
793 563 852 618 τῷ
881 555 1076 616 ἀγνώστῳ
1106 561 1180 612 τῆς
1207 554 1495 615 παρατάξεως,
1543 557 1590 602 τὸ
1613 558 1658 601 δὲ

183 629 306 674 πλέον
331 630 400 673 καὶ
419 625 474 688 τῇ
498 628 675 689 ῥαγδαίᾳ
694 633 806 688 φορᾷ
826 629 894 671 καὶ
913 626 1022 686 ῥύμῃ
1045 631 1127 669 τῶν
1141 624 1362 683 “Ρωμαι’ων
1385 627 1662 685 καταπλαγέν-

183 716 252 751 τες
268 699 482 757 τρέπονται
501 697 607 741 κατὰ
625 696 776 755 κράτος
793 699 859 740 καὶ
881 698 1073 740 πίπτουσι
1091 697 1291 749 πανσυδί,
1339 694 1395 748 ὥς
1411 697 1516 753 μηδ’
1541 696 1662 754 ἄγγε-

186 772 259 812 λον
276 769 427 824 (τοῦτο
451 767 503 823 δὴ
525 767 572 811 τὸ
591 771 665 810 τοῦ
683 765 833 823 λόγου)
857 769 1171 823 περιλειφθῆναι
1199 769 1275 821 τῆς
1304 771 1545 825 συμφορᾶς,
1586 785 1660 810 πε-
1683 771 1713 806 Ρ
1734 773 1802 809 698

186 835 331 888 σόντος
358 837 429 880 καὶ
459 837 585 880 αὐτοῦ
612 834 796 894 Ἰνάργου
824 835 930 879 κατὰ
957 835 1032 890 τὴν
1061 833 1313 893 προσβολήν.
1379 838 1490 878 λειάν
1518 836 1562 880 δ’
1598 834 1661 880 ὅτι

131 916 178 954 10
187 905 342 962 πολλὴν
358 903 672 962 περιβαλόμενοι
693 907 761 948 καὶ
778 905 930 955 ἵππους
946 904 1119 960 συχνοὺς
1131 904 1272 948 οὐκέθ’
1288 902 1546 963 ὖποστρέψαι
1559 906 1664 964 πρὸς-

184 973 383 1033 Χοσρόην
400 973 593 1033 ἴγνωσαν,
623 974 730 1017 ἀλλά
747 978 824 1030 τῆς
841 975 903 1016 ε’πὶ
917 971 1153 1028 εΡωμαίους
1172 971 1350 1031 ἀγούσης
1367 972 1573 1031 ἁψάμενοι
1592 976 1670 1019 καὶ-

185 1042 366 1103 συντόνῳ
390 1043 645 1101 χρησάμενοι
675 1048 725 1102 τῇ
757 1041 969 1103 ὁδοιπορία
1002 1043 1157 1086 ἔλαθον
1177 1043 1416 1101 διαδράντες
1443 1046 1511 1088 καὶ
1536 1047 1592 1097 εἷς
1610 1044 1663 1088 τὰ

185 1113 364 1172 σφέτερα
394 1112 483 1169 ’ἤθη
511 1114 798 1164 διασωθέντες.
867 1114 1001 1170 ἕτερος
1033 1113 1076 1155 δὲ
1106 1111 1227 1170 λόγος
1255 1113 1335 1168 ἕχει
1363 1112 1420 1165 ὥς
1452 1115 1557 1171 μετὰ
1589 1114 1665 1170 τὴν

187 1181 293 1226 κατὰ
309 1184 488 1241 Περσῶν
516 1184 629 1238 νίκην
657 1179 957 1232 ἐπανελθόντας
987 1183 1150 1233 ἐδέξατο
1183 1182 1445 1241 φιλοφρόνως
1466 1184 1616 1236 αὐτοὺς
1642 1182 1665 1228 ὃ

132 1249 405 1309 15,Χοσρόης,
438 1253 506 1294 καὶ
536 1253 620 1295 ἐπεὶ
647 1252 742 1307 μετ’
770 1252 904 1308 ὀλίγον
923 1251 969 1295 τὸ
989 1255 1064 1307 τῆς
1083 1253 1188 1307 ζωῆς
1210 1252 1335 1295 αὐτὸν
1356 1252 1516 1311 ἔφθασε
1539 1253 1667 1306 τέλος,

187 1321 392 1377 ἐπέσκηψε
407 1325 467 1380 τῷ
485 1321 563 1380 υἱῷ
590 1323 659 1364 καὶ
679 1319 885 1379 ὁμωνύμῳ
908 1322 976 1363 καὶ
995 1321 1090 1376 μετ’
1113 1320 1238 1364 αὐτὸν
1252 1325 1419 1377 βασιλεῖ
1433 1325 1669 1379 συμμαχίαν

188 1392 333 1434 δοῦναι
353 1397 440 1442 τοῖς
455 1388 679 1446 “Ρωμαίοις
697 1392 765 1434 καὶ
787 1391 923 1434 οἶκαδε
942 1391 1117 1446 πέμψαι.
1185 1392 1253 1434 καὶ
1273 1390 1295 1434 ὃ
1312 1393 1388 1446 μὲν
1407 1393 1595 1450 Σκληρὸς
1613 1391 1672 1436 ἑνὶ

188 1464 271 1504 τῶν
298 1459 518 1518 εἰρημένων
546 1457 710 1518 τρόπων
734 1460 809 1515 τὴν
831 1457 1052 1514 Ῥωμαίων
1077 1460 1383 1516 καταλαμβάνει
1413 1466 1505 1518 γῆν,
1538 1460 1668 1520 εὖρών
1689 1466 1720 1502 Β

188 1527 364 1587 Βάρδαν
379 1528 452 1572 τὸν
466 1531 620 1573 Φωκᾶν
637 1527 695 1581 ὥς
709 1529 883 1584 βασιλέα
900 1527 1274 1587 ἀνευφημούμενον,
1294 1532 1361 1574 καὶ
1380 1530 1504 1583 αὐτὸς
1520 1530 1671 1587 ὁμοίως

131 1599 303 1658 zonae&
319 1602 401 1642 τῶν
417 1596 620 1643 συνόντων
635 1595 1007 1658 ἀνευφημούμενος.

330 1666 452 1711 Οὕτω
470 1669 515 1712 δὲ
530 1669 583 1711 τὰ
605 1666 827 1727 πράγματα
854 1666 1035 1726 εὑρηκὼς
1055 1669 1286 1724 διακείμενα
1311 1666 1513 1728 διάφορος
1532 1664 1582 1726 ἦν
1601 1673 1671 1714 καὶ

187 1737 370 1789 ποικίλος
393 1743 485 1789 ταῖς
510 1736 718 1795 γνώμαις·
766 1736 910 1781 ἑαυτὸν
930 1738 1004 1794 μὲν
1021 1737 1101 1796 γὰρ
1124 1738 1423 1783 ἀσθενέστατον
1443 1739 1592 1797 ἔκρινεν
1614 1744 1671 1792 εἷς

188 1805 236 1850 τὸ
259 1807 366 1850 καθ’
397 1804 544 1851 ἑαυτὸν
560 1805 696 1864 μόνον
725 1807 903 1863 συνέχειν
930 1809 998 1851 καὶ
1027 1809 1260 1867 διακρατεῖν
1287 1808 1362 1864 τὴν
1392 1809 1668 1853 ἀποστασίαν·

281 1927 306 1964 7
338 1926 503 1962 πασσυδὶ
534 1927 586 1973 C,
627 1925 836 1974 πανστρατὶ
866 1938 988 1974 margo
1174 1928 1220 1964 10
1249 1926 1557 1974 περιβαλλόμενοι
1588 1929 1669 1966 libri

283 1974 327 2011 11
351 1971 516 2019 ἔγνωσαν
538 1985 593 2010 om
616 1975 647 2010 C

190 2079 251 2113 cto
273 2076 403 2112 ablutis
425 2075 528 2112 novis
550 2077 711 2114 vestibus
728 2076 856 2124 induit,
882 2080 1104 2123 armatosque
1122 2079 1161 2112 ut
1178 2077 1349 2123 cuiusque
1369 2079 1526 2115 rationes
1548 2082 1674 2126 postu-

188 2123 322 2170 labant,
345 2123 550 2159 ductoribus
573 2124 712 2159 itineris
736 2124 893 2170 adscitis,
919 2124 1011 2159 hunc
1033 2124 1225 2159 exercitum
1247 2124 1285 2158 in
1303 2125 1434 2161 Persas
1455 2126 1566 2161 ducit.
1613 2127 1676 2162 ubi

191 2170 350 2206 adversis
373 2170 485 2216 signis
508 2182 627 2217 pugna
650 2171 741 2206 inita
764 2176 831 2217 est,
856 2171 1007 2206 Romani
1031 2182 1147 2205 acrem
1170 2170 1338 2216 impetum
1363 2172 1400 2206 in
1422 2172 1552 2208 Persas
1575 2173 1676 2209 dant.

193 2217 256 2261 qui
287 2222 324 2252 et
351 2217 472 2263 ignoto
503 2222 700 2252 armaturae
722 2229 854 2263 genere
878 2223 915 2252 et
938 2217 1078 2252 insueta
1100 2228 1189 2251 voce
1210 2229 1252 2251 ac
1276 2229 1346 2251 non
1369 2223 1451 2254 ante
1474 2220 1552 2254 visa
1578 2220 1678 2255 ordi-

192 2273 273 2297 num
304 2273 347 2297 ac
403 2274 518 2308 ugnae
551 2263 712 2308 ratione,
735 2264 940 2310 >praecipue
971 2275 1058 2298 vero
1091 2263 1261 2298 violentia
1295 2263 1456 2301 incursus
1478 2266 1678 2312 perterriti,

191 2308 265 2343 fusi
290 2314 329 2344 et
350 2275 401 2343 ad³
417 2319 522 2343 unum
545 2320 666 2344 omnes
687 2310 782 2344 caesi
805 2316 898 2355 sunt,
925 2321 970 2344 ne
994 2310 1117 2345 nuntio
1141 2309 1294 2356 quidem,
1328 2315 1368 2346 ut
1387 2316 1443 2346 est
1465 2312 1503 2346 in
1525 2324 1677 2359 prover-

188 2355 273 2400 bio,
310 2355 420 2390 cladis
444 2354 583 2390 relicto.
629 2355 708 2401 ipse
733 2355 836 2390 etiarn
863 2357 1012 2402 Inargus
1035 2357 1072 2390 in
1096 2357 1210 2402 prima
1234 2356 1312 2391 acie
1336 2357 1478 2393 cecidit.
1527 2359 1677 2394 Romani

191 2401 371 2447 ingentem
406 2402 572 2448 praedam
606 2405 644 2436 et
675 2402 843 2448 plurimos
874 2414 984 2448 equos
1020 2403 1139 2449 adepti
1173 2414 1391 2449 nequaquam
1426 2406 1471 2440 ad
1493 2405 1679 2441 Chosroen

193 2447 441 2484 revertendum
460 2446 534 2482 sibi
562 2449 756 2493 duxerunt,
791 2448 854 2484 sed
878 2449 970 2484 viam
994 2460 1086 2494 quae
1108 2449 1145 2483 in
1166 2450 1357 2484 Romanam
1381 2450 1479 2486 ducit
1502 2452 1678 2487 dicionem

194 2494 348 2540 ingressi
370 2493 505 2539 magnis
527 2494 716 2529 itineribus
740 2495 826 2530 clam
851 2495 1038 2530 Saracenis
1062 2496 1281 2541 effugerunt,
1314 2497 1423 2543 inque
1448 2510 1524 2533 eam
1547 2511 1679 2545 perve-

195 2546 335 2576 nerunt.
370 2540 462 2575 alius
484 2541 600 2576 fertur
621 2552 751 2586 sermo,
777 2542 955 2577 Romanos
979 2542 1084 2577 victis
1107 2542 1230 2577 Persis
1253 2543 1299 2578 ad
1321 2543 1506 2580 Chosroen
1527 2545 1681 2580 rediisse

195 2592 233 2622 et
256 2587 453 2622 humaniter
474 2587 586 2622 fuisse
607 2593 789 2634 exceptos.
840 2601 917 2623 eum
942 2588 1045 2634 paulo
1071 2593 1151 2634 post
1174 2588 1251 2623 vita
1274 2591 1500 2626 excedentem
1525 2591 1677 2626 Chosroi

196 2633 269 2668 filio
294 2639 331 2668 et
357 2633 554 2669 successori
576 2645 640 2669 suo
666 2635 851 2670 mandasse
877 2642 916 2670 ut
938 2636 1113 2670 Romanos
1145 2634 1303 2671 adhibito
1338 2637 1518 2682 praesidio
1549 2638 1587 2673 in
1610 2650 1677 2684 pa-

195 2679 297 2715 triam
318 2680 482 2715 deducat.
531 2680 610 2715 sive
632 2680 699 2715 hoc
722 2681 800 2716 sive
823 2681 883 2716 illo
909 2683 1032 2726 modo,
1057 2682 1093 2716 in
1118 2682 1295 2717 Romanos
1318 2683 1457 2728 quidem
1481 2685 1569 2720 fines
1593 2697 1678 2731 per-

197 2727 298 2762 venit.
319 2727 451 2762 Durus.
481 2737 630 2772 cumque
649 2727 798 2762 Bardam
822 2728 974 2763 Phocam
1000 2740 1080 2763 esse
1106 2727 1354 2774 imperatorem
1377 2730 1597 2777 designamm
1620 2731 1678 2766 in-

196 2772 348 2816 veniret,
371 2772 450 2819 ipse
473 2783 613 2819 quoque
636 2785 659 2808 a
681 2774 754 2808 suis
780 2779 835 2809 est
857 2775 1030 2810 salutatus
1055 2775 1262 2821 imperator.

289 2818 378 2854 Cum
412 2825 527 2854 autem
558 2821 596 2854 in
624 2821 715 2854 hunc
739 2832 854 2856 rerum
878 2827 1006 2857 statum
1030 2821 1230 2867 incidisset,
1268 2821 1307 2857 in
1342 2821 1461 2859 varias
1495 2823 1677 2859 admodum

198 2870 319 2913 partes
341 2866 490 2902 animum
515 2866 792 2913 cogitationibus
815 2868 996 2905 distraxit.
1044 2877 1122 2904 nam
1155 2880 1196 2905 se
1221 2869 1362 2917 quidem
1383 2870 1493 2907 solum
1515 2871 1562 2906 ad
1583 2871 1677 2906 obti-
