1916 3210
12 1305 28 1326 ε,

4 1325 27 1337 ’),

14 1403 19 1413 0

15 1480 19 1487 ,

14 1555 37 1598 ἔθ’

733 159 1101 205 GLOSSARIUM.
1545 158 1645 206 907

297 272 514 324 Καῖσαρ.
570 270 720 320 Caesar,
747 269 959 324 designatus
975 270 1142 324 imperio,
1169 269 1309 323 imperii
1327 283 1525 312 successor.
1570 271 1648 310 Eu-

186 328 328 382 tropius
348 328 463 371 1.1o:
492 327 679 366 Caesares
697 328 797 366 duos
811 329 978 375 creavit,
998 333 1038 368 et
1053 340 1155 367 mox:
1179 335 1332 366 creatus
1349 335 1404 366 est
1422 329 1645 379 imperator.

186 390 225 426 et
246 387 273 425 1.
292 386 398 426 coda
430 384 538 423 solus
560 385 604 423 in
625 385 789 436 imperio
807 386 992 423 Romano
1013 398 1054 422 eo
1073 391 1243 435 tempore
1268 385 1520 423 Constantius
1534 386 1651 437 prin—

186 455 278 494 ceps
312 449 351 480 et
381 440 598 510 Augustus
615 441 729 493 suit:
785 443 1010 511 procedente
1037 454 1124 480 vero
1150 446 1318 495 tempore
1347 443 1558 481 differentia
1583 443 1652 481 suit

184 499 282 538 inter
309 493 527 552 δεσπότην,
567 495 908 555 σεβαστοκρᾶιορα
937 503 978 538 et
1001 497 1202 553 Καίσαρα.
1270 500 1355 538 vide
1386 499 1571 539 Codinum
1603 499 1652 538 de

185 555 328 596 officiis.

298 606 548 653 καλάνδαι
575 611 765 652 calendae.
808 611 988 663 interpres
1007 611 1128 650 Canu.
1148 610 1234 652 eccl.
1254 608 1348 649 Afr..
1379 612 1432 666 τῇ
1449 627 1526 666 προ
1549 606 1654 653 ὄκτω

185 669 397 711 καλανδῶν
415 663 608 719 Ἰουνίων,
636 675 774 707 octavo
794 668 983 706 calendas
1000 652 1653 709 Iunia0.G10ssae1u'ris:xaaoiv-

186 726 255 766 ὄαι
273 725 319 765 αἱ
333 727 492 778 πρῶται
509 722 595 773 ἑνὸς
618 721 786 766 ἑκάστου
806 722 933 778 μηνός
951 719 1108 780 ημέραι.
1155 724 1313 764 Glossae
1333 725 1479 775 Cyrilli·
1505 722 1652 767 καλάν-

187 782 253 823 δαι
273 781 460 822 calendae.
516 794 552 822 v.
571 782 833 821 Plutarchum
823 795 860 821 m
879 782 1012 823 Galba.

297 839 537 892 παλίγιον
566 839 720 882 calceus.
776 838 918 892 καλίγα
944 839 1155 878 Modestino
1182 838 1209 877 l.
1233 839 1285 880 10
1315 838 1363 877 de
1392 841 1552 880 excusat.
1581 841 1651 878 tut.

187 895 321 935 Grae-ci
347 895 396 935 ad
423 897 449 936 1.
475 897 503 936 2
528 895 584 945 D,
612 896 676 946 qui
700 899 778 934 not.
806 896 892 935 inst:
921 895 1061 949 καλίγα
1085 891 1160 949 γάρ
1179 894 1284 936 ἐστιν
1302 889 1509 947 υπόδημα.
1564 895 1651 935 hinc

185 947 418 1019 καλιγᾶριος
447 957 562 992 sutor.
619 952 776 991 Glossae
804 952 916 991 Basil.
944 953 1003 990 tit.
1031 952 1080 990 ad
1109 953 1181 1002 leg.
1210 951 1334 1003 Aquil.
1362 951 1386 990 1.
1416 953 1460 994 5:
1489 947 1650 1006 καλιγοίν-

186 1004 276 1062 ριός
298 1023 372 1054 τις.
427 1008 535 1048 lulius
569 1008 746 1048 Firmicus
781 1009 939 1048 Mathes.
964 1011 991 1050 3
1023 1022 1054 1047 c.
1087 1009 1158 1048 12:
1187 1009 1381 1046 coriorum
1413 1009 1649 1073 confictores·

185 1078 256 1104 seu
271 1063 486 1130 caligarii-
561 1069 601 1105 et
626 1066 654 1107 1.
682 1063 709 1106 4
742 1079 776 1105 c.
805 1068 851 1108 7:
881 1064 1014 1117 saciet
1033 1064 1255 1116 pellarios,
1295 1066 1482 1103 coriarios
1491 1093 1508 1112 ,
1546 1065 1649 1103 cali-

213 1122 334 1161 arios.

180 1135 216 1174 g
295 1178 648 1232 καλλίγραφος
675 1177 937 1230 calligraphus,
965 1176 1160 1217 Anastasio
1187 1177 1394 1218 bibliothec.
1421 1179 1458 1216 in
1485 1178 1651 1218 Historia

186 1234 316 1275 eccles.
355 1248 389 1275 v.
405 1242 515 1274 notas
532 1236 767 1301 posteriores.
808 1241 933 1274 auctor
950 1237 1110 1274 incertus
1119 1236 1228 1303 apud
1248 1236 1420 1274 Suidam:
1448 1233 1516 1276 καὶ
1536 1250 1651 1289 ταχυ-

184 1287 370 1347 γρᾶφους
388 1288 498 1346 αυτῷ
513 1286 771 1358 παραστήσας
790 1289 912 1341 ἕπτοὶ,
943 1287 1237 1345 καλλιγραφους
1256 1292 1429 1339 πλείους.

298 1334 651 1415 καμελαύκιον
679 1350 810 1418 capitis
833 1349 1137 1399 integumentum,
1167 1349 1331 1399 galerus,
1359 1349 1491 1401 pileus.
1546 1348 1653 1388 Hero

185 1405 223 1444 in
241 1403 452 1458 Excerptis:
474 1401 743 1457 καμελανκιον
756 1400 996 1474 ’Λρκαδικόν
1014 1402 1364 1458 περιβαλλόμενος.
1402 1405 1651 1456 Theophanes

185 1462 226 1500 in
248 1461 470 1502 Iustiniano:
504 1460 573 1502 καὶ
599 1460 647 1503 voi
675 1458 813 1532 ἱμάτια
841 1458 966 1503 αὐτοῦ
996 1459 1072 1502 συν
1101 1464 1155 1518 τῷ
1182 1462 1352 1517 διαλίθῳ
1378 1462 1651 1516 καμηλαυκίῳ.

185 1517 267 1558 Leo
288 1518 399 1559 Taet.
420 1521 529 1561 c.19
554 1517 580 1572 §
601 1518 678 1562 42:
705 1512 761 1571 ἦν
784 1515 827 1558 δὲ
846 1515 891 1559 τὸ
910 1514 1122 1571 λεγόμενον
1141 1515 1408 1571 καμελαυκιον
1428 1517 1493 1559 ἐπὶ
1512 1534 1653 1559 κονταε

186 1574 278 1641 ρίου
310 1571 560 1643 ὖψούμενον.
616 1576 811 1615 Constant.
840 1576 888 1614 de
914 1577 1050 1615 admin.
1082 1577 1192 1626 imp.-
1231 1591 1280 1615 τα
1317 1574 1514 1627 στέμματα
1548 1571 1652 1627 ἅπερ

185 1625 303 1684 νμεΐς
328 1628 576 1685 ampsanctinae:
602 1631 742 1684 λέγετε.
798 1631 941 1670 lexicon
962 1631 1142 1684 Stephani
1173 1633 1274 1698 quod
1303 1633 1388 1670 citat
1410 1633 1550 1670 Fronto
1573 1632 1653 1670 Du-

185 1701 294 1727 cacus
310 1689 361 1727 ad
377 1693 468 1729 tom.
485 1691 512 1732 6
536 1689 572 1728 b.
590 1689 862 1757 Chrysostomi:
889 1689 1064 1740 κίδαρις,
1093 1683 1381 1740 κορυβαντιον,
1409 1691 1526 1737 πῖλος
1544 1687 1652 1729 ἐστὶν

188 1741 294 1792 εἶδος
319 1745 609 1797 καμελαυκίου,
649 1741 674 1786 ὃ
701 1743 767 1785 καὶ
797 1740 915 1799 τιάρα
944 1749 1104 1786 νοεῖται.
1161 1745 1303 1784 Latinis
1330 1745 1557 1784 camelaucus
1586 1749 1651 1783 ant:

185 1801 413 1840 calamaucus
434 1806 500 1841 aut
521 1801 781 1841 camilaucium.
836 1802 1052 1841 Anastasius
1079 1803 1119 1840 in
1144 1802 1374 1842 Hist.ecc1.:
1419 1802 1515 1839 mito
1548 1801 1650 1839 bello

185 1870 279 1895 cum
302 1857 433 1896 Totila
448 1871 540 1910 rege
562 1858 782 1896 Gothorum
793 1860 1063 1908 potentissimo
1077 1860 1280 1909 superavit
1295 1865 1330 1895 et
1346 1860 1448 1910 cepit
1462 1859 1652 1907 Romam,

184 1920 224 1952 et
253 1915 399 1952 occidit
435 1914 625 1961 Totilam,
654 1921 691 1951 et
711 1916 940 1952 vestimenta
964 1917 1047 1952 eius
1068 1922 1274 1953 ementata
1301 1930 1392 1952 cum
1414 1915 1652 1953 camilaucio

186 1967 270 2024 (sic
289 1967 386 2027 ms.)
415 1970 621 2023 lapidibus
636 1972 818 2022 pretiosis
838 1979 975 2009 ornato
1001 1973 1108 2009 misit
1133 1971 1301 2023 Cpolim.
1362 1973 1512 2010 historia
1542 1973 1649 2010 Misc.

107 2045 122 2054 ²
184 2027 264 2068 22.
254 2041 264 2051 ·
287 2035 324 2065 et
332 2030 539 2080 praecepit
555 2027 775 2066 Habdalas
790 2029 884 2066 radi
900 2027 1044 2066 barbas
1062 2041 1212 2074 eorum,
1236 2036 1272 2065 et
1278 2028 1323 2077 s
1322 2029 1380 2064 eri
1396 2027 1652 2066 calamaucos

188 2083 315 2122 cubiti
341 2086 462 2123 unius
488 2093 526 2123 et
547 2086 676 2123 semis.
738 2086 774 2123 in
807 2085 907 2123 libris
939 2099 1047 2124 manu
1077 2086 1231 2124 exaratis
1261 2085 1398 2135 legitur
1424 2085 1652 2122 amelaucos

187 2142 247 2181 vel
262 2141 523 2183 camelaucos.
552 2143 711 2181 Glossae
728 2142 875 2180 Isidori.
899 2141 1060 2194 galeros
1078 2141 1342 2179 calamaucos.
1371 2142 1476 2180 item:
1494 2142 1651 2192 pileum

188 2197 483 2242 calamaucum
537 2199 718 2250 Iosephus
736 2193 909 2251 ἆρχαιολ.
931 2201 956 2240 3
987 2200 1033 2239 8:
1061 2196 1163 2251 ὑπὲρ
1185 2196 1227 2238 δὲ
1247 2202 1318 2250 τῆς
1337 2201 1515 2249 κεφαλῆς
1533 2201 1657 2251 φορεῖ

186 2257 308 2296 πῖλον
336 2269 515 2296 ακωνον.
579 2255 752 2294 Ruffinus
786 2254 1010 2305 Aquileiens.
1043 2257 1171 2294 vertit.
1208 2269 1327 2306 super
1361 2262 1485 2305 caput
1520 2263 1655 2293 autem

184 2318 318 2363 gestat
356 2312 512 2364 pileum
549 2312 593 2349 in
632 2311 793 2349 modum
819 2326 924 2362 part
918 2311 988 2349 uli
1014 2312 1214 2350 calamaci
1239 2319 1313 2350 aut
1341 2312 1516 2352 cassidis.
1574 2312 1657 2362 lege

188 2368 434 2416 calamauci,
470 2372 513 2407 ut
542 2368 644 2420 apud
671 2369 834 2414 Bedam,
863 2370 926 2419 qui
953 2370 1082 2408 eadem
1104 2371 1180 2408 sere
1201 2370 1314 2408 verba
1335 2373 1497 2420 usurpat.
1554 2368 1656 2407 Ana-

187 2426 322 2464 stasius
354 2427 402 2465 de
431 2426 514 2464 vitis
543 2425 714 2463 Pontific.
745 2425 781 2463 in
808 2425 1070 2463 Constantino:
1099 2426 1338 2476 apostolicus
1353 2425 1538 2477 pontifex
1563 2438 1655 2462 cum

188 2480 477 2534 oaumelaugo,
520 2488 567 2519 ut
591 2481 730 2518 solitus
756 2488 812 2518 est
837 2482 991 2519 Romae
1014 2483 1238 2533 procedere.
1307 2483 1505 2533 legendum
1537 2482 1654 2519 cala-

187 2550 344 2590 ηιαιιεο,
370 2539 428 2578 vel
445 2539 544 2589 quod
563 2539 680 2588 magis
696 2537 829 2589 placet,
860 2538 1099 2577 camelauco.
1158 2540 1383 2578 Glossarium
1401 2552 1490 2577 ms.:
1521 2552 1653 2576 came-

187 2594 349 2642 laucus,
377 2596 648 2633 vestimentum
665 2607 816 2644 papae.
877 2601 914 2635 et
937 2597 1089 2635 totidem
1113 2598 1234 2635 verbis
1257 2596 1404 2648 Papias.
1462 2599 1577 2647 atque
1599 2597 1652 2635 ita

185 2650 444 2691 Bonaventura
461 2652 658 2690 Vulcanius
677 2651 826 2701 legebat
845 2653 882 2690 in
906 2653 1035 2691 Isidori
1056 2653 1212 2692 Glossis.

300 2708 520 2761 καμισία
547 2707 714 2757 camisia,
742 2709 919 2757 interula,
947 2709 1133 2749 subucula.
1176 2710 1302 2749 Victor
1319 2709 1521 2753 Uticensis.
1562 2722 1650 2760 per-

188 2768 304 2804 secut.
326 2763 470 2804 Africae
487 2765 513 2802 l.
532 2765 575 2804 1:
621 2763 670 2802 de
685 2764 828 2815 palliis
845 2765 1004 2811 altaris,
1027 2766 1134 2816 proh.
1152 2767 1267 2819 nefas
1269 2795 1285 2813 ,
1315 2766 1500 2803 camisias
1516 2764 1594 2802 sibi
1611 2772 1650 2802 ec

177 2821 399 2872 femoralia
417 2819 646 2873 faciebant.
704 2821 916 2862 Anastasius
941 2822 1105 2863 biblioth.
1125 2825 1163 2863 in
1180 2824 1266 2863 hist.
1286 2823 1435 2864 eccles:
1471 2821 1649 2861 Chalbu-
