1916 3210
692 176 1141 220 ANNOTATIONES.
1558 177 1658 224 877

298 292 328 328 t.
351 287 386 327 ll
418 300 459 340 p.
488 287 572 330 512
606 299 641 327 v.
670 288 708 328 1.
765 283 938 341 κᾶστρα]
970 288 1150 354 interpres
1181 301 1306 325 arces.
1366 287 1488 338 aptius
1523 288 1656 327 urbes.-

186 345 296 389 utbes
330 346 429 385 enim
464 348 593 384 auctor
624 345 916 395 frequentissime
949 348 1055 383 vocat
1085 355 1251 399 καστρα.
1306 345 1360 385 sic
1393 345 1659 397 Beneventum,

181 402 376 456 wCapuam
402 401 584 440 Barium
573 414 614 440 ιιι
633 403 894 453 superioribus.
952 402 1087 443 Gom.

297 468 352 508 ib.
375 483 411 508 v.
428 470 497 510 11.
552 468 838 521 Aspracania]
869 470 922 508 sic
951 482 1063 522 supra
1090 470 1296 522 aliquoties.
1354 483 1439 509 nam
1465 470 1524 509 hic
1550 473 1659 512 Βοια-

184 527 416 580 σπρακανία
439 525 595 576 legitur,
622 527 915 579 Baaspracania‚
946 528 1125 567 mendose
1145 528 1312 566 nimirum
1333 527 1499 567 alterum.
1558 534 1660 569 certe

184 585 224 624 in
248 582 496 634 Monomacho
523 586 562 622 et
585 584 687 635 apud
711 588 877 622 nostrum
904 584 1139 636 Baspracan,
1167 588 1205 623 et
1225 585 1325 636 apud
1343 585 1526 622 Zonaram
1549 599 1571 624 a
1589 599 1660 636 ge-

183 642 325 681 minato
351 640 590 692 Baaspracan
618 640 746 679 Media
772 641 1000 690 nominatur3
1029 644 1070 680 et
1090 642 1144 680 sic
1164 641 1274 680 etiam
1298 642 1335 679 in
1358 642 1530 680 Cedreno
1550 644 1661 682 ‹lein-

185 711 274 751 ceps
296 697 452 748 legitur,
487 708 533 735 ac
555 697 838 749 Baaspracania.
896 697 1216 751 orphanotrophus
1240 702 1298 737 est
1324 698 1480 738 Ioannes
1499 699 1660 751 impera-

184 755 276 794 toris
290 755 429 804 frater,
457 753 512 792 sic
528 757 567 793 et
584 767 696 807 supra
712 754 928 807 appellatus.
985 755 1091 797 XYt..

297 825 324 861 t.
342 821 377 860 Π
403 834 442 874 Ρ.
461 821 544 863 616
563 835 596 861 v.
613 824 652 864 6.
710 818 932 875 μανδυλιον
950 822 1061 873 vulgo
1081 822 1304 872 sudarium,
1329 822 1506 860 mantile.
1542 819 1661 876 ἅγιον

184 878 394 934 ἐκμαγεῖον
423 879 570 918 vocavit
596 892 715 931 nuper
742 883 872 919 auctor
897 894 935 932 p.
964 880 1061 923 735.
1119 880 1284 920 Lexicon
1311 892 1534 932 anonymum
1568 881 1659 923 bibl.

181 936 281 989 Reg.
304 932 526 989 μανδύλιον
544 932 837 991 χειρόμακτρον.
894 937 1032 976 GoAn.

296 1002 396 1041 ibid.
472 1001 497 1044 ό
531 1001 653 1058 μέγας
689 1001 942 1056 ὃομέστικος]
988 1004 1106 1056 primo
1143 1004 1204 1043 hic
1239 1003 1278 1043 in
1315 1006 1467 1044 auctore
1505 1005 1656 1054 legitur,

183 1061 253 1101 sub
278 1074 353 1113 quo
383 1059 590 1100 militabant
617 1064 657 1100 et
688 1061 751 1100 alii
778 1062 860 1102 ταῖν
888 1057 1162 1111 ανατολικῶν,
1193 1063 1275 1102 τῶν
1295 1061 1469 1103 δυτικῶν
1488 1060 1556 1102 καὶ
1577 1063 1657 1102 τῶν

183 1116 435 1176 Θρακησίων.
492 1118 630 1157 Gom.

293 1184 351 1224 ib.
373 1199 409 1226 v
429 1187 470 1227 7.
527 1180 763 1238 ἐπιστολήν]
795 1181 1047 1240 ἰδιόγραφον.
1076 1175 1206 1226 auctor
1226 1187 1316 1226 ibid.
1375 1188 1514 1230 Gom.

294 1254 351 1293 ib.
374 1268 411 1294 v.
431 1255 498 1295 10.
555 1249 693 1305 λιτήν]
722 1254 913 1305 Xylander
933 1255 1118 1295 haeretice
1137 1259 1176 1295 et
1195 1255 1369 1306 ambigue
1392 1256 1654 1307 suppliciam:

181 1312 292 1366 plane
308 1316 350 1352 et
366 1310 545 1351 catholice
557 1311 861 1362 processionem.
923 1313 1060 1352 GOAR.

293 1373 322 1408 t.
349 1370 384 1408 ll
410 1381 452 1420 p.
479 1368 562 1411 521
596 1381 631 1406 v.
659 1371 701 1410 7.
759 1367 837 1419 47]
869 1373 999 1408 contra
1026 1370 1139 1408 fidem
1167 1369 1304 1408 Graeci
1340 1369 1560 1422 exemplaris
1588 1370 1658 1417 (id

181 1425 281 1466 enim
299 1423 356 1467 40
375 1425 488 1464 habet
507 1425 729 1477 perspicue)
757 1426 810 1464 sic
834 1427 979 1478 scripsi,
1007 1428 1138 1465 seriem
1158 1439 1338 1465 annorum
1354 1431 1466 1479 atque
1483 1428 1580 1466 adeo
1601 1428 1658 1467 in-

181 1482 386 1522 dictionum
409 1487 578 1530 secutus,
605 1486 648 1520 ut
666 1482 781 1521 lector
803 1483 910 1522 facile
933 1484 1214 1523 animadvertet.
1272 1484 1377 1523 ΧΠ..

294 1538 351 1577 ib.
371 1552 408 1582 v.
429 1536 494 1580 14.
551 1539 641 1590 quid
665 1539 714 1577 sit
733 1534 919 1592 ἄερικόν,
948 1542 1050 1591 quod
1066 1540 1265 1589 aerarium,
1295 1541 1447 1579 verbum
1464 1540 1512 1578 de
1528 1540 1659 1589 verbo,

180 1597 364 1650 expressi,
390 1608 466 1635 non
489 1608 686 1646 assequor,
716 1600 755 1634 et
778 1597 869 1647 quid
887 1598 1064 1648 ponderis
1086 1601 1151 1636 aut
1174 1598 1401 1636 nomismatis
1419 1597 1491 1635 hoc
1509 1597 1658 1648 signum

179 1654 210 1695 2
235 1655 403 1694 denotet.
458 1653 562 1692 ΧΉ..

293 1709 350 1748 ib.
373 1723 408 1749 v.
427 1710 494 1751 20.
553 1706 807 1760 baptizabat]
837 1721 934 1760 non,
963 1713 1077 1761 puto,
1106 1709 1348 1761 baptizabat,
1377 1710 1444 1749 sed
1473 1709 1522 1749 de
1550 1723 1657 1749 sacro

179 1767 288 1810 fonte
310 1767 554 1818 suscipiebat,
583 1766 686 1817 quod
711 1767 862 1818 pietatis
889 1779 964 1805 non
991 1771 1218 1819 postremum
1238 1779 1332 1818 opus
1353 1767 1560 1816 iudicabat,
1589 1781 1657 1807 eo·-

180 1837 256 1875 que
277 1836 319 1863 se
335 1835 359 1862 a
376 1823 448 1862 deo
466 1824 663 1861 sanitatem
681 1824 970 1874 redempturum.
1028 1824 1069 1862 id
1093 1824 1212 1862 obiter
1240 1825 1445 1862 notandum
1477 1825 1586 1874 duxi,
1613 1825 1655 1864 in

179 1880 252 1922 hoc
269 1884 308 1920 et
323 1880 492 1931 sequenti
511 1879 621 1919 valde
641 1878 757 1918 multa
775 1893 858 1918 esse
877 1892 954 1918 non
972 1881 1060 1918 satis
1080 1881 1348 1919 consentientia
1367 1881 1467 1933 apud
1487 1885 1654 1922 nostrum

178 1941 220 1978 et
247 1937 447 1977 Zonaram.
503 1937 571 1976 sed
601 1936 688 1986 quia
718 1939 874 1986 uterque
897 1936 972 1975 iam
996 1937 1035 1975 in
1059 1938 1227 1975 manibus
1254 1937 1324 1976 erit
1347 1937 1554 1986 hominum,
1584 1951 1653 1977 no-

178 1998 292 2036 strum
309 2007 386 2034 non
401 1997 458 2032 est
473 2006 519 2034 ea
535 1994 574 2032 in
590 1993 657 2032 has
678 1991 821 2031 chartas
840 1993 1024 2043 ingerere.
1079 1994 1187 2033 XYn.

290 2054 319 2090 t.
338 2051 374 2090 11
400 2064 438 2103 p.
460 2051 541 2093 527
561 2063 596 2091 v.
617 2049 683 2090 10.
740 2052 794 2106 τῷ
811 2044 964 2105 κρᾶλῃ]
997 2050 1192 2102 Xylander
1210 2048 1375 2096 dicioni,
1404 2050 1525 2089 verius
1545 2051 1652 2102 regi:

179 2109 295 2155 crales
313 2107 510 2158 Bulgarica
527 2107 654 2158 lingua
673 2120 756 2144 rex.
817 2107 956 2145 GOAR.

286 2167 315 2204 t.
331 2164 368 2204 11
394 2178 434 2218 Ρ.
453 2165 538 2209 528
559 2178 595 2206 v.
615 2166 654 2207 6.
702 2161 880 2218 ἅρματα]
909 2163 1123 2219 armaviam
1150 2162 1357 2214 significat,
1387 2175 1462 2202 non
1489 2174 1653 2203 currus:

179 2221 321 2264 Gom.

291 2283 319 2318 t.
335 2278 371 2317 Π
397 2292 436 2331 Ρ.
454 2277 536 2320 529
560 2291 594 2317 v,
614 2277 683 2321 25.
739 2272 1011 2329 κουτζομύτης
1037 2277 1174 2314 simas.
1237 2275 1372 2315 GOAn.

229 2357 232 2359 ·
289 2338 320 2375 t.
336 2335 372 2374 Π
398 2349 437 2388 Ρ.
455 2334 538 2377 535
558 2349 593 2374 v.
611 2333 677 2376 15.
734 2332 1040 2388 νωβελίσσιμον]
1072 2338 1146 2373 tres
1163 2332 1400 2372 Constantini
1417 2333 1540 2384 magni
1559 2336 1652 2373 tem-

177 2404 270 2445 pore
299 2392 396 2432 tituli
423 2393 528 2431 fuere
556 2392 768 2444 praecipui,
806 2390 984 2442 Augusti,
1020 2392 1213 2439 Caesaris,
1241 2389 1468 2430 nobilissimi.
1525 2389 1653 2441 Augu-

178 2454 258 2488 stus
288 2449 510 2501 imperator,
541 2450 681 2488 Caesar
707 2448 850 2500 imperii
877 2460 1085 2497 successor,
1115 2447 1363 2486 nobilissimus
1385 2447 1560 2486 Caesarei
1581 2461 1653 2486 no-

177 2506 284 2548 minis
309 2507 535 2557 quandoque
566 2506 735 2558 potiundi
762 2519 830 2558 spe
855 2506 1067 2552 fovebatur3
1099 2505 1198 2544 unde
1223 2504 1371 2543 nonnisi
1402 2503 1516 2542 ultimi
1537 2504 1652 2556 impp.

178 2563 242 2601 filii
269 2563 328 2602 vel
355 2562 488 2602 affines
520 2563 708 2627 praecipui
734 2575 780 2602 eo
814 2563 921 2601 titulo
950 2563 1122 2613 leguntur
1148 2562 1300 2613 imperio
1331 2563 1487 2600 florente
1517 2563 1652 2603 ornati.

175 2619 282 2672 plura
303 2620 353 2659 de
371 2620 596 2659 nobilissimo
618 2619 686 2658 Γ
658 2632 812 2658 rivorius
829 2621 983 2659 Observ.
1003 2619 1111 2671 Apol.
1131 2633 1166 2658 c.
1190 2619 1251 2659 10.
1310 2619 1448 2660 ΟΟΑΒ.

289 2679 318 2715 t.
343 2676 380 2714 II
418 2690 456 2728 p.
483 2676 565 2719 536
598 2690 633 2715 v.
662 2679 730 2718 21.
788 2671 999 2729 ἆναφορά]
1039 2676 1157 2713 r‘elat
1142 2689 1270 2713 ionem
1303 2676 1424 2714 reddit
1456 2675 1650 2727 interpres,

177 2732 264 2782 quia
295 2732 462 2783 dirigitur
491 2735 540 2772 ad
567 2733 753 2786 populum.
812 2734 974 2773 dicerem
1003 2746 1150 2785 quoque
1175 2733 1391 2778 decretam,
1419 2732 1499 2771 ab
1490 2744 1647 2783 impera-

176 2792 259 2829 tore
291 2790 443 2829 editum.
498 2792 621 2842 aptius
651 2791 817 2830 redditur
844 2789 943 2829 liber
971 2790 1111 2843 apolo0
1096 2791 1242 2830 creticus
1273 2794 1312 2831 ct
1332 2789 1448 2842 fizeti
1469 2787 1646 2841 probata

31 2831 33 2834 ¹
92 2883 101 2887 μ
174 2844 363 2897 defensio.
425 2847 565 2889 GOAR.
