1916 3210
699 205 1148 251 ANNOTATIONES.
1559 207 1588 254 8
1595 208 1621 254 8
1628 210 1656 253 5

186 313 370 355 Matthaei
389 315 492 354 Paris
510 313 713 367 Anglorum
731 315 898 356 historici
926 316 1041 356 lexico
1067 318 1216 356 edoceo.
1275 316 1561 371 baranagizcm,
1589 320 1654 358 ait‘

184 373 263 412 sive
287 370 555 425 homagium,
584 374 686 424 quod
709 377 748 413 et
771 372 950 425 bamnag
926 375 1060 420 «rium,
1088 387 1282 426 procerum
1299 377 1405 425 regni
1425 381 1575 416 senatus
1593 381 1652 416 est

186 431 226 468 et
243 433 394 477 coetus,
422 429 534 480 vulgo
549 429 868 479 parlamentum,
906 443 930 469 a
952 431 1053 470 cuius
1077 430 1266 470 nobilitate
1287 432 1513 483 stipendiarii
1534 434 1651 473 Grae-

185 497 308 524 corum
334 485 464 536 Angli,
509 498 642 525 vanam
681 486 868 525 titulorum
908 487 1097 526 libidinem
1126 488 1350 527 Graecanico
1377 501 1482 529 more
1511 491 1651 538 sectati,

184 553 319 581 nomen
336 543 405 580 sibi
426 538 673 595 Βαράγγων·
663 556 702 581 ιιι
721 543 833 581 Curia
852 543 916 582 ΟΡ
934 545 1116 583 finxerunt
1135 548 1174 582 et
1191 545 1428 595 adaptarunt.
1457 547 1651 598 Barangos

183 611 296 650 porro
315 599 445 638 fuisse
447 598 593 649 Anglos
614 611 689 637 non
711 600 915 638 dissimulat
935 601 1123 649 Codinus,
1167 602 1230 651 qui
1253 603 1365 640 etiam
1387 615 1451 642 eos
1471 599 1649 658 Ἰγγλινι-

184 654 248 695 στί
267 654 462 704 loquentes
478 656 628 694 inducit.
683 656 769 694 vide
784 669 823 708 p.
843 656 928 696 723
945 657 989 694 B.
1047 657 1188 696 GoAn.

295 709 351 748 ib.
383 725 416 750 v.
449 712 514 752 16
573 711 840 763 σταυροειδως
867 714 1201 766 σχηματισθεῖσα]
1237 714 1513 754 conformatur
1503 729 1541 754 m
1564 729 1648 755 cru-

182 779 261 807 cem
279 768 464 820 pontificis
481 769 540 808 vel
557 769 757 808 sacerdotis
775 781 927 818 manuS,
966 783 1045 809 cum
1062 770 1193 823 pollice
1214 771 1358 810 medico
1381 773 1498 822 digito
1519 785 1648 824 super-

180 824 306 876 posito
327 837 374 864 ex
395 829 552 876 utroque
578 839 664 864 cmx
688 827 940 878 componitur·
976 827 1106 877 reliqui
1135 840 1247 879 porro
1275 828 1380 878 digiti
1407 833 1556 868 manent
1583 842 1648 868 ex-

180 879 299 930 tensi,
336 882 535 932 cunctique
562 882 667 920 simul
698 895 826 921 vocum
851 882 980 922 harum
1007 879 1162 934 Ἰησοῦς
1194 881 1366 936 Χριστος
1396 887 1492 941 νικᾷ
1522 885 1646 924 literas

179 937 433 990 primordiales
457 939 737 986 demonstrant,
788 939 997 978 auricularis
1023 940 1191 980 videlicet
1217 944 1337 979 rectus
1362 937 1463 990 τὸΙ,
1503 942 1645 981 medius

179 997 220 1032 et
238 993 393 1045 pollex
382 1006 421 1032 ιιι
449 1008 592 1034 crucem
614 995 687 1034 acti
708 991 753 1035 τό
772 996 830 1040 Χ,
868 997 1010 1035 medius
1032 1000 1072 1036 et
1097 997 1207 1036 index
1232 1009 1361 1048 parum
1383 999 1503 1037 dissiti
1520 994 1569 1039 τό
1589 997 1644 1037 Ν.

177 1049 269 1089 haec
288 1049 627 1090 Thessalonicensis
645 1057 683 1091 et
701 1051 894 1100 Malaxus,
923 1053 972 1092 de
987 1065 1061 1104 quo
1077 1053 1175 1092 alibi.
1231 1054 1369 1092 GoAn.

290 1105 347 1144 ib.
378 1120 413 1147 v.
444 1110 511 1150 17.
567 1107 840 1159 ἔπιφωνοῦντι
861 1124 915 1164 τῳ
940 1111 1026 1165 λαῷ
1046 1125 1122 1161 την
1147 1105 1332 1162 εἰρήνην]
1363 1124 1457 1163 pace
1475 1110 1645 1149 nimirum

176 1175 200 1202 ιι
222 1164 397 1215 pontifice
421 1165 571 1203 vocibus
591 1165 647 1204 his
668 1161 809 1219 εἰρήνη
826 1164 926 1219 υμῖν
950 1166 1100 1205 caelitus
1122 1167 1314 1216 invocata,
1348 1167 1644 1207 benedictionem

174 1220 352 1272 poscenti
408 1221 551 1263 GoAn.

289 1281 318 1315 t·
336 1277 371 1315 Π
400 1290 438 1330 p
466 1278 551 1321 645
583 1291 616 1316 v.
647 1280 689 1319 2.
746 1274 1026 1331 δικαιωμάτων
1055 1275 1213 1330 φύλαξ]
1253 1279 1386 1318 bona*
1376 1292 1455 1318 iure
1484 1279 1642 1344 cuipiam

175 1334 429 1382 obvenientia,
471 1348 547 1373 non
572 1335 722 1374 modo
711 1349 768 1374 ius
796 1337 914 1387 ipsum
940 1341 980 1375 et
1005 1335 1127 1386 legem
1142 1340 1274 1375 vocant
1294 1336 1461 1375 moderni
1480 1330 1643 1376 δικαιώ-

175 1405 298 1443 ματαε
326 1404 371 1429 ac
387 1392 473 1430 ideo
495 1386 774 1444 δικαιωματων
793 1388 926 1443 φύλαξ
946 1393 1046 1445 apud
1064 1394 1213 1432 eosdem
1233 1397 1290 1432 est
1307 1393 1372 1444 qui
1389 1393 1496 1432 nobis
1516 1393 1642 1443 regio-

173 1461 254 1486 rum
274 1448 406 1487 iuriam
423 1449 612 1498 defensor,
641 1450 705 1500 qui
722 1454 760 1488 et
775 1450 898 1499 regius
918 1453 1148 1501 procurator.
1206 1449 1348 1490 GoAn.

287 1509 316 1542 t.
337 1504 372 1543 11
399 1517 438 1556 p.
458 1506 541 1547 650
563 1517 598 1545 v.
620 1506 656 1546 1.
710 1505 975 1558 Αἷκατερίνης
1002 1505 1047 1548 ἐν
1065 1508 1123 1560 τῷ
1143 1509 1346 1561 μοναχικῷ·
1369 1502 1531 1556 Ἑλένης
1553 1518 1641 1556 μετ-

174 1560 497 1629 ονομασθείσης]
536 1561 673 1601 habent
699 1563 835 1602 Graeci
860 1567 1008 1632 praeter
1035 1547 1251 1602 familiarum
1273 1567 1311 1602 et
1329 1563 1472 1615 patriae
1496 1563 1569 1613 τῆς
1584 1576 1639 1600 τι·

172 1619 273 1684 μης,
311 1620 385 1670 τῆς
416 1613 619 1671 ενσεβείας
647 1617 716 1659 καὶ
735 1621 808 1671 τῆς
825 1616 948 1671 τύχης
968 1615 1155 1671 ὀνόματα.
1213 1620 1276 1658 illa
1298 1619 1517 1670 quibusvis
1508 1630 1546 1656 ιιι
1568 1618 1640 1656 ba-

169 1675 309 1727 ptismo
329 1675 589 1727 imponuntur,
625 1675 716 1715 haec
744 1689 789 1715 ex
813 1677 966 1714 fortuito
986 1688 1073 1714 casu
1092 1677 1368 1726 excogitantur,
1407 1674 1529 1726 qualia
1553 1677 1640 1712 sunt

170 1732 271 1784 apud
288 1732 499 1770 Cedrenum
521 1731 875 1782 Κοντοστέφανος,
903 1730 1212 1786 Στραβομύτης,
1239 1729 1482 1786 Ἀργυροῦς,
1510 1744 1533 1770 3
1553 1744 1637 1770 cor-

169 1789 272 1840 poris
293 1788 495 1838 brevitate,
527 1789 608 1828 nasi
627 1791 803 1828 curvitate
817 1819 829 1839 ‚
867 1802 1011 1828 morum
1035 1791 1195 1829 candore
1219 1791 1351 1828 indita.
1407 1788 1530 1827 media
1549 1791 1638 1826 tan-

171 1846 256 1883 dem
277 1845 359 1882 usui
378 1847 464 1883 sunt
482 1846 520 1882 in
535 1846 789 1891 monasteriis,
827 1859 896 1885 nec
912 1847 1063 1885 fortuito
1081 1850 1205 1886 tamen
1224 1851 1289 1885 aut
1306 1859 1406 1885 mere
1425 1858 1494 1897 pro
1518 1844 1637 1893 libito,

170 1903 239 1940 sed
267 1902 416 1953 pietatis
444 1901 549 1940 simul
579 1906 616 1940 et
644 1902 794 1940 honoris
813 1904 1009 1941 observata
1036 1903 1120 1953 lege
1146 1904 1241 1941 fiunt
1265 1902 1451 1941 monachis
1471 1902 1638 1953 propria,

170 1962 248 1997 tum
267 1958 299 1996 si
321 1959 556 1997 sanctitatem
574 1958 788 2007 redoleant,
826 1964 904 1997 tum
934 1960 966 1997 si
996 1973 1078 1998 cum
1105 1959 1381 2011 baptismalibus
1411 1958 1542 1996 saltem
1560 1959 1637 2009 pri-

168 2014 407 2054 mordialibus
432 2015 470 2053 in
493 2015 608 2054 literis
626 2015 857 2058 conveniant,
913 2015 1012 2055 unde
1043 2017 1163 2054 disces
1183 2029 1246 2054 cur
1262 2015 1493 2054 Andronicus
1515 2014 1638 2052 senior

167 2072 288 2110 factus
314 2072 514 2110 monachus
546 2072 666 2110 dictus
695 2073 745 2110 sit
771 2070 954 2110 Antonius
985 2073 1086 2124 apud
1115 2073 1320 2122 Gregoram
1344 2072 1366 2109 l.
1388 2072 1434 2117 9,
1475 2071 1634 2109 Ioannes

169 2128 452 2167 Cantacuzenus
490 2129 591 2180 apud
623 2130 822 2180 ipsummet
851 2128 1008 2179 Ioasaph
1040 2142 1175 2168 nomen
1204 2128 1404 2179 acceperit,
1453 2127 1636 2178 Georgius

167 2184 357 2224 Phranzes
380 2198 445 2224 cur
464 2186 625 2224 audierit
643 2185 844 2236 Gregorius
863 2190 902 2224 et
923 2185 1036 2224 Elena
1055 2187 1133 2224 eius
1152 2198 1244 2224 uxor
1263 2185 1467 2236 Eupraxia,
1497 2188 1533 2223 et
1550 2188 1635 2223 tan-

168 2242 254 2280 dem
277 2255 342 2280 cur
366 2240 590 2281 Aeceteiina
612 2243 819 2294 imperatrix
844 2245 974 2281 vocata
997 2242 1046 2279 sit
1073 2242 1209 2291 Elena,
1249 2243 1279 2280 si
1303 2254 1379 2280 non
1404 2253 1451 2280 ex
1477 2241 1636 2294 primor-

168 2298 274 2336 dialis
295 2298 437 2348 literae,
466 2301 595 2338 saltem
616 2312 660 2339 ex
684 2300 994 2365 pronuntiationis
1008 2311 1199 2338 consensu.
1256 2299 1395 2337 GoAR.

279 2353 335 2392 ib
367 2368 402 2395 v.
432 2356 473 2397 7.
528 2354 863 2423 καθηγουμένου]
882 2350 1114 2421 ,ἡγούμενος
1139 2359 1196 2394 est
1221 2357 1429 2406 quicunque
1443 2356 1633 2393 monaste-

164 2411 210 2450 rii
228 2412 460 2464 praefectus,
502 2409 812 2467 καθηγούμενος
830 2413 892 2463 qui
912 2413 1017 2451 simul
1042 2414 1154 2452 sacris
1179 2413 1367 2451 ordinibus
1390 2415 1445 2451 est
1468 2415 1633 2458 ornatus,

165 2465 472 2523 προηγούμενος
494 2471 559 2520 qui
583 2471 850 2520 expraefectus.
907 2469 1047 2510 Gom.

279 2526 362 2565 t·11
389 2540 427 2578 p.
446 2527 527 2569 651
550 2526 676 2566 v-10.
733 2522 951 2577 δημοτικόν
976 2527 1071 2565 inter
1091 2529 1130 2564 et
1154 2519 1295 2566 κοινόν
1321 2524 1408 2563 ἱ11ιι(1
1428 2527 1485 2563 est
1503 2523 1634 2564 discri-

164 2581 286 2631 minis,
316 2584 420 2634 quod
439 2584 537 2622 inter
554 2583 709 2633 collegia
728 2583 956 2623 factionesve
975 2588 1012 2623 et
1031 2583 1219 2622 confusam
1238 2582 1384 2634 plebem
1406 2582 1632 2622 observatur.

163 2639 308 2678 GoAn.

275 2694 330 2734 ib.
363 2708 398 2734 v.
419 2695 486 2736 17.
542 2698 614 2747 τῆς
631 2697 707 2736 τοῦ
726 2690 845 2749 ἆγὶου
865 2692 1212 2749 μεγαλομὰρτυρος
1232 2693 1434 2747 Γεωργίου
1455 2689 1632 2746 μνήμης]

166 2752 215 2791 de
233 2765 307 2803 qua
315 2781 328 2801 ‚
366 2756 407 2792 et
432 2753 694 2804 imperatorum
719 2766 808 2804 erga
834 2758 998 2793 sanctum
1023 2754 1158 2792 fiducia
1182 2753 1348 2791 Codinus
1368 2765 1401 2790 c.
1422 2751 1474 2794 15
1492 2763 1531 2790 ιι.
1548 2752 1574 2791 9
1595 2755 1634 2788 et

164 2822 201 2847 c.
224 2811 275 2851 17
295 2822 331 2848 n.
353 2809 419 2850 50.
477 2810 619 2848 GoAn.

276 2870 303 2904 t.
320 2865 352 2904 ll
381 2879 417 2918 p.
435 2866 519 2909 652
536 2879 572 2907 v·
598 2868 663 2909 16.
719 2865 812 2922 περὶ
845 2863 890 2909 τό
923 2867 1039 2919 σῶμα
1072 2859 1173 2920 ἦτον
1202 2858 1460 2915 κολαστικός]
1493 2876 1633 2915 corpus
