1916 3210
686 117 1134 164 ANNormoNEs.
1211 176 1213 179 .
1545 115 1644 164 841

209 249 214 255 ’
251 237 325 275 -.t
338 230 376 272 11
401 244 439 285 p.
458 228 541 275 134
562 231 824 273 v.17.103v
846 224 903 271 δι’
922 226 991 283 ἐμὲ
1008 225 1341 295 προσμεινοὲντων
1353 227 1423 270 καὶ
1444 223 1647 282 απολομέ-

180 289 291 343 m]
317 288 590 329 convenientius
608 289 851 340 interpretor:
885 301 977 324 cum
998 287 1081 323 iam
1102 286 1298 338 perierint
1322 287 1394 338 qui
1409 287 1488 324 mei
1509 288 1647 339 gratia

176 346 341 400 sortiter
363 346 410 383 in
428 346 514 382 acie
532 345 802 383 constiterunt.
861 345 933 383 nisi
963 343 1087 394 legere
1113 344 1284 382 malueris
1318 340 1562 392 ἀπολέσθαι,
1606 349 1647 384 et

181 404 360 444 reddere·
399 402 471 454 qui
489 402 568 440 mei
583 403 723 453 gratia
743 413 871 453 usque
889 400 948 437 ad
965 402 1164 452 integram
1182 401 1485 439 internecionem
1507 401 1649 453 confli-

182 466 293 499 ctum
307 460 498 497 sustinere
510 463 680 511 paratos
696 471 738 496 se
755 456 1014 496 exhibuerint.
1076 458 1214 497 GOAR.

295 514 352 555 ib.
386 529 423 556 v.
451 519 523 561 21
582 510 860 568 Χιλιόκωμον]
898 515 1046 566 reponit
1067 515 1201 553 Strabo
1225 511 1486 567 Χιλιόκωμον
1506 513 1649 556 πεδίον

181 573 222 614 in
240 565 386 622 Ponto,
415 575 453 612 et
463 571 691 626 penultimae
707 576 822 612 notae
839 571 1030 610 confirmat
1048 571 1307 611 coniecturam.
1353 572 1492 610 GoAn.

254 625 259 635 ⁴
296 630 387 669 t·11
413 642 452 681 p·
473 631 605 671 138v.
627 630 664 669 1.
720 626 790 670 τὸν
811 627 917 681 ρῆγα
940 629 1013 679 τῆς
1034 626 1263 694 Φραγγίας]
1300 628 1545 668 Occidentis
1535 640 1651 681 impe-

182 689 326 726 ratores
342 697 518 736 regesve,
552 689 703 738 praeter
719 685 962 736 Bulgarorum
987 685 1188 736 principem
1213 685 1370 724 vicinum
1400 690 1438 725 et
1455 686 1652 735 infensum,

183 739 380 796 βασιλέας
399 754 532 781 vocare
564 755 713 794 semper
743 742 1012 781 abhorruerunt
1035 741 1190 791 Graeci,
1233 741 1376 811 ῥῆγας
1384 742 1540 781 salutare
1562 755 1652 781 con-

183 798 298 847 tenti3
325 798 426 838 unde
450 798 543 838 haec
569 799 620 837 ad
646 798 876 837 Ludovicum
895 797 1001 836 Pium
1021 799 1277 851 imperatorem
1299 795 1402 852 πρὸς
1421 799 1546 853 ρηγα,
1575 812 1651 838 non

183 853 350 910 βασιλέα
369 855 571 908 Φραγγίας
599 855 712 895 missa
736 854 888 906 legatio.
946 867 1064 905 eaque
1087 855 1213 894 forsan
1246 859 1307 895 est
1333 857 1381 896 de
1410 869 1485 907 qua
1511 857 1588 894 vita
1609 859 1651 895 et

183 916 288 952 aetus
308 911 490 952 Ludovici
509 911 604 950 illius
625 910 822 963 Anonymo
842 914 992 950 auctore
1013 911 1176 950 scribunt
1197 925 1295 951 anno
1314 914 1417 955 833:
1454 912 1650 963 Compen-

184 969 246 1008 dc'i
272 969 500 1007 consistenti
531 967 678 1020 legatio
707 969 955 1020 imperatoris
989 968 1083 1014 CP,
1132 969 1303 1006 Marcus
1328 969 1650 1020 archiepiscopus

183 1025 339 1078 Ephesi
365 1031 402 1062 et
425 1025 773 1077 protospatharius
799 1026 1070 1075 imperatoris,
1100 1025 1158 1062 ad
1172 1033 1332 1076 patrem
1356 1025 1647 1079 (Ludovicum)

184 1084 308 1122 missa
326 1083 498 1120 occurrit
502 1097 520 1130 ,·
549 1096 716 1120 munera
732 1081 810 1120 sibi
824 1081 923 1119 data
941 1080 1084 1118 obtulit
1103 1079 1376 1135 (Lotlmrius),
1400 1085 1514 1134 patri
1526 1085 1650 1121 missa

183 1138 395 1178 wbtraxit.
429 1153 552 1192 quam
570 1139 641 1177 ille
660 1139 753 1177 licet
769 1138 828 1177 ad
841 1144 999 1190 patrem
1017 1139 1180 1176 missam
1197 1139 1257 1177 ad
1272 1154 1313 1178 se
1331 1147 1464 1178 tamen
1485 1142 1650 1178 venien—

184 1203 264 1237 tem
279 1198 468 1248 suscepit,
497 1196 672 1244 audivit,
700 1203 739 1234 et
753 1195 999 1248 tragoediam
1021 1203 1285 1247 reportantem
1296 1210 1404 1249 pene
1423 1198 1651 1236 inauditam

182 1254 350 1292 remisit.
388 1254 548 1293 GoAn.

295 1309 352 1348 ib.
384 1322 420 1350 v.
449 1313 491 1352 9.
545 1306 591 1351 τὸ
622 1305 763 1351 λοιπὸν
793 1306 970 1362 ἐμφανὲς
1005 1307 1123 1363 μέρος
1151 1311 1227 1363 τῆς
1250 1306 1429 1363 πόλεως]
1466 1313 1652 1365 principes

183 1367 333 1435 populi,
359 1368 559 1406 factionum
582 1361 827 1419 δημάρχους,
856 1367 1101 1419 patriarcham
1126 1371 1163 1406 et
1182 1367 1268 1406 cleri
1292 1369 1528 1420 praecipuos,
1558 1380 1655 1421 quos

182 1426 223 1464 in
239 1424 323 1476 pari
348 1436 436 1463 casu
457 1436 680 1464 convocasse
703 1424 920 1463 Mauricium
946 1424 1123 1463 describit
1141 1424 1345 1464 simocatta
1363 1426 1486 1464 statim
1504 1427 1573 1465 sub
1596 1427 1656 1465 hi·-

183 1481 322 1520 storiae
331 1480 451 1520 initio.
508 1481 646 1519 Gon.
836 1491 838 1493 ·

295 1541 323 1576 t.
342 1536 379 1576 11
404 1551 443 1590 p.
465 1538 550 1580 139
568 1550 606 1578 v,
626 1538 665 1579 8.
720 1531 989 1590 δρουγγαριος
1021 1536 1254 1588 praefectus
1290 1537 1488 1590 Drungi,
1537 1539 1654 1592 βίγλα

182 1593 369 1646 vigiliae,
398 1591 603 1640 excubiae,
634 1592 809 1632 hostium
839 1593 1142 1645 explorationes,
1178 1606 1271 1644 quas
1301 1596 1449 1646 puriore
1477 1596 1656 1634 vocabulo

182 1644 409 1703 ἔπισκοπήν
427 1654 468 1690 et
484 1646 742 1704 κατασκοπήν
765 1655 873 1689 vocat
891 1651 1094 1689 Simocatta
1115 1651 1302 1702 plerisque
1318 1651 1417 1690 locis.
1448 1653 1510 1702 qui
1530 1653 1656 1691 hostes

183 1707 310 1759 itaque
330 1707 555 1760 exploratum
577 1708 679 1758 ibat,
724 1706 931 1747 excubias'
919 1721 962 1746 ιιι
987 1707 1146 1746 exercitu
1168 1708 1335 1760 ponebat
1357 1713 1395 1747 et
1416 1710 1627 1748 stantibus
1618 1722 1657 1747 ιιι

184 1763 345 1804 excubiis
365 1764 664 1816 praeficiebatur,
704 1767 784 1804 erat
805 1766 878 1815 τῆς
899 1764 1038 1832 βίγλας
1058 1761 1329 1833 δρουγγᾶριος.
1386 1765 1434 1804 de
1453 1766 1516 1804 illo
1540 1766 1658 1804 Codi-

183 1832 254 1860 nus
267 1819 400 1860 habet:
419 1817 501 1887 πρὸ
516 1823 591 1860 τοῦ
606 1821 792 1869 πεζεῦσαι
810 1819 854 1861 τὸ
871 1817 1077 1870 φοσσᾶτον
1096 1816 1362 1874 ἐπερχόμενος
1383 1820 1406 1862 ὁ
1422 1825 1494 1874 τῆς
1515 1823 1657 1876 βίγλας

183 1874 308 1931 μέγας
326 1871 588 1944 δοουγγαριος
606 1877 822 1929 καθίστησι
840 1892 884 1918 το
886 1873 1118 1943 λεγόμενον
1135 1876 1440 1932 ημεροβίγλιον,
1471 1895 1525 1927 ως
1545 1895 1655 1931 παρα

184 1935 260 1975 τοῦ
277 1929 451 1986 μεγαλου
471 1933 706 2003 δομεστίκου
725 1929 994 2002 προσετάχθη.
1051 1935 1103 1974 ita
1126 1935 1296 1973 diurnas:
1340 1948 1426 1974 mox
1455 1941 1653 1975 nocturnas

185 1991 361 2031 describit
376 1990 531 2040 vigilias.
573 2005 691 2061 προς
695 1988 738 2031 δὲ
757 1986 851 2037 τούς
872 1987 998 2031 αὐτόν
1017 1986 1084 2031 τὸν
1103 1987 1246 2044 καιρόν
1265 1993 1336 2043 τῆς
1354 1990 1495 2040 νυκτός
1514 1991 1654 2046 βιγλή-

187 2058 332 2096 σοντας
347 2042 619 2115 απερχόμενος
639 2062 758 2095 ουτος
782 2045 807 2087 ὁ
798 2044 944 2118 “μέγας
964 2045 1250 2115 δρουγγοὶριος,
1287 2063 1364 2102 προ
1387 2051 1460 2100 τῆς
1479 2053 1562 2090 τοῦ.
1574 2051 1654 2091 δει-

186 2105 304 2145 λινοῧ
336 2099 465 2157 ω’ρας,
494 2102 605 2175 λέγει
635 2100 762 2152 οὕτως
798 2100 1030 2174 “ἆ’ρχοντες,
1071 2101 1357 2157 ἕτοιμάσθητε,
1402 2102 1655 2159 δειπνήσατε,

185 2159 256 2202 καὶ
275 2155 367 2202 δότε
384 2157 543 2214 τροφήν
562 2164 646 2209 τοῖς
665 2161 816 2208 ἳᾛπποις
896 2159 964 2200 καὶ
985 2156 1083 2201 όταν
1103 2159 1128 2202 ό
1146 2161 1380 2215 τεταγμένος
1399 2162 1468 2203 καὶ
1488 2162 1655 2216 πρέπων

187 2219 260 2270 τῆς
277 2217 417 2271 βίγλης
436 2216 537 2273 ἔλθῃ
557 2214 718 2271 καιρός,
748 2214 928 2269 ἐκβάλλει
948 2214 1095 2264 αὐτοὺς
1113 2220 1188 2258 τοῦ
1208 2219 1488 2272 στρατοπέδου.
1524 2221 1655 2260 Leun-

187 2274 344 2314 cluvius:
371 2275 601 2325 Drangarius
621 2275 789 2314 tribunus
809 2274 983 2323 militum,
1012 2274 1135 2323 Italis,
1165 2275 1299 2324 Gallis,
1331 2277 1523 2316 Germanis
1543 2280 1656 2318 etiam

187 2331 390 2381 colonello,
423 2332 578 2371 Graecis
602 2332 818 2385 χιλίαρχος,
846 2343 870 2369 3
887 2303 1055 2381 drudgo,
1087 2332 1230 2383 inquit,
1256 2333 1384 2372 baculo
1408 2338 1448 2373 et
1465 2336 1655 2385 regiminis

186 2387 335 2439 insigni.
392 2388 533 2426 GoAn.
1712 2434 1714 2436 v

299 2444 381 2483 t.11
409 2444 550 2497 p.140
569 2457 604 2484 ν.
626 2446 665 2486 8.
707 2438 898 2495 συνόδου]
928 2444 1040 2496 paulo
1059 2448 1146 2496 post
1163 2458 1287 2484 rursus
1309 2447 1361 2484 sic
1381 2447 1542 2498 ponitur.
1585 2462 1657 2499 ego

187 2501 354 2540 ordinem
373 2501 656 2540 ecclesiasticum
680 2513 727 2539 eo
749 2500 925 2539 vocabulo
955 2500 1109 2551 intelligi
1134 2503 1303 2540 arbitror.
1333 2503 1426 2541 ΧΠ..
1486 2507 1660 2544 ecclesia-

189 2558 270 2596 stici
294 2570 338 2597 ac
364 2559 539 2596 senatorii
559 2558 698 2596 ordinis
720 2570 892 2609 proceres
909 2558 1093 2607 intelligit.
1149 2559 1258 2609 vulgo
1283 2572 1442 2610 namque
1470 2562 1657 2612 praesules

189 2613 300 2665 Cpoli
330 2615 468 2665 reperti
498 2615 605 2653 simul
633 2627 715 2652 cum
744 2615 907 2653 eiusdem
935 2614 1109 2654 ecclesiae
1137 2615 1234 2654 clero
1255 2618 1375 2655 vocati
1398 2613 1574 2660 σύνοδον
1595 2620 1655 2658 (Ιί-

188 2675 321 2708 cuntur
342 2683 574 2722 componere.
633 2671 698 2709 Go
702 2682 768 2708 Αιι.

303 2726 382 2822 {Gli
410 2726 552 2777 p.142
571 2740 607 2767 v.
631 2729 696 2769 18.
756 2723 1028 2782 φατριᾶρχης]
1058 2732 1160 2768 recte
1177 2727 1328 2780 legitur,
1367 2743 1443 2769 non
1462 2727 1654 2786 πατριάρ-

187 2798 272 2837 χης.
352 2794 450 2823 οΑιι.
