1890 3236
0 1156 5 1171 ’-
0 1118 4 1126 -
0 1052 10 1102 ->ι,
0 1019 9 1042 »κ
0 819 14 1003 *νἐ***π““’
0 497 14 809 ““ΧΜ“·“ΜΠΡ«“Γ.*
0 361 9 469 *=„⁴v-.-v
0 295 4 307 ··
0 231 2 235 ’
0 178 5 210 -Ᾰ-
0 164 3 166 ’
0 138 10 154 Ἴ.
0 0 35 95 W

52 0 66 30 ’ἦ

482 221 877 269 msromARUM
910 199 1295 269 commumoni.
1555 225 1622 272 69

170 341 311 394 μενος,
345 334 540 396 ἐμφύλιον
561 337 699 393 ἐκχέας
721 334 824 393 αζιια
847 338 918 381 οὔκ
940 338 1003 381 ἐπὶ
1022 343 1094 382 τοῦ
1111 337 1300 394 τυχόντος
1316 335 1442 383 τόπου
1463 339 1557 383 ἀλλ’
1579 342 1622 384 ἐν

171 413 229 465 τῷ
249 408 351 465 θείῳ
369 409 670 464 θυσιαστηρίῳ,
705 406 808 450 ἔνθα
826 406 872 450 τὸ
896 407 1128 451 δεσποτικὸν
1148 408 1252 451 καθ’
1274 407 1427 467 ἡμέραν
1448 409 1622 465 ἓκχέεται

173 480 254 519 τῶν
269 473 472 533 ἡμετέρων
489 476 602 518 ἕνεκα
623 475 772 533 λύτρον
790 473 1012 532 ἁμαρτιῶν.

311 547 469 587 Τοῦτον
494 544 564 586 τὸν
581 544 756 599 ΙΙἸιχαὴλ
783 542 919 600 ἤνεγκε
948 544 1022 598 μὲν
1047 541 1073 599 ἥ
1101 543 1204 586 κατὰ
1231 545 1306 600 τὴν
1331 544 1415 588 ἄνω
1439 547 1620 603 Φρυγίαν
1643 553 1674 590 Β

139 609 289 663 5πόλις
301 611 514 669 Ἀμιῦριον,
549 612 653 656 οὕτω
673 613 920 668 καλουμένη,
955 614 997 655 ἓν
1020 605 1049 669 ᾗ
1064 611 1269 654 Ἰουδαίων
1286 615 1352 655 καὶ
1374 613 1625 671 Ἀθιγγᾶνων

104 671 108 674 ¹
171 683 239 724 καὶ
263 679 409 739 ἑτέρων
439 681 598 735 ἀσεβῶν
625 685 786 737 πλῆθος
816 681 985 724 ἔκπαλαι
1017 685 1097 723 τῶν
1121 678 1280 737 χρόνων
1309 683 1626 738 ἓγκατοικίζεται.

172 751 245 792 καί
260 766 321 801 τις
342 751 386 793 δὲ
405 753 556 808 αἵρεσις
575 751 618 793 ἐκ
639 755 712 806 τῆς
731 748 915 809 ἀλλήλων
935 751 1142 800 κοινωνίας
1157 751 1225 792 καὶ
1245 751 1450 805 διηνεκοῦς
1467 750 1626 805 ὁμιλίας

172 818 310 861 καινὸν
341 818 490 874 ἔχουσα
516 819 587 862 τὸν
615 818 766 876 τρόπον
786 820 852 862 καὶ
874 818 1073 861 ἀλλόκοτα
1101 817 1284 874 δόγματα
1306 817 1515 877 ἐπιφύεται
1528 852 1542 871 ,
1575 815 1626 876 ἧς

172 889 241 929 καὶ
269 887 392 938 αὐτὸς
417 888 588 941 μέτοχος
616 882 687 942 ἦν,
734 887 1096 945 πατροπαράδοτον
1123 889 1342 944 θρησκείαν
1368 887 1627 945 ἀποπληρῶν.

121 965 166 1000 10
176 954 278 1010 αὕτη
305 959 380 999 τοῦ
405 956 480 1010 μὲν
503 957 632 998 θείοϋ
652 959 825 1012 λουτροῦ
851 958 917 999 καὶ
939 954 1220 1013 σωτηριώδους
1245 956 1340 1008 τοὺς
1367 958 1628 1013 τελουμένους

173 1023 487 1080 μεταλαγχάνειν
515 1024 648 1080 ἀνίησι
654 1057 670 1077 ,
717 1019 847 1068 τᾶλλα
873 1026 918 1068 δὲ
943 1023 1073 1068 πάντα
1103 1023 1240 1077 σώζει,
1275 1024 1535 1082 φυλάττουσα
1557 1027 1627 1070 τὸν

174 1091 300 1148 νόμον
317 1093 388 1135 τὸν
407 1094 636 1137 Μωσαϊκὸν
657 1094 762 1150 πλὴν
782 1098 854 1149 τῆς
877 1097 1106 1151 περιτομῆς.
1176 1092 1252 1148 εἶχε
1274 1095 1319 1137 δὲ
1338 1093 1583 1138 διδάσκαλον
1606 1093 1629 1138 ὅ

174 1162 349 1217 Μιχαὴλ
364 1163 432 1204 καὶ
452 1160 538 1205 οἷον
555 1161 738 1219 ἔξαρχον,
756 1160 821 1205 ὕπ’
847 1163 971 1207 αὐτοῦ
991 1162 1416 1219 μεμυσταγωγημένος,
1440 1161 1630 1221 Ἑβραΐόν

174 1247 265 1274 τινα
282 1228 525 1288 η”Εβραΐδα
546 1232 650 1274 κατὰ
665 1231 735 1275 τὸν
752 1230 896 1274 ἑαυτοῦ
917 1230 1037 1283 οἶκον,
1068 1232 1114 1275 οὗ
1136 1230 1261 1285 μόνον
1277 1231 1329 1274 τὰ
1344 1231 1502 1286 ψυχικά
1518 1232 1623 1276 ἀλλὰ
1645 1239 1676 1273 C

122 1308 165 1345 15
178 1299 228 1354 δὴ
248 1301 315 1342 καὶ
344 1299 419 1350 τὰς
441 1299 535 1342 κατ’
570 1298 678 1342 οἷκον
707 1301 934 1355 οἰκονομίας
963 1300 1084 1343 αὐτὸν
1110 1298 1408 1342 ἓκπαιδεῦοντα.
1473 1299 1551 1358 ὑφ’
1580 1295 1629 1343 οὗ

174 1369 431 1426 προληφθεὶς
450 1368 566 1411 οὗδὲν
587 1369 773 1426 ἀκέραιον
795 1368 951 1421 ἔσωζεν,
981 1368 1074 1410 ἀλλ’
1095 1363 1144 1422 ἦν
1168 1368 1353 1419 ἀπιστίας
1370 1385 1431 1418 τις
1445 1367 1628 1421 σύνοδος,

175 1434 227 1479 τά
248 1453 291 1480 τε
311 1438 570 1493 Χριστιανῶν
599 1435 914 1495 παραχαράξας,
958 1436 1010 1479 τὰ
1035 1437 1240 1480 Ἰουδαίων
1266 1435 1533 1492 κιβδηλεύσας
1559 1439 1626 1480 καὶ

174 1499 303 1548 τᾶλλα
322 1503 636 1562 παρανοθεύσας
646 1538 660 1557 ,
694 1507 761 1548 καὶ
787 1509 969 1556 τοιοῦτος
995 1505 1071 1561 τὴν
1090 1507 1221 1548 πίστιν
1241 1503 1470 1562 γενόμενος,
1497 1507 1628 1549 ποικί-

175 1577 246 1624 λος
262 1589 304 1616 τε
326 1575 394 1616 καὶ
411 1571 696 1631 πολύμορφος,
730 1572 848 1616 ὁποῖά
870 1590 971 1632 φασι
993 1575 1045 1617 τὰ
1066 1575 1108 1617 ἓν
1125 1573 1271 1632 Λιβύῃ
1290 1576 1474 1630 γίνεσθαι
1495 1576 1627 1633 θηρία

121 1643 248 1689 Ξοδιὰ
268 1641 343 1697 τὴν
365 1646 438 1685 τοῦ
466 1641 617 1693 ὕδατος
643 1643 795 1686 ἔνδειαν
827 1642 1077 1699 συναγόμενα
1107 1645 1173 1686 καὶ
1203 1642 1395 1698 ἀλλήλοις
1419 1631 1627 1700 ἐπιμιγνύ-

175 1728 290 1766 μενα.
359 1708 415 1762 ὥς
433 1710 485 1767 δὴ
503 1713 570 1754 καὶ
589 1714 646 1762 εἰς
660 1711 733 1768 τὴν
748 1713 953 1766 βασίλειον
972 1710 1133 1767 ἀνήχθη
1155 1711 1296 1770 ἀρχήν,
1331 1711 1562 1766 ἔσεμνύνετό
1583 1730 1626 1755 τε

177 1781 244 1823 καὶ
263 1778 455 1839 ὦριίίζετο
487 1779 562 1836 [ἢ]
589 1785 647 1841 τῷ
676 1779 896 1836 διαδήματι
923 1782 990 1824 καὶ
1012 1785 1062 1839 τῇ
1090 1779 1297 1839 ἁλουργίδι
1306 1813 1320 1833 ,
1355 1781 1474 1837 λόγον
1493 1782 1537 1824 δέ
1559 1782 1627 1824 καὶ

267 1889 291 1924 8
311 1886 434 1934 ἔχουσι
452 1887 481 1923 Ρ
616 1888 663 1925 22
682 1886 864 1934 (ἄραΐζετό
884 1901 924 1926 τε
945 1888 1009 1926 καὶ
1030 1886 1244 1934 ἐσεμνύνετο
1267 1889 1299 1923 C

175 1994 218 2017 ac
239 1980 302 2028 qui
323 1981 469 2028 palmam
491 1982 694 2027 meruisset,
728 1995 770 2026 eo
793 1982 950 2019 facinore
969 1982 1187 2029 superbiens,
1225 1994 1299 2018 cum
1323 1981 1463 2027 quidem
1492 1980 1627 2016 civilem

174 2027 378 2073 sanguinem
399 2040 468 2063 non
494 2029 618 2074 quovis
641 2029 717 2064 loeo
739 2030 907 2074 fudisset,
941 2031 1003 2065 sed
1028 2030 1071 2064 ad
1094 2041 1224 2064 sacram
1248 2040 1363 2074 aram,
1388 2028 1447 2063 ubi
1470 2027 1627 2074 quotidie

175 2073 366 2109 dominicus
386 2075 528 2120 sangnis
548 2086 612 2121 pro
635 2075 788 2122 peccatis
811 2076 940 2112 nostris
957 2075 1139 2122 expiandis
1155 2074 1324 2110 funditur.

267 2119 355 2154 Fuit
376 2121 434 2156 hic
455 2121 648 2156 Michaelus
670 2122 802 2157 Amorii
828 2128 941 2166 natus,
964 2121 1156 2168 superioris
1176 2121 1353 2166 Phrygiae
1376 2120 1481 2162 urbe;
1506 2119 1541 2153 in
1558 2130 1628 2164 qua

176 2167 221 2202 ab
250 2165 405 2211 antiquis
435 2167 649 2213 temporibus
674 2167 880 2203 Iudaeorum
907 2168 1178 2212 Athinganorum
1207 2166 1418 2210 aliorumque
1445 2165 1626 2210 impiorum

177 2212 359 2247 multitudo
383 2212 582 2256 habitabat3
607 2218 644 2248 et
664 2215 832 2259 quaedam
852 2213 903 2249 ibi
925 2214 1079 2248 haeresis
1104 2225 1147 2248 ex
1170 2213 1313 2247 istorum
1337 2212 1497 2246 diuturna
1522 2216 1628 2255 atque

177 2257 370 2292 continenti
397 2259 491 2294 inter
517 2271 558 2294 se
583 2260 735 2294 conflata
765 2260 1016 2295 consuetudine
1047 2266 1151 2294 enata
1182 2264 1279 2303 erat,
1314 2267 1405 2291 nova
1427 2267 1571 2303 prorsus
1593 2261 1630 2291 et

176 2303 353 2338 inusitatis
375 2310 536 2340 constans
561 2305 802 2352 opinionibus3
829 2318 850 2341 a
873 2317 941 2353 qua
961 2311 998 2340 et
1016 2305 1095 2351 ipse
1119 2310 1195 2340 erat
1216 2304 1415 2349 imperator,
1440 2302 1590 2337 traditae
1608 2312 1629 2336 a

177 2349 366 2384 maioribus
398 2350 639 2395 superstitioni
670 2351 868 2386 inhaerens.
916 2363 959 2386 ea
979 2351 1134 2385 haeresis
1157 2362 1237 2385 suos
1261 2350 1305 2384 ad
1328 2349 1481 2384 divinum
1505 2359 1546 2382 ac
1567 2359 1627 2382 sa·-

178 2394 292 2430 lutare
320 2395 484 2441 baptismi
515 2396 690 2431 lavacrum
719 2397 872 2432 admittit
898 2397 1055 2443 quidem,
1088 2396 1125 2431 in
1153 2395 1297 2440 reliquis
1320 2400 1432 2430 autem
1456 2394 1626 2439 omnibus,

177 2441 319 2487 dempta
341 2441 614 2486 circumcisione,
637 2443 826 2479 Mosaicam
846 2444 957 2487 legem
980 2446 1089 2477 tenet.
1116 2447 1190 2476 erat
1212 2440 1383 2476 Michaelo
1407 2444 1625 2486 praeceptor,

178 2487 239 2533 qui
263 2498 339 2522 eum
362 2487 407 2523 iis
427 2488 537 2523 sacris
558 2487 773 2533 initiaverat,
798 2494 836 2524 et
853 2488 955 2534 quasi
969 2489 1180 2535 praefectus,
1202 2488 1363 2523 Ebraeus
1380 2486 1515 2532 quidam
1531 2486 1625 2530 (sive

176 2534 209 2568 is
230 2533 362 2568 femina
386 2533 503 2581 potius
532 2535 687 2569 Ebraica
713 2535 818 2579 fuit),
852 2546 953 2580 quem
975 2534 1068 2568 domi
1089 2534 1252 2575 fovebat,
1289 2535 1332 2568 ab
1354 2543 1464 2578 eoque
1487 2543 1555 2566 non
1579 2532 1623 2567 ad

177 2578 382 2624 religionem
403 2580 504 2615 modo
521 2581 584 2615 sed
607 2586 644 2615 et
665 2580 710 2615 ad
729 2592 800 2615 rem
823 2580 1043 2615 domesticam
1061 2579 1315 2627 pertinentibus
1336 2580 1442 2613 rebus
1461 2577 1625 2613 institue-

176 2625 294 2660 batur.
340 2627 384 2661 ab
408 2638 450 2661 eo
474 2632 748 2672 praeoccupatus
772 2627 857 2661 nihil
879 2627 1050 2672 integrum
1073 2630 1287 2669 servaverat,
1308 2625 1372 2660 sed
1392 2629 1469 2659 erat
1492 2635 1626 2670 pravae

177 2670 359 2716 religionis
380 2672 417 2706 in
442 2684 484 2707 eo
508 2672 610 2718 quasi
633 2672 784 2708 colluvio
804 2673 993 2719 quaedam,
1030 2683 1106 2707 cum
1140 2677 1177 2707 et
1198 2671 1418 2707 Christianae
1445 2670 1527 2704 fidei
1559 2670 1622 2704 de-

179 2721 278 2752 creta
306 2717 522 2754 adulteraret
555 2725 592 2753 et
620 2719 795 2754 Iudaicam
825 2719 1027 2765 religionem
1048 2718 1178 2764 spuriis
1200 2716 1419 2764 opinionibus
1442 2716 1626 2762 pollueret.

179 2761 317 2808 fuitque
338 2764 488 2808 omnino,
510 2765 603 2810 quod
627 2766 670 2800 ad
695 2765 837 2811 pietatis
858 2764 1107 2811 professionem
1129 2764 1266 2808 attinet,
1289 2763 1370 2798 talis
1386 2762 1422 2796 in
1445 2774 1486 2796 eo
1510 2763 1627 2796 varie·

180 2813 236 2843 tas
257 2813 294 2842 et
315 2811 486 2853 confusio,
508 2811 619 2856 qualis
639 2812 753 2846 fertur
773 2811 983 2856 Libycarum
1008 2822 1085 2846 esse
1106 2810 1292 2845 bestiarum
1314 2815 1449 2853 natura,
1469 2818 1560 2852 quae
1584 2819 1627 2843 ex

178 2853 330 2890 diversis
360 2856 562 2893 animalibus
590 2858 635 2891 ob
669 2869 780 2903 aquae
806 2858 976 2893 defectum
1009 2856 1204 2902 congressis
1233 2861 1434 2891 nascuntur.
1485 2854 1516 2888 is
1543 2864 1627 2907 ergo

182 2900 313 2946 potitus
346 2900 494 2948 imperio
523 2903 617 2938 nulla
638 2916 679 2940 re
700 2904 770 2940 alia
791 2915 892 2950 quam
913 2904 1108 2939 diademate
1129 2908 1165 2939 et
1186 2912 1343 2949 purpura
1366 2913 1404 2935 se
1424 2904 1628 2944 ostentavit,
