1916 3210
361 167 459 214 924
962 166 1208 210 FABROTI

361 279 451 317 tium
473 279 573 315 tutor
589 277 654 314 aut
668 277 831 323 curator,
866 274 929 325 qui
945 274 1103 326 pupillos
1122 275 1180 314 vel
1199 273 1448 315 adolescentes
1465 277 1678 327 patentibus
1692 277 1798 317 orbu-

286 328 291 332 ’
359 338 419 372 tos
437 336 619 371 sustentat
641 335 679 368 et
694 331 839 369 educat.
894 330 1122 384 Nicephorus
1138 332 1176 370 in
1193 331 1346 371 ebron..
1335 345 1346 354 ·
1386 327 1564 381 Ἀκιὶτιος
1579 329 1798 387 πρεσβύτε-

358 404 426 442 ρος
447 387 514 427 καὶ
539 381 852 439 ὄρφανοτρόφος.

471 439 724 494 όφφίκιον
753 442 923 480 officium.
980 442 1188 481 Eustathius
1212 441 1261 481 ἶλ.
1277 438 1341 494 μ’.·
1371 437 1476 496 ἀνὴρ
1495 457 1571 496 γαρ
1578 439 1737 496 ’Ἕλλην
1746 459 1796 485 ου

359 495 535 547 διπλάζει
553 495 600 537 voi
623 496 762 547 δασέα,
802 497 1100 549 ὐφαιρονμένου
1131 499 1203 538 τοῦ
1232 494 1444 549 ὄφφικίον.
1498 499 1689 549 Synodus
1698 501 1727 543 6
1748 513 1798 540 -m

359 556 480 594 Trullo
504 569 535 594 e.
554 556 600 594 7:
628 550 799 606 ὄφφίκια
817 551 1146 604 ἕκκλησιαστικά’
1134 553 1302 606 εᾝχοντας
1357 554 1572 594 Balsamon:
1600 553 1799 606 ἐκκλησια-

359 614 494 652 στικοῠ
515 607 710 661 όφφικιου
728 608 816 663 ἤτοι
835 606 1067 661 ἀξιώματος,
1097 615 1134 650 et
1152 610 1260 661 paulo
1277 615 1383 662 post:
1413 606 1587 662 ὄφφίκια
1607 608 1650 651 δὲ
1667 610 1799 664 λέγον*

353 684 416 707 ται
437 664 676 718 ἄρχοντίκια.
714 680 748 705 v.
770 668 880 706 eund.
900 668 949 704 ad
967 679 1046 706 can.
1062 665 1115 707 34
1136 667 1278 715 Synod.
1295 667 1469 716 Car-theg.
1491 671 1531 707 et
1546 667 1731 707 Zona-am
1746 668 1798 707 ad

357 724 495 766 Concil.
520 737 557 774 p.
574 721 670 764 420.
727 723 880 774 Niceph.
904 722 995 763 Call.
1021 721 1073 763 14
1103 725 1176 770 39:
1205 724 1363 774 πρῶτον
1384 718 1595 773 ὄφφίκιον.

467 775 490 820 o'
502 788 536 829 ψ
547 780 616 819 ίκι
628 794 648 819 ο
660 794 695 826 ν,
727 775 750 820 o’
758 788 792 830 ψ
804 794 818 819 ι
828 794 852 818 κ
866 793 883 818 ε
893 775 923 817 v'
933 793 951 818 ε
962 792 1019 818 ιν.
1076 779 1301 828 obsequium,
1329 780 1520 828 obsidum,
1547 779 1738 819 comitatus
1760 783 1798 819 et

353 836 526 888 principis
541 836 757 875 satellitium.
816 835 971 873 occurrit
989 847 1099 886 saepe
1111 835 1215 902 apud
1233 834 1496 903 Theophanem
1512 835 1695 886 Geogms
1709 833 1796 875 Ale-

358 893 585 931 xandrinus
577 906 612 930 ιιι
631 893 704 930 vita
722 892 765 929 B.
783 891 1051 940 chrysostomi:
1093 885 1312 958 ἠκολούθει
1328 888 1375 931 δὲ
1395 886 1503 931 anim
1520 890 1796 947 προερχομὲνῳ

357 948 425 988 καὶ
444 945 553 996 τάξις
574 943 743 1000 μεγάλη,
772 942 821 987 ου’
841 942 965 998 μόνον
985 946 1040 994 εἰς
1059 941 1220 997 ὅψίκιον
1236 942 1373 996 αὐτοῦ,
1410 932 1509 987 ἀλλά
1527 946 1596 987 καὶ
1611 931 1796 996 θέλοντες

357 1020 424 1044 και
454 1004 742 1055 ἐπιθυμοῦντες
773 999 960 1054 ἀκροαταὶ
982 1002 1168 1056 γενέσθαι
1190 1005 1261 1054 τῆς
1284 1003 1431 1069 σοφίας
1455 999 1592 1044 αυτοῦ.
1646 1003 1733 1042 Vita
1752 1005 1794 1045 S.

356 1062 505 1100 Ioannis
528 1061 799 1110 eleemosynarii
827 1073 860 1101 c.
878 1062 952 1101 26:
992 1066 1028 1096 et
1049 1072 1132 1096 ecce
1154 1058 1323 1110 quidam
1343 1061 1482 1128 regius
1503 1059 1796 1110 cubicularius,

357 1117 506 1154 habens
534 1130 664 1154 secam
686 1123 721 1153 et
743 1116 849 1152 alios
870 1115 1048 1167 obsequii
1069 1114 1219 1164 divini,
1258 1115 1375 1156 θείου
1410 1112 1586 1168 ὄψικίου.
1640 1114 1796 1155 Anasta-

357 1175 428 1212 sius
453 1173 663 1214 Bibliothec.
683 1174 721 1211 in
738 1173 874 1210 Histor.
894 1172 1049 1211 Eccles.:
1077 1172 1326 1223 sumptisque
1349 1185 1480 1210 secum
1501 1172 1568 1210 hie
1589 1173 1663 1224 qui
1681 1180 1798 1211 erant

358 1230 510 1268 obsicii.
565 1230 674 1268 item:
703 1230 843 1267 Maria
866 1242 967 1266 uxor
986 1230 1134 1266 Leonis
1154 1235 1347 1266 coronata
1368 1236 1426 1266 est
1447 1229 1489 1267 in
1514 1228 1689 1267 triclinio
1707 1229 1798 1270 Au-

354 1294 507 1338 gusta,
546 1293 582 1322 et
610 1287 803 1337 processit
833 1285 921 1323 sola
951 1298 1044 1328 cum
1071 1285 1239 1322 solemni
1265 1284 1463 1336 obsequio.
1520 1285 1553 1325 ei
1571 1287 1797 1336 praepositus

357 1356 478 1381 comes
496 1342 659 1393 obsequii
678 1344 814 1388 dictus,
844 1337 971 1393 κόμης
994 1338 1172 1391 ὄψικίου,
1200 1342 1299 1392 apud
1316 1341 1590 1393 Theophanem.
1626 1342 1797 1392 synodus

355 1400 549 1450 Cpolitana
572 1401 599 1439 7
619 1400 761 1439 act.1:
791 1394 963 1450 κόμητος
985 1400 1058 1438 τοῦ
1079 1394 1360 1449 θεοφυλάκτου
1387 1398 1594 1450 βασιλικοῦ
1615 1393 1794 1448 σ’ψικίου.
1844 1393 1847 1398 ’

352 1456 565 1494 Anastasius
586 1454 756 1495 Biblioth.
785 1455 839 1492 ita
863 1455 990 1493 vertit:
1035 1455 1176 1491 comite
1197 1453 1267 1491 deo
1292 1452 1552 1491 conservandi
1572 1454 1796 1505 imperialis

355 1513 487 1561 officii.
545 1511 739 1560 legendum
774 1510 952 1562 obsequii
981 1510 1037 1550 vel
1067 1511 1186 1561 potius
1212 1510 1373 1547 obsicii.-
1413 1515 1603 1560 utrumque
1632 1515 1794 1560 usurpat.

353 1570 450 1607 idem
468 1567 680 1605 Anastasius
699 1569 736 1604 in
759 1567 856 1606 Hist.
877 1567 1014 1606 Eccles.
1036 1567 1294 1615 Baclzurius,
1321 1567 1457 1617 inquit,
1487 1568 1648 1617 primus
1661 1568 1795 1618 patri-

353 1626 441 1661 cias
466 1630 501 1659 et
523 1637 649 1659 comes
675 1623 836 1673 obsequi
859 1624 1115 1673 interemptus
1134 1630 1202 1663 est.
1259 1624 1311 1660 sie
1327 1635 1395 1660 ms.
1412 1622 1496 1672 lege
1513 1621 1700 1673 obsequii.
1755 1626 1796 1661 et

352 1680 391 1718 in
415 1679 655 1718 collectaneis
679 1680 717 1716 in
745 1678 878 1717 Exsilio
905 1679 945 1719 S.
967 1679 1133 1717 Martini:
1162 1680 1284 1717 mittit
1307 1678 1601 1716 chartularium
1622 1691 1740 1716 suum
1758 1684 1795 1716 et

354 1734 548 1787 quosdam
573 1749 617 1771 ex
645 1734 830 1786 obsequio
854 1748 940 1772 suo.
996 1735 1198 1785 Gregorius
1217 1738 1244 1776 2
1262 1736 1299 1773 in
1320 1735 1425 1802 epist.
1448 1735 1496 1773 ad
1513 1734 1675 1774 Leonem
1692 1734 1795 1773 Isau-

352 1806 451 1830 rum.
485 1788 696 1838 Νεζεύξιος
723 1788 796 1843 γάρ
825 1789 846 1831 ὁ
870 1787 956 1831 τότε
976 1787 1104 1842 κόμης
1123 1793 1194 1840 τῆς
1213 1793 1387 1842 πομπῆς.
1443 1792 1639 1842 interpres:
1669 1803 1795 1828 comes

355 1848 552 1899 obsequii5
581 1848 652 1884 nisi
669 1848 749 1915 ipse
769 1848 971 1896 Gregorius
993 1850 1068 1897 est,
1107 1848 1170 1897 qui
1189 1847 1319 1885 Latine
1335 1847 1492 1897 scripsit.
1542 1849 1616 1887 τοῦ
1635 1845 1794 1913 λεγομέ-

355 1920 430 1944 νου
454 1905 660 1956 βασιλικοῦ
681 1899 855 1954 ὄψικίου,
883 1902 1140 1955 Nicephorus·
1132 1916 1169 1941 ιιι
1187 1903 1295 1942 Brev
1318 1903 1457 1941 Histor.
1484 1903 1567 1943 hinc
1583 1898 1793 1951 ὄψικεύειν

355 1961 522 2010 obsequi,
555 1960 728 2007 comitari,
758 1959 968 2009 obsequium
984 1966 1215 2010 praestare.
1241 1959 1504 2009 TheophaneS.
1534 1974 1586 2006 ως
1602 1955 1794 2006 ’ὑπατικὸς

357 2012 579 2066 όψικεύετο.
637 2015 774 2054 Concil.
792 2016 1040 2054 Florentinum
1059 2029 1150 2054 sess.
1170 1993 1241 2058 16·
1265 2010 1451 2067 ἀπῆλθον
1472 2012 1516 2055 δὲ
1536 2010 1682 2065 πάντες
1700 2011 1792 2067 ὄψι-

355 2069 538 2119 κεύοντες
555 2087 624 2112 τον
644 2067 900 2123 πατριάρχην.

470 2125 492 2169 ὄ
504 2138 538 2179 ψ
552 2127 584 2167 ω’
593 2143 616 2167 ν
628 2143 642 2167 ι
654 2143 674 2167 ο
686 2143 711 2167 ν
743 2129 954 2176 obsonium,
983 2127 1224 2178 stipendium,
1252 2127 1425 2175 diarium,
1449 2126 1626 2167 salarium.
1684 2126 1795 2194 Poly-

357 2186 467 2223 bius:-
499 2187 548 2238 τῇ
568 2187 646 2223 τῶν
669 2180 861 2235 ὀψωνίων
881 2179 1080 2223 ἀποδόσει.
1136 2184 1294 2220 citatur'
1286 2197 1323 2221 ιιι
1347 2183 1484 2232 Ecloga
1503 2182 1593 2235 περὶ
1613 2184 1683 2234 τῆς
1702 2178 1795 2234 ἀρε-

357 2244 430 2293 τῆς
451 2240 519 2280 καὶ
535 2241 672 2287 κακίας
695 2240 906 2281 ms.G10ss.
928 2241 994 2277 Gr.
1016 2239 1100 2279 Lat.
1133 2234 1318 2288 ὄψιόνιον
1342 2241 1571 2289 opsonium,
1599 2237 1794 2277 diarium.

353 2298 398 2335 B.
427 2298 582 2347 Gregor.
613 2297 791 2336 Nazianz.
826 2301 916 2337 orat.
948 2297 994 2335 9:
1040 2291 1228 2347 ἀρκεῖσθε
1262 2298 1345 2342 τοῖς
1379 2295 1495 2342 ἰδίοις
1527 2291 1729 2346 ὄψὼνίοις
1753 2294 1797 2335 οἱ

357 2365 609 2405 στρατιωται,
647 2351 715 2392 καὶ
747 2350 883 2420 μηδὲν
903 2349 1002 2403 υπὲρ
1022 2367 1065 2391 το
1070 2350 1396 2421 διατεταγμένον
1405 2347 1614 2392 ἀπαιτεῖτε.
1669 2353 1793 2391 ταῦτα

354 2409 451 2459 υμῖν
490 2404 752 2450 διακελεύεται
786 2403 883 2460 μεθ’
918 2407 1036 2474 ἤμων
1070 2403 1256 2459 Ἰωάννης
1289 2423 1310 2448 ο
1348 2405 1466 2476 μέγας
1497 2410 1568 2473 τῆς
1599 2401 1793 2459 ἀληθείας

352 2466 501 2517 κηρυξ,
529 2464 557 2517 ἦ
575 2463 801 2518 πρόδρομος
821 2465 892 2505 τοῦ
910 2461 1030 2516 λόγου
1051 2461 1194 2514 φωνή·
1220 2464 1257 2504 τί
1277 2462 1397 2530 λέγων
1417 2459 1623 2515 ὄψωνιον,·
1651 2478 1695 2503 το
1718 2464 1794 2515 βα·-

354 2518 506 2561 σιλικὸν
534 2521 750 2587 σιτηρέσιον
778 2518 965 2573 δηλονότι·
977 2519 1043 2560 καὶ
1061 2517 1129 2566 τάς
1147 2517 1405 2573 ὑπαρχούσας
1429 2520 1472 2561 ἐκ
1497 2517 1625 2571 νόμον
1645 2523 1728 2567 τοῖς
1749 2518 1793 2559 ἐν

356 2573 550 2629 ἀξιώμασι
566 2573 730 2629 δωρεάς.
767 2579 812 2615 Β.
837 2577 1113 2628 Chrysostomus
1130 2577 1227 2615 hom.
1248 2580 1301 2618 23
1325 2580 1362 2615 iu
1381 2577 1570 2627 posterior.
1589 2576 1639 2613 ad
1660 2576 1794 2613 Corin-

352 2636 466 2672 tilios:
497 2631 590 2674 όταν
607 2650 680 2687 γαρ
699 2633 788 2687 εἴπῃ
809 2629 987 2683 ὀψώνια,
1016 2629 1091 2685 τὴν
1110 2629 1327 2685 ἀναγκαίαν
1339 2632 1443 2698 λέγει
1465 2628 1630 2684 τροφήν.
1667 2631 1791 2670 Theo-

352 2691 539 2741 phylactus
567 2692 604 2728 in
634 2691 737 2742 epist.
774 2690 873 2728 Pauli
902 2691 950 2727 ad
977 2691 1083 2729 Rom.
1113 2705 1153 2729 c·
1171 2693 1220 2732 6:
1258 2685 1439 2740 ὀψώνιον
1465 2688 1614 2741 λέγεται
1639 2683 1680 2726 τὸ
1710 2690 1792 2733 τοῖς

355 2742 603 2797 στρατιώταις
629 2744 736 2798 παρὰ
765 2749 836 2786 τοῦ
866 2745 1055 2797 βασιλέως
1077 2742 1283 2797 διδόμενον
1306 2744 1537 2797 σιτηρέσιον.
1593 2745 1791 2783 oecumen.

353 2804 392 2839 in
412 2803 517 2841 eand.
543 2804 648 2854 epist.
668 2816 698 2843 c.
721 2803 763 2842 8:
802 2797 987 2854 ὀψώνιον
1017 2801 1165 2857 λέγεται
1191 2800 1218 2856 ἦ
1242 2800 1424 2855 βασιλικη
1449 2795 1590 2854 δωρεα.
1644 2799 1792 2839 Nicetes
