1890 3236
456 201 856 248 HISTORIARUM
890 199 1279 249 COMPENDIUM.
1509 199 1609 248 289

135 327 250 376 μω,
282 317 351 360 καὶ
373 313 626 374 οῧκρῦβδην
653 315 760 359 ἀλλὰ
790 320 978 375 φανερῶς
1001 313 1155 372 ταύτης
1178 316 1422 361 ἀντεποιεῖτο
1439 313 1611 374 ὡσπερεὶ

132 383 328 445 πατρῴου
357 383 599 443 πράγματος
624 386 694 428 καὶ
724 383 977 442 προγονόθεν
1007 385 1120 444 αὐτῷ
1148 383 1388 442 ἀνήκοντος,
1423 387 1490 429 καὶ
1511 384 1608 431 ὅσον

134 451 254 498 οὔπω·
271 452 388 510 ἥξειν
416 456 475 505 εἰς
507 454 631 497 αὐτὸν
652 452 708 505 ὥς
737 457 794 505 εἷς
819 453 991 509 νόμιμον
1013 455 1208 511 διαδοχὴν
1231 453 1488 514 ε’φαντάζετο.
1557 448 1610 498 οὗ

133 522 208 579 τὴν
224 521 358 581 ὁρμὴν
375 521 649 578 ἀκατάσχετον
667 517 796 566 οὖσαν
812 524 1017 581 φοβηθεὶς
1034 521 1055 566 ὅ
1075 528 1149 566 τοῦ
1165 525 1366 579 βασιλέως
1386 526 1610 569 Κωνσταν-

99 593 245 636 &xlm
263 591 524 649 παιδαγωγὸς
546 589 783 649 Θεόδωρος,
827 594 894 634 καὶ
916 590 976 648 μή
997 609 1037 635 τι
1057 590 1176 650 πάθῃ
1200 595 1336 644 δείσας
1360 591 1382 636 ὅ
1401 592 1608 648 βασιλεύς,

132 659 315 705 ῧπέθετο
341 665 595 719 τῷβασιλεΐ
621 662 918 719 Κωνσταντίνῳ
950 662 1165 719 λαθραίως
1195 663 1510 719 προσλαβέσθαι
1538 663 1609 706 τὸν

132 728 565 787 πατρίκιονῬωμανὸν
583 730 650 772 καὶ
670 728 939 786 δρουγγάριον
951 734 1034 774 τῶν
1052 733 1259 786 πλωΐμων,
1295 731 1489 789 πατρικὸν
1510 731 1609 776 ὄντα

133 800 283 843 domur
308 799 377 841 καὶ
403 799 457 842 τὰ
485 798 614 842 αὐτοῦ
643 803 873 856 φρονοῦντα
900 798 970 841 διὰ
997 798 1171 852 παντός,
1217 798 1319 843 ὥστε
1342 808 1518 844 συνεῖναι
1539 803 1608 844 καὶ

77 932 322 992 θέντνχίας-
335 931 407 979 οὖν
423 939 589 994 πρῶτον
607 937 697 994 περὶ
720 935 866 980 τούτου
890 939 1103 993 γενομένης
1121 936 1142 980 ὃ
1163 935 1371 992 Ῥωμανὸς
1393 939 1606 992 ἀπείπατο,

130 1006 200 1048 καὶ
223 1003 348 1048 πάλιν
377 1006 445 1048 καὶ
473 1003 668 1056 πολλάκις
702 1006 1007 1062 πειρασθέντων
1033 1011 1115 1050 τῶν
1146 1006 1253 1065 ἀμφὶ
1286 1006 1357 1051 τὸν
1388 1007 1607 1066 Θεόδωρον

129 1073 343 1118 ‘indume-
410 1074 566 1126 zaetas*
592 1073 849 1131 γραμμάτιον
878 1073 1114 1133 αὖτόχειρον
1141 1074 1331 1134 χαράξας
1361 1075 1383 1119 ὅ
1411 1078 1607 1131 βασιλεὺς

127 1144 198 1186 καὶ
217 1148 414 1201 φοινικοῖς
428 1141 694 1198 ὖποσημάνας
713 1142 950 1201 γράμμασιν
973 1145 1204 1188 ἀπέστειλεν
1223 1144 1347 1198 αὐτό,
1383 1144 1464 1197 εἶξέ
1481 1165 1523 1190 τε
1541 1149 1606 1190 ε’πὶ

123 1219 270 1271 χεῖρας
285 1215 407 1256 τοῦτο
426 1211 580 1266 λαβών,
623 1214 691 1255 καὶ
716 1214 996 1269 καθυπέσχετο
1028 1214 1102 1270 τὴν
1130 1219 1206 1258 τοῦ
1234 1217 1603 1273 παρακοιμωμένου

74 1282 442 1325 ῙὸΚωνστοιντίνου
464 1282 532 1324 καὶ
552 1285 633 1325 τῶν
658 1287 858 1338 συγγενῶν
880 1283 1006 1326 αὐτοῦ
1024 1284 1206 1327 ἐπίθεσιν
1225 1288 1405 1328 κωλῦσαι
1428 1286 1534 1328 κατὰ
1553 1285 1600 1329 τὸ

127 1351 347 1407 ἓῄςωροῦν.
413 1350 468 1394 τὰ
486 1350 561 1406 μὲν
583 1345 655 1394 οὖν
673 1353 906 1407 λαληθέντα
930 1354 996 1394 καὶ
1017 1353 1286 1408 στοιχηθέντα
1305 1353 1412 1396 οὕτω
1431 1355 1603 1410 προέβη,

128 1421 196 1462 καὶ
217 1419 287 1462 διὰ
306 1423 380 1475 τῆς
398 1419 553 1478 ἀγορᾶς
570 1422 638 1463 καὶ
657 1425 739 1463 τῶν
760 1420 981 1480 λεωφόρων
1009 1423 1076 1463 καὶ
1108 1427 1189 1464 τῶν
1214 1427 1427 1465 στενωπῶν
1449 1421 1604 1478 ὗπεψι-

126 1489 340 1546 θυρίζετο·
370 1485 394 1530 ὃ
417 1489 463 1531 δὲ
478 1488 853 1546 παρακοιμώμενος,
884 1491 1029 1547 καίπερ
1049 1490 1123 1534 οὐκ
1146 1489 1318 1547 ἀνήκοος
1339 1490 1396 1534 ὢν
1414 1497 1496 1535 τῶν
1514 1493 1600 1536 κατ’

127 1557 256 1601 mimi?
272 1557 572 1613 μελετωμένων,
606 1558 869 1616 κατεφρόνει,
904 1559 962 1614 μὴ
997 1559 1048 1602 ἄν
1081 1577 1178 1603 ποτε
1209 1562 1365 1616 οἰηθεὶς
1399 1563 1607 1617 τολμῆσαί

69 1632 218 1670 mum
237 1627 481 1683 ἐπιχείρησιν
508 1627 602 1670 κατ’
634 1628 763 1671 αὐτοῦ
790 1626 1060 1683 ποιήσασθαι.
1129 1629 1308 1681 ἐξελθὼν
1337 1624 1410 1672 οὖν
1440 1633 1504 1673 καὶ
1527 1631 1600 1686 τὴν
1622 1655 1653 1690 Β

124 1693 288 1752 συνήθη
315 1695 513 1751 διανομὴν
539 1701 613 1752 τῆς
643 1696 767 1755 ρόγας
791 1696 1064 1754 ποιησάμενος
1090 1703 1171 1742 τῶν
1193 1702 1399 1754 πλωΐμων,
1436 1703 1503 1742 καὶ
1528 1700 1599 1743 τὸν

118 1761 330 1821 Ῥωμαικὸν
364 1763 616 1809 ἐπισπεύδων
650 1766 790 1823 τάχιον
820 1768 1037 1810 ἐκπλεῦσαι
1046 1800 1061 1821 ,
1116 1769 1341 1826 περιπίπτει
1380 1774 1440 1827 τῷ
1476 1769 1599 1829 λόχῳ.

215 1896 240 1931 2
261 1890 472 1940 ἀνήκοντος
493 1895 597 1946 αὐτῷ
616 1898 646 1932 C
786 1899 808 1934 8
831 1893 879 1933 τὰ
902 1892 1000 1934 αὐτὰ
1020 1897 1052 1933 C
1194 1900 1238 1936 17
1259 1898 1327 1944 τῆς
1349 1896 1545 1945 λεωφόρου
1567 1901 1599 1935 C

217 1943 262 1978 18
283 1943 408 1977 καίτοι
430 1943 462 1978 C
575 1946 618 1980 21
644 1954 677 1979 σ.
700 1942 817 1990 ῥόγαν
839 1957 880 1982 π.
905 1945 936 1980 C
1051 1944 1142 1991 ταῖν]
1166 1942 1186 1981 ὁ
1212 1945 1289 1981 τῶν
1313 1947 1343 1981 C
1467 1949 1513 1983 22
1537 1945 1599 1992 ἐμ-

213 1987 372 2024 πλεῦσαι
388 1982 420 2024 C
555 1993 788 2036 παραπίπτει
812 1992 864 2039 τῷ
888 1990 985 2039 λόγῳ
1013 1990 1045 2026 C

121 2114 165 2139 ea
185 2115 227 2139 re
248 2103 375 2140 multus
398 2108 493 2151 erat,
522 2117 636 2152 neque
660 2107 795 2142 occulte
818 2107 882 2142 sed
905 2106 1017 2152 palam
1040 2105 1223 2152 imperium
1247 2108 1458 2151 affectabat,
1490 2107 1598 2153 idque

120 2149 232 2186 veluti
253 2161 328 2186 rem
349 2163 370 2186 a
391 2152 582 2187 maioribus
609 2153 682 2187 suis
717 2154 760 2188 ad
791 2165 831 2187 se
860 2154 1113 2199 pertinentem,
1148 2154 1399 2198 quamprimum
1423 2155 1468 2189 ad
1495 2167 1534 2188 se
1558 2160 1597 2190 ut

119 2196 312 2242 legitimum
335 2198 500 2233 heredem
523 2199 723 2235 devolutum
746 2199 791 2234 iri
817 2200 1026 2234 somniabat.
1055 2201 1153 2234 cuius
1176 2199 1471 2234 vehementiorem
1493 2211 1596 2245 quam

119 2243 285 2288 impediri
315 2249 356 2278 ut
386 2250 509 2289 posset
540 2251 702 2280 conatum
727 2246 854 2280 timens
877 2246 1087 2280 Theodorus
1110 2246 1332 2290 imperatoris
1356 2247 1594 2293 paedagogus,

120 2294 349 2335 metuensque
371 2301 417 2325 ne
439 2302 504 2325 suo
527 2291 666 2326 domino
691 2303 734 2326 ea
755 2303 814 2326 res
837 2291 948 2326 exitio
971 2293 1085 2335 foret,
1111 2292 1192 2326 huic
1216 2292 1366 2326 consulit
1390 2294 1440 2326 uti
1461 2293 1595 2327 Roma—

120 2345 201 2370 num
226 2334 410 2381 patricium
433 2336 657 2381 drungarium
681 2337 802 2372 classis
825 2337 961 2373 occulte
984 2338 1053 2373 sibi
1072 2338 1246 2373 adsciscat
1269 2340 1470 2383 custodem,
1500 2350 1542 2373 ac
1563 2339 1596 2374 si

119 2392 178 2416 ree
201 2380 252 2416 ita
274 2382 450 2428 postulet,
479 2384 721 2418 defensorem:
755 2395 831 2418 eum
866 2384 999 2429 quippe
1031 2391 1211 2430 paternum
1245 2396 1324 2418 esse
1354 2384 1467 2429 ipsius
1489 2384 1595 2419 mini-

118 2432 249 2472 strum,
285 2434 559 2474 constanterque
581 2429 651 2475 ipsi
674 2429 896 2464 benevolum.
944 2430 1091 2476 primum
1124 2430 1189 2465 hac
1218 2430 1264 2464 de
1292 2442 1331 2465 re
1367 2430 1595 2476 compellatus

119 2473 298 2508 Romanus
320 2475 458 2518 renuit3
493 2482 530 2511 et
558 2475 684 2510 iterum
717 2487 759 2510 ac
786 2475 927 2521 saepius
951 2476 1142 2511 Theodoro
1166 2476 1315 2511 animum
1338 2476 1412 2512 eius
1435 2482 1596 2513 tentante

117 2520 310 2555 recusavit.
356 2522 496 2556 tandem
530 2533 606 2556 cum
634 2522 754 2556 literas
789 2533 892 2557 manu
925 2522 1149 2568 imperatoris
1179 2523 1333 2568 scriptas
1366 2523 1412 2557 ab
1444 2523 1595 2569 ipsoque

117 2565 278 2612 puniceis
306 2567 531 2613 subsignatas
563 2568 675 2603 literis
709 2569 752 2603 ad
777 2579 817 2603 se
840 2568 964 2603 missas
987 2569 1200 2614 accepisset,
1229 2569 1422 2610 concessit3
1453 2569 1594 2615 pollici-

117 2619 246 2657 tueque
269 2618 326 2648 est
347 2625 398 2657 se,
424 2620 590 2659 quantum
614 2615 689 2649 eius
713 2615 792 2649 fieri
817 2620 950 2660 posset,
974 2615 1198 2650 Constantini
1219 2615 1424 2650 cubicularii
1448 2616 1595 2662 eiusque

117 2664 344 2703 cognatorum
367 2661 564 2695 molitiones
584 2660 845 2706 impediturum.
893 2661 961 2695 hoc
983 2662 1085 2696 modo
1108 2673 1166 2696 res
1187 2661 1393 2707 composita,
1417 2673 1460 2696 ac
1482 2663 1527 2698 de
1551 2674 1594 2698 ea

116 2703 154 2738 in
178 2705 256 2739 foro
285 2706 446 2753 compitis
472 2719 515 2742 ac
539 2707 736 2752 angiportis
759 2708 1020 2743 susurrabatur.
1068 2708 1319 2743 Constantinus
1352 2714 1468 2743 autem
1492 2708 1594 2743 cubi-

117 2748 289 2796 cularius,
325 2763 524 2799 quanquam
556 2754 590 2788 ei
622 2765 713 2799 quae
745 2760 869 2789 contra
891 2754 1003 2799 ipsum
1026 2760 1249 2790 struerentur
1271 2766 1342 2790 non
1366 2760 1465 2790 erant
1487 2754 1591 2790 inau-

116 2796 204 2841 dita,
227 2797 290 2832 illa
311 2802 430 2834 tamen
452 2801 710 2844 contemnebat,
744 2800 915 2835 neminem
939 2811 1088 2846 unquam
1113 2801 1283 2836 adversus
1306 2812 1346 2836 se
1369 2800 1501 2846 aliquid
1527 2812 1592 2835 au-

115 2853 233 2879 surum
257 2843 418 2890 opinans.
465 2847 529 2882 sed
551 2858 627 2882 cum
653 2847 696 2881 ad
720 2846 866 2882 classem
890 2848 1130 2892 egrederetur,
1153 2859 1258 2893 rogas
1280 2848 1326 2882 de
1349 2853 1446 2882 more
1468 2847 1592 2882 distri-

116 2890 286 2936 buturus,
316 2891 546 2939 Romanoque
571 2894 793 2929 mandaturus
820 2899 859 2930 ut
886 2893 1139 2940 quamprimum
1169 2894 1373 2941 navigaret,
1407 2893 1532 2928 incidit
1555 2893 1593 2928 in

175 2943 309 2990 Georg.
341 2944 514 2983 cedrenus
541 2951 623 2983 tom.
655 2948 704 2982 11.
1260 2943 1312 2984 19

72 887 77 892 ·
133 865 422 926 διαφυλάττειν
441 865 579 919 αὐτόν,
614 869 682 910 καὶ
713 870 749 910 εῗ
779 865 935 923 δεήσει,
978 866 1196 924 σύμμαχον
1218 868 1320 924 ἔχειν
1342 871 1409 911 καὶ
1430 869 1605 925 βοηθόν.
1628 889 1658 924 p
1682 892 1749 927 615
