1890 3236
290 196 387 243 336
766 192 1017 238 GEORGII'
1033 193 1273 237 GEDRENI

418 307 468 350 ‘O
490 306 535 350 δὲ
552 309 633 349 τῶν
649 309 805 360 σχολῶν
827 304 1059 360 δομέστικος
1082 302 1250 363 Βάρδας
1268 304 1372 348 κατὰ
1394 309 1472 350 τῶν
1493 302 1740 366 {quim-'dya-

292 380 422 435 ρηνῶν
440 371 732 431 ἐκστρατεύσας
752 373 803 417 τὰ
822 374 863 416 ἐν
883 375 998 417 ποσὶν
1018 373 1177 417 ἅπαντα
1197 374 1496 431 κατεστρέψατο
1508 405 1520 425 ,
1553 373 1740 419 {Mer-naz

291 442 468 502 φρούρια
492 440 632 493 ἱκανά,
667 439 980 498 ἐκπολιορκήσας
1009 443 1075 484 καὶ
1107 443 1180 498 τὴν
1198 441 1436 499 περιβόητον
1458 441 1661 486 ’.Άδαπανι4
1676 438 1684 453 ⁷
1708 440 1740 486 ὅ

291 513 335 555 δὲ
354 510 546 566 βασιλεὺς
563 507 808 564 βουλόμενος
827 513 893 552 καὶ
912 510 1008 561 τοὺς
1031 511 1074 552 ἓν
1094 515 1144 569 τῇ
1171 510 1314 567 Κρήτῃ
1342 508 1605 568 Σαρακηνοῦς
1625 525 1742 554 συνε-

240 587 271 620 D
290 584 376 635 χῶς
396 575 731 636 ε’κστρατεόοντας
755 579 823 621 καὶ
849 579 901 621 τὰ
920 577 1098 636 παράλια
1119 584 1191 634 τῆς
1214 578 1439 634 Ῥωμαϊκῆς
1457 583 1531 634 γῆς
1548 580 1775 636 ‹lypum-'v

295 650 362 691 καὶ
387 646 702 703 κατατρέχοντας
719 647 945 705 ἐκφοβῆσαι
975 649 1043 690 καὶ
1068 653 1140 703 τῆς
1167 648 1337 702 ἀσχέτου
1369 647 1575 703 ἀνακόψαι
1602 644 1744 704 ὃρμῆς,
1770 664 1773 668 ’

293 715 465 773 στρατὸν
496 714 558 758 ὅτι
579 719 764 758 πλεῖστον
791 716 983 767 συλλέξας
1006 718 1072 759 καὶ
1090 715 1234 759 στόλον
1253 717 1488 774 εὐτρεπίσας
1507 716 1581 759 οὔκ
1602 714 1746 772 ἀγεννῆ

294 779 483 838 ἐκπέμπει
500 783 602 826 κατὰ
623 788 694 839 τῆς
712 783 860 839 νήσου,
902 785 1126 841 στρατηγὸν
1153 784 1368 839 ἐπιστήσας
1397 791 1482 835 τοῖς
1506 788 1605 828 πᾶσι
1625 784 1747 826 Κων-

295 859 502 896 σταντΐνον
520 854 727 909 πατρίκιον
744 852 814 894 τὸν
830 854 870 894 Γ
866 852 1048 909 ογγύλην,
1070 855 1298 910 θηλυδρίαν
1316 852 1534 910 ἄνθρωπον
1548 853 1615 895 καὶ
1630 868 1748 900 σκια-

295 925 433 978 τραφῆ
453 922 520 963 καὶ
538 919 852 978 ἀπειροπόλεμον
874 923 942 964 καὶ
964 922 1032 963 ἕνα
1051 926 1129 964 τῶν
1149 923 1191 964 ἓν
1211 926 1270 980 τῷ
1290 922 1470 979 παλατίῳ
1495 917 1746 976 θαλαμηπό-
1758 925 1803 963 10

295 994 398 1032 λων·
433 989 477 1040 ὃς
497 991 551 1040 εἰς
567 989 640 1042 τὴν
656 993 780 1044 νῆσον
801 992 1041 1046 περαιωθεὶς
1063 992 1128 1032 καὶ
1144 991 1271 1046 μηδὲν
1291 989 1403 1041 ἄξιον
1428 987 1750 1047 διαπραξάμενος

296 1062 545 1115 στρατηγοῦ,
578 1055 679 1112 μήτε
706 1059 1013 1114 στρατοπεδείαν
1039 1057 1264 1113 πηξάμενος
1291 1059 1480 1116 ἀσφαλῆ,
1518 1056 1620 1114 μήτε
1651 1063 1750 1100 σκο-

154 1137 184 1171 Ρ
207 1136 271 1172 641
296 1127 398 1177 ποὺς
421 1124 639 1181 ἐπιστήσας
665 1128 733 1168 καὶ
761 1133 1014 1183 κατοπτῆρας
1041 1129 1107 1169 καὶ
1140 1128 1197 1170 δι’
1230 1127 1363 1170 αὐτῶν
1390 1127 1467 1177 τὰς
1491 1125 1751 1184 βαρβαρικὰς

298 1193 579 1254 φυλαξάμενος
605 1193 781 1252 ἐφόδους
788 1226 801 1246 ,
841 1194 1008 1253 κινδύνῳ
1031 1196 1204 1254 μεγίστῳ
1220 1198 1454 1253 περιπίπτει.
1522 1195 1560 1238 οἳ
1579 1194 1658 1251 γὰρ
1680 1211 1750 1250 νη·

296 1268 437 1307 σιῶται
453 1263 525 1318 τὴν
542 1263 723 1320 ἀπειρίαν
742 1266 809 1306 καὶ
830 1264 903 1320 τὴν
921 1264 1108 1319 ἀμέλειαν
1127 1263 1457 1320 κατανενοηκότες
1481 1268 1553 1306 τοῦ
1573 1278 1749 1320 στρατη-
1761 1267 1804 1304 15

295 1337 392 1389 γοῦ,
437 1331 577 1389 καιρὸν
615 1331 920 1388 ε’πιζητῆσαντες
951 1331 1173 1389 ἐπιτήδειον
1205 1334 1395 1390 ἐξαίφνης
1421 1333 1674 1375 ἐπιτίθενται
1693 1334 1750 1390 τῷ

296 1399 566 1458 στρατεύματι
575 1431 588 1451 ,
624 1403 690 1443 καὶ
712 1401 924 1457 τρέπονται
952 1402 1025 1455 μὲν
1055 1406 1173 1445 τοῦτο
1202 1402 1372 1462 ῥαδίως,
1406 1399 1462 1452 ὥς
1479 1399 1652 1451 πολλοὺς
1671 1403 1753 1442 τῶν

293 1468 502 1523 Ῥωμαίων
532 1470 788 1529 αἰχμαλωσίᾳ
825 1471 893 1512 καὶ
922 1468 1075 1528 σιδήρῳ
1104 1472 1439 1528 διαμερισθῆναι,
1484 1469 1676 1524 κατέσχον
1707 1467 1754 1510 δὲ

301 1539 368 1580 καὶ
389 1537 435 1580 τὸ
454 1536 725 1594 στρατόπεδον
742 1536 864 1590 αὐτό,
894 1542 973 1580 τῶν
986 1536 1203 1592 ζ,Ρωμαίων
1220 1539 1433 1593 αῗσχίστως
1450 1535 1752 1594 ἀποφυγόντων.

300 1609 447 1662 μικροῦ
466 1606 507 1648 δ’
531 1604 581 1648 ἂν
601 1604 707 1649 ἑάλω
727 1608 795 1649 καὶ
821 1604 841 1648 ὃ
865 1608 905 1647 Γ
901 1605 1104 1662 ογγύλιος,
1147 1609 1182 1649 εἶ
1201 1607 1260 1662 μὴ
1283 1607 1594 1656 συνασπίσαντες
1618 1605 1655 1648 οἱ
1674 1608 1808 1652 θε-Ξο

302 1673 494 1730 ράποντες
521 1672 780 1732 ἓξερρῦσαντο
807 1674 928 1717 αὐτὸν
950 1679 1021 1729 τῆς
1041 1677 1318 1730 αἰχμαλωσίας
1337 1677 1403 1718 καὶ
1425 1676 1481 1726 εἷς
1505 1673 1578 1729 τὴν
1598 1690 1753 1731 ναυαρ-

299 1745 398 1797 χίδα
424 1742 714 1796 ἐμβιβάσαντες
733 1742 989 1786 διεσώσαντο.

255 1823 285 1856 Β
434 1809 647 1864 ιΡωμανός
666 1812 711 1854 δὲ
728 1809 748 1854 ὃ
771 1816 844 1855 τοῦ
862 1811 1060 1866 βασιλέως
1081 1812 1386 1855 Κωνσταντίνου
1411 1809 1499 1862 υἱὸς
1517 1809 1756 1866 τελεωτέρας

394 1928 418 1962 3
440 1922 584 1962 ἅδαναν
607 1927 637 1962 C
770 1930 794 1964 9
815 1925 1006 1973 γογγύλιον
1032 1929 1061 1963 C
1187 1929 1231 1964 10
1254 1926 1320 1964 ἕνα
1343 1941 1398 1965 om
1421 1929 1452 1964 C
1567 1927 1611 1965 14
1633 1925 1755 1973 ἄσφα-

395 1972 585 2018 λισάμψενος
603 1974 633 2008 C
773 1976 816 2010 19
839 1974 949 2010 αυτοὶ
966 1976 996 2011 C

394 2075 539 2110 Interim
561 2076 695 2110 Bardas
716 2075 910 2110 scholarum
932 2077 1140 2112 domesticus
1163 2075 1385 2123 expeditione
1408 2075 1444 2110 in
1461 2075 1647 2110 orientales
1662 2074 1756 2120 Agn-

305 2132 410 2156 renos
434 2122 529 2156 facta
552 2121 657 2156 obvia
679 2133 837 2167 quaeque
861 2123 1030 2168 vastavit,
1065 2123 1232 2169 permulta
1261 2122 1401 2157 castella
1434 2121 1547 2167 cepit,
1578 2122 1758 2167 ipsamque

307 2169 394 2202 adeo
428 2168 581 2202 nobilem
612 2169 729 2202 urbem
763 2169 918 2213 Adapam
951 2181 993 2203 ex
1021 2169 1178 2213 ugnavit.
1224 2168 1412 2214 imperator
1434 2175 1547 2202 autem
1571 2167 1759 2203 Cretenses

307 2214 523 2256 Saracenos,
551 2213 611 2259 qui
634 2215 757 2249 crebro
781 2214 969 2249 maritimas
1023 2226 1218 2249 omanorum
1242 2214 1397 2249 diciones
1419 2213 1673 2249 incursionibus
1694 2223 1761 2249 ve-

306 2261 447 2303 xabant,
473 2259 617 2305 cupiens
641 2261 820 2295 deterrere
842 2271 1028 2305 eorumque
1050 2260 1248 2295 immodicos
1265 2260 1413 2306 impetus
1428 2260 1630 2305 reprimere,
1649 2259 1759 2294 maxi—

305 2317 395 2339 mum
419 2305 593 2340 contrahit
616 2306 803 2340 exercitum
827 2306 1041 2351 classemque
1063 2318 1278 2352 nequaquam
1301 2306 1593 2349 contemnendam,
1616 2317 1762 2351 eamque

306 2351 343 2385 in
367 2352 509 2385 Cretam
533 2351 671 2395 emittit,
692 2352 870 2407 praefecto
894 2353 958 2387 toti
983 2352 1034 2387 rei
1061 2353 1288 2387 Constantino
1313 2351 1459 2397 patricio
1473 2351 1647 2397 Gongyla,
1671 2353 1761 2387 effe->

306 2396 435 2431 minato
458 2396 596 2431 homine
629 2403 665 2443 et
694 2410 731 2432 ln
763 2399 883 2432 umbra
906 2398 1050 2433 educato
1081 2398 1234 2443 bellique
1264 2398 1404 2443 ignaro,
1441 2409 1509 2432 uno
1533 2398 1578 2432 de
1599 2397 1762 2453 palatinis

306 2442 539 2477 cubiculariis.
587 2443 618 2477 is
640 2443 677 2477 in
699 2444 840 2478 Cretam
864 2444 1010 2479 traiecta
1033 2444 1143 2479 classe
1166 2443 1252 2478 nihil
1277 2446 1363 2478 duce
1387 2443 1527 2489 «lignum
1554 2450 1648 2488 egit:
1683 2455 1762 2478 nam

307 2493 420 2532 neque
442 2493 556 2523 castra
579 2489 721 2534 muniit,
754 2501 867 2535 neque
897 2489 1133 2536 speculatores
1165 2496 1224 2524 aut
1255 2489 1492 2536 exploratores
1516 2489 1716 2534 collocavit,
1741 2500 1763 2523 a

307 2533 433 2577 quibus
456 2534 500 2568 de
523 2535 748 2570 barbarorum
771 2536 922 2570 adventu
945 2543 1155 2579 moneretur,
1178 2547 1268 2580 quae
1289 2547 1364 2579 eum
1388 2535 1521 2569 incuria
1543 2534 1579 2570 in
1599 2546 1761 2570 summum

308 2579 453 2613 adduxit
473 2580 675 2624 periculum.
723 2593 799 2615 nam
832 2581 999 2616 insulares
1033 2581 1193 2616 socordia
1228 2587 1264 2616 et
1297 2581 1471 2626 imperitia
1493 2581 1641 2615 Romani
1664 2581 1762 2616 ducis

309 2624 544 2669 deprehensa,
567 2632 763 2671 opportuno
788 2633 890 2672 capto
914 2634 1068 2672 tempore
1091 2628 1263 2661 Romanos
1287 2628 1403 2661 subito
1429 2626 1561 2671 adorti,
1587 2626 1678 2661 nullo
1703 2638 1764 2661 ne·

311 2670 407 2714 gotio
431 2670 613 2713 fuderunt3
638 2672 804 2718 multique
826 2674 946 2707 horum
971 2673 1030 2707 alii
1053 2673 1147 2719 capti
1170 2673 1230 2707 alii
1253 2674 1348 2707 ferro
1371 2672 1592 2718 interempti,
1623 2678 1659 2708 et
1678 2672 1763 2707 reli-

310 2715 389 2760 quis
411 2715 624 2759 fugientibus
656 2724 771 2753 castra
802 2730 941 2764 quoque
970 2730 1099 2753 summo
1132 2730 1206 2753 cum
1237 2726 1429 2753 nostrorum
1465 2718 1637 2754 dedecore
1662 2723 1763 2764 capta

311 2766 403 2795 sunt.
429 2760 507 2805 ipse
531 2761 633 2796 etiam
657 2764 853 2809 Gongylius
877 2764 913 2798 in
938 2765 1084 2799 hostium
1108 2770 1315 2810 potestatem
1339 2763 1505 2807 venisset,
1529 2765 1596 2800 nisi
1615 2777 1638 2800 a
1653 2774 1763 2799 cuneo

310 2805 510 2842 famulorum
536 2813 675 2852 ereptus
700 2815 735 2843 et
757 2811 793 2843 in
818 2810 932 2845 navim
955 2811 1164 2855 praetoriam
1189 2810 1313 2844 fuisset
1335 2810 1531 2855 impositus,
1816 2838 1818 2841 s

401 2852 473 2887 Iam
495 2853 669 2888 Romanus
697 2855 916 2900 imperatoris
946 2856 1039 2892 filius
1069 2856 1219 2893 adultior
1248 2857 1343 2891 ferre
1365 2867 1434 2891 non
1459 2861 1599 2902 poterat
1621 2868 1643 2891 a
1665 2859 1764 2902 putre
