1916 3210
418 204 812 250 HISTORIARUM
857 203 1245 250 COMPENDIUM.
1463 201 1559 247 563

60 326 64 329 ’
102 316 196 372 hnic
205 349 218 372 ,
245 316 303 371 ὥς
318 317 465 375 ἐλέχθη
475 351 488 372 ,
515 317 762 377 ἀναρρηθεὶς
779 323 936 363 θᾶττον
953 317 979 375 ἢ
1002 316 1120 375 λόγος
1136 318 1210 374 τὴν
1226 316 1420 373 βασιλίδα
1438 334 1564 360 κατα-

102 385 325 444 λαμβάνει,
358 387 526 442 έλπίζων
551 387 739 442 αὐτοβοεὶ
765 386 916 443 ταύτην
941 385 1119 445 αἱρήσειν
1146 387 1215 430 διὰ
1236 386 1282 430 τὸ
1302 386 1361 441 μὴ
1381 384 1560 443 εὐπορεῖν
1582 389 1612 424 Ρ
1635 389 1703 426 765
1731 440 1737 443 ³

102 456 176 501 τὸν
209 455 381 511 βασιλέα
410 454 632 511 δυνάμεων.
699 458 766 499 καὶ
792 454 956 513 χάρακα
978 454 1205 511 πηξάμενος
1223 454 1464 511 καταντικρὺ
1484 458 1565 498 τῶν

103 527 369 583 Βλαχερνῶν,
400 523 560 582 ἴγγιστα
586 528 660 580 τῆς
688 528 815 580 μονῆς
839 528 920 568 τῶν
947 521 1071 580 ἁγίων
1095 522 1371 582 Ἀναργύρων,
1406 527 1566 579 πρῶτον

72 591 241 650 5λόγοις
275 594 343 636 καὶ
377 591 639 650 ὑποσχέσεσιν
674 592 916 649 ἀπεπειρᾶτο
957 597 1038 636 τῶν
1076 596 1272 644 πολιτῶν,
1317 591 1490 647 μηδενὸς
1522 592 1568 634 δὲ

103 661 370 718 προσέχοντος
396 661 506 719 αὐτῷ
533 660 614 717 ἤδη
641 663 708 704 καὶ
737 660 857 718 ἔργον
888 659 1048 716 ἥπτετο.
1116 663 1183 704 καὶ
1211 659 1332 711 αὐτὸς
1361 661 1406 702 δὲ
1436 658 1457 702 ὃ
1486 664 1568 714 βα-

104 729 240 781 σιλεὺς
265 727 338 773 διά
365 746 410 773 τε
437 733 520 774 τῶν
547 733 723 772 πολιτῶν
750 730 818 772 καὶ
845 734 926 772 τῶν
952 730 1282 787 παρευρεθέντων
1311 729 1415 772 κατὰ
1443 727 1568 783 τύχην

105 801 364 855 στρατιωτῶν
394 795 749 854 ἀντιπαρετάττετο
761 828 774 849 ,
817 798 915 848 τοὺς
943 798 1017 853 μέν
1046 799 1213 849 πολίτας
1241 799 1309 840 καὶ
1339 798 1409 840 τὸν
1438 799 1567 853 δῆμον

105 865 232 918 τάξας
266 866 331 910 ἐπὶ
366 870 439 910 τοῦ
476 867 652 922 τείχους
692 866 789 917 τοὺς
816 867 860 909 δὲ
886 865 1196 923 παρατυχόντας
1224 865 1473 924 στρατιώτας
1500 867 1568 908 καὶ

52 933 258 986 malove
281 934 394 986 τινὰς
419 932 541 985 ὅσους
571 934 610 978 οἷ
639 939 712 990 τῆς
742 933 967 991 συγκλήτου
999 934 1191 992 ἄρχοντες
1223 933 1397 978 κελεύσει
1423 932 1568 977 τούτου

109 1000 399 1056 καθώπλισαν,
431 1002 491 1058 μὴ
510 1003 631 1046 πλέον
649 1007 729 1046 τῶν
746 1004 886 1058 χιλίων
907 1002 1046 1056 ὄντας,
1082 1004 1285 1061 ἐξαγαγὼν
1314 1008 1389 1047 τοῦ
1412 1004 1568 1058 τείχους
1589 1013 1618 1048 Β

109 1071 180 1116 διὰ
204 1075 286 1116 τῶν
311 1071 354 1114 ἓν
381 1072 632 1130 Βλαχέρναις
655 1075 792 1115 πυλῶν
817 1071 1114 1127 ἀντιμετώπους
1134 1073 1274 1128 ἔστησε
1294 1076 1352 1131 τῷ
1371 1071 1569 1130 τυράννῳ,

108 1138 268 1200 τάφρον
286 1139 378 1184 τινὰ
395 1139 725 1199 προστησάμενος
745 1142 801 1192 εἷς
821 1138 990 1196 κώλυμα
1009 1145 1090 1184 τῶν
1111 1139 1323 1193 ἐπιόντων,
1359 1141 1449 1184 δέον
1476 1140 1571 1184 εἴσω

109 1213 248 1254 πυλῶν
263 1209 413 1266 ἐπέχειν
429 1212 498 1252 καὶ
515 1208 594 1252 ἀπὸ
613 1214 693 1253 τῶν
710 1213 850 1265 τειχῶν
867 1210 962 1260 τοὺς
977 1208 1161 1261 ἐπιόντας
1177 1207 1420 1265 ἀμύνεσθαι,
1439 1209 1572 1252 πολλὰ

56 1285 101 1323 15
111 1282 184 1322 τοῦ
201 1278 425 1336 μαγίστρου
439 1279 638 1336 Ἀργυροῦ
655 1283 728 1321 τοῦ
740 1278 898 1322 Ἰταλοῦ
913 1279 1183 1333 ποτνιωμένου
1202 1279 1269 1322 καὶ
1288 1282 1572 1335 παρακαλοῦν-

109 1363 183 1398 τος
203 1346 298 1392 εἴσω
317 1347 448 1402 μένειν
466 1349 533 1390 καὶ
550 1346 610 1404 μὴ
626 1345 890 1399 ἐξάλλεσθαι,
916 1349 983 1390 καὶ
1003 1347 1062 1403 μὴ
1082 1348 1219 1390 θέλειν
1238 1351 1327 1406 λαῷ
1348 1348 1573 1402 συμπλέκε-

111 1419 216 1460 σθαι
240 1412 470 1474 μαινομένῳ
496 1417 565 1459 καὶ
592 1415 761 1474 ὀργῶντι
782 1418 850 1458 καὶ
869 1422 1172 1474 στρατιωτικαΐς
1190 1415 1374 1470 μελέταις
1393 1416 1573 1471 ἐνηθλη-

110 1484 220 1545 μένῳ
237 1483 343 1540 μετὰ
359 1489 615 1542 στρατιωτῶν
632 1485 849 1541 ὂλιγοστῶν
869 1486 936 1527 καὶ
957 1489 1061 1527 λαοῦ
1079 1489 1246 1536 νεαλοῦς
1265 1486 1333 1527 καὶ
1354 1484 1574 1542 ἀπειροπο-

112 1553 251 1609 λέμου.
319 1552 424 1596 ἀλλὰ
440 1557 570 1597 ταῦτα
586 1553 712 1610 λέγων
734 1552 807 1596 οὐκ
824 1552 1004 1597 ἔπειθεν·
1038 1554 1237 1597 ἀπέκειτο
1257 1553 1336 1610 γὰρ
1355 1554 1575 1597 Κωνσταν-

57 1628 222 1673 Ξοτῒνος
237 1619 260 1665 ὃ
276 1621 352 1676 τὴν
367 1622 594 1678 ἐπωνυμίαν
607 1620 864 1678 Λειχούὸης,
898 1622 950 1665 τὰ
974 1626 1116 1680 πρῶτα
1135 1621 1224 1666 τότε
1244 1622 1357 1678 παρὰ
1375 1622 1576 1676 βασιλέως

114 1691 251 1749 φέρων
277 1691 346 1734 καὶ
371 1690 476 1754 μέχα
503 1690 616 1748 παρὰ
642 1689 773 1749 τούτῳ
803 1689 1023 1747 δυνάμενος
1048 1693 1117 1735 καὶ
1142 1696 1215 1748 τῆς
1240 1694 1394 1746 βουλῆς
1422 1689 1572 1746 ταύτης
1595 1699 1626 1733 C

112 1757 308 1816 ὑπάρχων
331 1757 479 1816 πατήρ.
548 1758 794 1812 ἐξελθόντων
823 1760 867 1803 δέ
891 1758 1044 1804 τούτων
1073 1761 1162 1816 περὶ
1185 1761 1318 1815 δείλην
1339 1759 1486 1815 ὀψίαν,
1521 1757 1577 1810 ὥς

115 1826 214 1885 ἷῖγνω
245 1825 268 1870 ὅ
296 1826 516 1886 τύραννος,
548 1827 623 1880 τὰς
654 1828 766 1886 ἀμφ’
800 1828 923 1872 αὐτὸν
948 1831 1204 1880 καθοπλίσας
1229 1826 1419 1883 δυνάμεις
1450 1828 1577 1872 ἔπεισι

113 1895 218 1952 μετὰ
243 1893 375 1956 ῥύμης
400 1895 600 1954 μεγάλης,
634 1899 702 1941 καὶ
731 1901 885 1942 θᾶττον
905 1897 930 1954 ἢ
951 1896 1071 1956 λόγος
1095 1898 1171 1955 τὴν
1193 1896 1351 1957 τάφρον
1375 1897 1576 1952 διατεμὼν

209 2028 230 2063 1
251 2024 389 2074 ἐρρέθη
410 2027 443 2064 C
565 2029 591 2066 4
612 2029 680 2076 τῆς
702 2029 820 2077 μονῆς
842 2043 896 2066 om
919 2030 949 2066 C
1067 2031 1112 2066 18
1132 2026 1381 2066 νεοσυνάκτου
1400 2040 1521 2075 margo
1546 2028 1578 2063 C

116 2144 231 2197 tatus,
255 2141 352 2179 dicto
373 2143 476 2180 citius
498 2143 627 2192 cpolin
647 2144 800 2190 obsidet,
824 2157 970 2191 sperans
991 2157 1031 2180 se
1051 2145 1167 2180 statim
1190 2157 1231 2181 ea
1252 2144 1460 2191 potiturum,
1485 2144 1581 2190 quod

116 2189 253 2223 sciebat
279 2189 521 2236 imperatorem
547 2191 712 2226 militibus
742 2192 898 2226 destitui.
945 2192 1053 2236 igitur
1077 2191 1202 2227 castris
1224 2191 1381 2237 proxime
1402 2195 1579 2225 monaste-

116 2233 206 2269 rium
228 2235 488 2280 Anargyrorum
512 2249 532 2272 e
556 2237 701 2282 regione
721 2237 988 2272 Blachernarum
1011 2238 1103 2283 fixis,
1126 2238 1272 2283 primum
1294 2237 1413 2272 verbis
1436 2248 1478 2271 ac
1501 2236 1579 2282 pol-

116 2279 369 2316 licitationibus
391 2283 524 2317 animos
547 2283 673 2318 civium
695 2289 831 2328 tentat,
868 2283 994 2318 deinde
1026 2283 1163 2318 nemine
1186 2283 1349 2318 audiente
1370 2283 1483 2328 ipsum
1508 2282 1579 2317 vim

117 2332 233 2371 parat.
281 2327 345 2362 sed
367 2332 404 2363 et
426 2328 616 2374 imperator
636 2328 732 2364 cives
756 2329 987 2375 populumque
1010 2334 1140 2374 armat,
1175 2329 1289 2374 iisque
1319 2339 1490 2363 murorum
1514 2328 1580 2362 de-

117 2372 313 2407 fensionem
335 2374 536 2418 committit3
573 2381 609 2410 et
631 2375 756 2410 milites
781 2376 842 2420 qui
865 2381 936 2410 tum
959 2376 1106 2410 aderant
1127 2375 1284 2421 aliosque
1306 2374 1417 2422 ipsius
1439 2374 1535 2408 iussu
1553 2385 1575 2408 a

116 2417 337 2500 grincipibus
367 2425 510 2455 senatus
542 2427 708 2467 armatos,
745 2422 807 2466 qni
839 2422 930 2456 ultra
965 2421 1058 2456 mille
1088 2433 1156 2456 non
1188 2426 1310 2465 erant,
1347 2433 1412 2467 per
1443 2426 1580 2465 portam

150 2463 408 2501 lachernensem
431 2466 549 2502 educit
569 2473 674 2513 atque
695 2467 861 2502 adversos
887 2468 978 2502 hosti
1003 2467 1204 2512 constituit,
1233 2466 1325 2502 vallo
1345 2465 1581 2502 tantummodo

117 2509 347 2556 interposito,
374 2513 467 2557 quod
489 2513 652 2559 impetum
675 2513 878 2548 irruentium
903 2514 1051 2549 hostium
1077 2519 1322 2548 remoraretur.
1369 2512 1465 2558 atqui
1488 2511 1581 2546 intra

120 2561 241 2603 portas
264 2569 304 2592 se
327 2558 508 2593 continere
530 2565 567 2594 et
587 2559 632 2594 ‹le
656 2557 762 2594 muris
785 2560 957 2606 repellere
979 2559 1177 2595 adorientes
1195 2560 1419 2614 praestabam
1447 2563 1484 2592 et
1506 2569 1581 2592 ma-

119 2602 233 2647 gister
262 2603 422 2649 Argyrus
453 2604 562 2640 Italus
596 2605 821 2640 vehementer
844 2606 1094 2652 quiritabatur‚
1130 2617 1171 2641 ac
1193 2610 1435 2652 imperatorem
1459 2604 1581 2638 horta-

118 2649 225 2684 batur
255 2661 300 2684 ne
328 2661 368 2684 se
397 2656 498 2686 extra
531 2657 651 2697 portas
685 2651 882 2696 emitteret,
921 2664 1011 2687 neve
1041 2664 1116 2687 cum
1137 2653 1280 2687 favente
1306 2650 1522 2686 multitudine
1546 2654 1583 2683 et

119 2693 255 2730 bellicis
278 2694 455 2732 laboribus
476 2696 622 2732 adsueta
643 2698 932 2744 congrederetur,
957 2698 1034 2745 ipse
1057 2698 1207 2744 stipatus
1229 2697 1356 2743 exigua
1374 2707 1475 2731 manu
1494 2695 1584 2730 tiro-

119 2751 202 2776 num
224 2741 378 2787 bellique
397 2742 635 2789 imperitorum
657 2744 842 2779 hominum.
889 2757 933 2780 ne
953 2744 1037 2790 quid
1058 2750 1172 2779 tamen
1191 2744 1382 2789 obtineret,
1407 2743 1585 2777 Constan-

122 2786 219 2822 tinus
239 2787 435 2824 Leichudee
453 2790 594 2834 effecit,
620 2796 743 2825 auctor
765 2789 911 2826 alterius
934 2790 1069 2825 consilii
1093 2795 1130 2826 et
1151 2791 1187 2825 in
1209 2801 1338 2826 summa
1357 2789 1450 2836 apud
1470 2788 1584 2834 impe-

123 2840 275 2868 ratorem
308 2835 530 2872 auctoritate.
575 2837 786 2883 imperatore
818 2847 892 2872 cum
919 2837 991 2871 suis
1015 2837 1080 2872 sub
1103 2848 1285 2882 vesperam
1308 2847 1470 2881 egresso,
1503 2845 1585 2879 per-

123 2879 247 2915 duellis
278 2891 359 2918 nuos
389 2887 500 2917 armat
523 2887 559 2918 et
582 2884 618 2918 in
641 2883 886 2929 imperatorios
909 2894 1031 2929 magno
1056 2894 1131 2919 cum
1156 2883 1285 2930 impetu
1314 2881 1437 2928 irruit,
1477 2878 1586 2916 oculi-
