1916 3210
681 156 1132 202 ANNOTATIONES.
1163 178 1165 180 ·
1543 152 1644 202 749

275 269 287 282 ⁶
314 270 500 324 quaedam
527 268 698 309 historica
727 269 905 309 adscribit
933 268 1170 310 Possevinus.
1226 279 1271 307 uc
1300 277 1383 311 cum
1408 277 1480 309 suu,
1502 268 1645 319 tempe-

175 331 275 368 state
292 327 452 368 Psellum
473 327 660 379 scripsisse
678 330 834 366 testetur
849 326 1103 379 curopalates,
1132 326 1181 365 de
1204 324 1412 379 posteriore
1436 336 1643 365 sermonem

174 385 224 425 ab
238 388 388 424 auctore
404 385 486 424 fieri
509 384 655 436 penitus
674 388 730 422 est
748 383 948 426 indubium.
1006 383 1146 423 GoAR.

287 465 328 506 p.
358 454 386 496 4
413 465 448 493 v.
480 454 521 494 8.
579 450 623 491 οἱ
642 449 778 492 λοιποὶ
798 446 1036 501 Βυζάντιοι]
1066 462 1161 500 quos
1189 449 1239 488 de
1264 448 1414 488 nomine
1433 446 1524 487 citet
1541 459 1647 486 curo-

172 507 328 563 palates,
356 508 532 562 Iosephus
554 507 737 547 Genesius
754 510 791 547 et
810 507 960 546 Manuel
978 507 1190 558 Byzantius.
1249 506 1390 546 GoAn.

286 575 385 615 ibid.
443 574 567 621 Λέων
593 573 619 616 ὅ
647 571 828 626 Καρίας]
868 574 1125 625 grammaticus
1157 573 1407 623 cognomine,
1451 570 1646 611 Romanae

173 632 299 672 classis
317 634 412 682 dux,
439 645 573 672 novem
589 633 851 684 imperatorum
869 635 956 684 post
979 628 1246 682 Theophanem
1274 633 1381 699 gesta
1413 629 1646 681 conscripsit.

172 689 264 730 latet
281 689 425 730 adhuc'
414 702 453 729 ιιι
471 689 596 741 Regia
612 687 847 727 bibliotheca.
906 687 1046 726 GoAn.

285 755 341 795 ib.
371 770 408 798 v.
437 759 478 800 9.
534 753 831 807 Augustanus]
870 755 1074 794 Sebasteae
1101 756 1221 794 natus.
1278 754 1335 793 est
1363 757 1487 793 autem
1518 746 1644 805 Σεβά-

173 825 284 856 στεια
303 813 493 881 Augusta,
526 825 550 851 a
570 809 772 864 Σεβάστός
793 813 992 861 Augustus.
1051 817 1167 862 utque
1189 810 1378 861 Augustae
1403 809 1538 849 multae
1565 810 1649 848 sue-

171 876 258 914 runt
280 872 422 911 urbes
411 874 450 909 ιιι
471 871 680 920 regionibus
699 868 1003 916 occidentalibus,
1033 868 1085 907 ita
1106 868 1250 907 Graeco
1271 867 1421 906 nomine
1443 866 1646 905 Sebasteae

172 929 211 967 in
232 928 386 967 Oriente
402 928 560 967 fuerunt.
617 939 702 965 nam
721 932 760 965 et
777 925 976 963 Samariam
991 897 1169 963 ’Herodes
1189 925 1404 963 Sebasteam
1430 923 1645 975 appellavit,

173 990 215 1024 ut
232 985 367 1024 Strabo
387 988 563 1031 testatur,
606 987 645 1022 et
663 984 879 1029 Sebasteam
900 982 1157 1034 Cappadociae
1174 984 1434 1020 commemorat
1456 980 1597 1019 Plinius
1617 982 1645 1020 6

172 1044 214 1084 8.
239 1042 345 1084 ΧΠ..
401 1040 675 1092 Augustanus
699 1053 880 1091 nusquam
901 1039 1078 1077 dicendus
1105 1039 1203 1088 (nisi
1224 1041 1320 1076 forte
1335 1037 1524 1087 Xylandro
1546 1036 1644 1073 Au-

169 1105 364 1150 gustano,
390 1098 524 1137 Latine
542 1098 713 1148 quidem,
742 1110 867 1136 verum
885 1096 1082 1161 improprie
1104 1095 1294 1145 loquenti)
1317 1095 1379 1145 qui
1397 1107 1472 1132 non
1490 1092 1643 1144 Augu-

172 1163 258 1194 stae
277 1163 408 1207 natus,
445 1167 572 1194 verum
600 1154 775 1193 ecclesiae
794 1166 891 1206 quae
920 1157 976 1217 est
998 1153 1037 1190 in
1062 1151 1225 1190 Sebaste
1242 1150 1491 1205 praesulatum
1516 1152 1643 1202 gessit.

172 1213 312 1252 GoAn.

283 1278 340 1318 ib.
371 1281 499 1322 v.10.
557 1276 583 1320 o‘
614 1278 792 1326 Κυζίκου
821 1274 1077 1331 Δημήτριος]
1118 1277 1178 1316 hic
1208 1277 1296 1314 trito
1334 1271 1511 1326 loquendi
1540 1288 1644 1314 more

172 1337 298 1390 Cyzici
316 1337 511 1389 episcopus
534 1342 755 1375 censeretur.
811 1349 898 1376 uum
919 1336 977 1374 ille
996 1335 1122 1386 Cyzic'
1103 1349 1124 1372 ,ι
1144 1334 1354 1373 Demetrius
1384 1334 1431 1371 de
1454 1345 1528 1383 quo
1556 1346 1644 1371 nar-

171 1399 231 1433 rat
249 1399 379 1433 auctor
395 1406 433 1445 p.
451 1395 534 1436 723
556 1398 593 1432 et
608 1394 712 1439 740,
742 1393 879 1444 quique
897 1394 933 1430 in
955 1391 1132 1429 Armenos
1153 1390 1321 1429 Dioscori
1340 1389 1536 1455 discipulos
1556 1389 1644 1428 feli-

171 1452 261 1490 citer
279 1450 400 1490 stilum
421 1449 594 1489 exacuit?
649 1449 749 1489 nullo
774 1450 989 1501 scriptorum
1011 1448 1138 1487 habito
1160 1459 1329 1487 sermone
1349 1446 1530 1498 reliquit·
1520 1459 1643 1486 mcer-

168 1513 260 1547 tum.
317 1507 457 1548 GoAn.

284 1589 323 1629 p.
352 1575 379 1618 5
406 1588 441 1615 v-
470 1572 510 1616 4.
567 1571 953 1639 πρωτοβεστιοῖριος]
985 1572 1129 1612 literam
1160 1572 1194 1611 B
1225 1576 1316 1624 puto
1339 1585 1410 1626 pro
1437 1572 1474 1612 V
1504 1585 1642 1612 conso-

171 1637 287 1673 nante
309 1645 394 1672 eum
418 1644 640 1697 usurpasse,
680 1637 720 1669 ut
748 1644 829 1669 cum
853 1626 1045 1682 Βάρρων,
1075 1629 1289 1698 Βιργίλιος
1312 1630 1475 1668 scribunt
1495 1630 1645 1680 Graeci,

172 1695 212 1730 et
241 1690 381 1729 similia.
449 1701 535 1727 nam
565 1689 685 1727 minus
717 1693 854 1726 rectum
886 1699 925 1726 es
927 1700 968 1725 se
998 1682 1194 1742 Ουαρρων
1218 1682 1448 1740 Ουίργίλιος
1477 1687 1535 1725 vel
1573 1688 1643 1726 hoc

168 1748 301 1795 docet,
346 1746 450 1798 quod
476 1758 648 1784 numerus
676 1745 895 1797 syllabarum
932 1750 1101 1795 augetur.
1158 1757 1281 1810 neque
1315 1745 1445 1782 doctos
1474 1744 1640 1786 homines

171 1808 261 1857 puto
277 1804 389 1843 moris
408 1815 492 1842 esse
509 1802 637 1841 bestiis
655 1802 826 1854 praefici3
854 1814 975 1852 neque
1000 1814 1090 1840 sane
1108 1801 1275 1840 eruditi
1265 1802 1418 1852 imperio
1438 1802 1475 1839 in
1502 1801 1640 1840 belluas

171 1865 236 1900 aut
265 1860 493 1902 honorantur
517 1864 581 1898 aut
610 1858 854 1897 delectantur.
918 1860 1044 1908 itaque
1080 1859 1245 1910 suspicor
1271 1854 1639 1911 πρωτοβεστιιίριον

170 1929 307 1957 nomen
333 1917 482 1968 quidem
514 1928 596 1955 esse
623 1915 757 1962 officii,
785 1916 850 1953 sed
870 1928 954 1953 eum
973 1920 1104 1954 notare
1122 1916 1185 1965 qui
1205 1916 1308 1964 regio
1324 1916 1468 1954 vestitui
1486 1928 1637 1966 praees-

172 1978 250 2023 set,
278 1974 378 2025 qnod
394 1973 694 2016 cubiculariorum
720 1973 863 2011 videtur
882 1972 992 2010 hodie
1015 1971 1172 2010 officium
1196 1985 1290 2011 esse.
1334 1984 1455 2023 neque
1474 1976 1532 2010 est
1546 1971 1636 2010 alie-

171 2031 457 2082 num'dignitate
475 2043 519 2073 ac
539 2029 733 2069 commodo
753 2029 852 2079 regis
876 2041 940 2066 eos
969 2028 1104 2067 habere
1126 2029 1274 2067 assidue
1293 2028 1360 2066 sibi
1385 2029 1432 2066 ad
1451 2041 1635 2079 quoscun-

171 2102 245 2138 que
261 2101 349 2126 usus
366 2091 580 2139 praesentes
601 2087 663 2137 qui
684 2087 759 2124 sint
774 2086 919 2124 literati.
976 2086 1227 2123 vestiariorum
1247 2086 1395 2136 quidem
1413 2085 1509 2123 infra
1531 2098 1635 2124 men-

170 2145 223 2183 tio
242 2146 286 2183 fit
302 2144 342 2184 in
367 2147 423 2187 22
446 2144 634 2182 Iustiniani
654 2155 775 2191 anno,
805 2143 1073 2195 βεστιαριτῶν,
1103 2155 1256 2193 quorum
1277 2142 1416 2180 incuria
1435 2142 1635 2193 imperato-

170 2202 220 2240 ris
240 2214 377 2240 corona
394 2199 506 2239 suerit
524 2200 670 2238 amissa.
728 2204 765 2239 et
792 2212 904 2251 saepe
933 2200 982 2237 ad
1014 2211 1073 2237 res
1100 2211 1259 2237 summas
1291 2211 1335 2237 ac
1364 2198 1538 2237 bestiario
1565 2212 1633 2237 ne-

170 2271 357 2310 quaquam
375 2257 652 2300 committendas
668 2256 939 2307 protobestiarii
959 2256 1129 2306 leguntur
1147 2256 1337 2304 destinati,
1367 2259 1409 2294 ut
1436 2256 1473 2294 iu
1494 2255 1633 2306 nuptiis

170 2316 292 2367 neptis
311 2314 499 2366 Lacapeni
517 2314 749 2365 imperatoris
776 2326 857 2351 cum
877 2313 986 2351 Petro
1006 2313 1201 2362 bulgariae
1224 2313 1388 2365 principe
1417 2316 1473 2351 est
1493 2312 1631 2353 videre.

172 2381 435 2422 nonnunquam
453 2371 501 2410 ad
517 2384 591 2409 rem
615 2370 838 2420 gerendam,
877 2370 978 2421 quod
1000 2382 1044 2408 ex
1063 2368 1151 2406 locis
1166 2369 1328 2421 plurimis
1348 2373 1513 2408 constat:
1544 2370 1632 2419 quin

173 2429 283 2468 etiam
301 2430 341 2467 in
364 2428 502 2467 Basilio
529 2427 686 2466 Romani
717 2427 749 2464 F
780 2427 1091 2480 protovestiarius
1106 2425 1185 2464 Leo
1212 2427 1371 2465 dictator
1398 2427 1632 2477 imperatoria

171 2490 360 2538 potestate
387 2490 533 2524 creatur
557 2489 686 2523 contra
709 2483 884 2522 Sclerum.
940 2482 1160 2534 aliquando,
1197 2483 1298 2534 quod
1328 2487 1383 2522 est
1411 2483 1634 2532 intimorum,

171 2542 221 2582 ad
237 2542 416 2581 insidias
406 2543 476 2594 ipsi
493 2546 649 2581 structas
669 2541 879 2592 imperatori
899 2539 1158 2591 explorandas,
1179 2540 1249 2578 ut
1240 2553 1279 2578 ιιι
1296 2539 1423 2582 Leone
1445 2538 1572 2577 Basilii
1600 2539 1634 2577 F

170 2604 300 2638 noster
319 2600 495 2637 ostendit.
547 2603 587 2637 et
608 2599 645 2636 in
665 2598 905 2636 Constantino
931 2597 1091 2636 Romani
1113 2595 1145 2634 F
1166 2597 1439 2648 protovestiarii
1469 2596 1631 2646 dignitas

170 2657 336 2708 proxima
358 2667 382 2694 a
402 2656 601 2695 domestico
618 2655 821 2693 scholarum
846 2658 883 2693 et
899 2654 1128 2702 accubitore,
1158 2653 1279 2704 biglae
1302 2653 1501 2703 drungario
1521 2665 1632 2704 supe-

171 2714 247 2750 rior
268 2713 483 2751 ostenditur.
542 2712 676 2763 quodsi
695 2712 752 2751 cui
769 2724 792 2750 a
807 2711 940 2750 vestitu
958 2712 1153 2750 deductum
1170 2710 1240 2749 hoe
1255 2722 1391 2749 nornen
1411 2708 1529 2748 minus
1549 2709 1632 2762 pla-

169 2774 250 2818 cet,
282 2769 314 2807 is
340 2770 430 2807 sciat
461 2765 686 2821 βεστιοὶριον
715 2769 815 2820 apud
836 2769 1052 2807 Choniatam
1081 2762 1170 2808 ἀντὶ
1202 2766 1384 2818 ταμιείου
1409 2767 1519 2818 poni,
1562 2779 1631 2819 pro

168 2826 334 2866 cubiculo
355 2827 546 2876 nimirum,
575 2830 638 2876 ut,
674 2827 768 2865 sicut
789 2826 892 2876 dixi,
917 2825 985 2886 hac
1003 2837 1152 2879 quoque
1172 2825 1316 2864 ratione
1335 2824 1543 2863 intimorum
1562 2823 1633 2863 ali-
