1890 3236
270 166 336 223 98
738 169 978 217 Gssoncn
1009 168 1253 215 cunnum

272 289 361 331 λίαν
386 284 458 329 ὕπ’
491 285 636 328 ἐκεῖνον
664 287 829 339 ποιῆσαι
860 281 1259 338 καθυπισχνούμενος
1289 284 1355 327 καὶ
1385 280 1545 328 διδόναι
1568 282 1726 344 ’φᾶρως

274 358 384 414 αὐτῷ
402 351 587 403 πολλούς,
616 352 650 394 εἰ
666 351 790 406 μόνον
808 352 1096 408 ἀναγορευθείη
1111 350 1320 406 Ῥωμαίων
1335 351 1539 408 βασιλεύς.
1606 353 1731 406 &Ed--

273 441 393 480 μενος
425 415 495 463 οὖν
524 420 594 463 τὸν
623 419 741 477 λόγον
773 418 793 462 ὃ
825 420 984 477 ἀμηρᾶς
1009 419 1236 476 ἀναγορεύει
1264 412 1404 464 τοῦτον
1430 421 1602 476 βασιλέα
1623 420 1726 467 Ῥω-

274 493 404 547 μαίων
431 491 497 531 καὶ
521 494 637 542 χεῖρα
662 490 805 532 δίδωσι
827 487 1000 544 πολλήν,
1035 491 1101 531 καὶ
1122 494 1193 544 τῆς
1215 491 1398 540 Σικελίας
1413 492 1559 547 γίνεται
1580 491 1726 548 ἐγκρατε-

275 558 368 615 τής,
404 557 502 612 παρ’
538 557 663 599 αὐτοῦ
694 556 838 600 τούτου
869 558 1007 611 λαβὼν
1034 557 1172 613 αὐτήν.
1239 556 1342 612 πλὴν
1376 555 1398 600 ὃ
1423 559 1496 612 μέν
1515 556 1760 616 Εὖφήμιοςὸ

225 635 256 671 C
281 627 327 671 οὐ
357 626 483 668 πολὺν
503 623 651 681 χρόνον
673 630 745 669 τοῦ
764 630 977 680 βασιλικοῦ
994 624 1230 676 ἀπολαύσας
1250 624 1479 681 ἀξιώματος
1497 626 1729 685 ἀφαιρεῖται
1761 667 1763 671 ,

275 696 349 751 τὴν
373 691 577 752 κεφαλήν,
610 699 683 750 τῆς
705 695 849 744 οῗκειάς
870 695 1119 745 ἀποστασίας
1137 696 1202 737 καὶ
1222 696 1476 751 παρανομίας
1492 698 1634 739 τοῦτον
1653 699 1730 739 λα-

276 765 363 820 βὼν
383 762 453 806 τὸν
470 759 636 817 μισθόν.
703 762 813 814 ἄξιον
833 763 877 804 δὲ
897 765 963 806 καὶ
984 763 1052 806 τὸν
1072 762 1221 820 τρόπον
1241 765 1360 806 εἰπεῖν
1379 768 1451 818 τῆς
1469 763 1595 807 αὗτοῦ
1613 763 1732 806 ἀναι-

279 834 436 890 ρέσεως.
505 829 565 883 ὡς·
579 831 656 887 γὰρ
679 831 720 873 ἓν
740 829 915 885 σχήματι
932 836 1128 890 βασιλικῷ
1148 830 1298 889 περιῄει
1317 832 1391 886 τὴν
1408 833 1595 874 Σικελίαν
1614 827 1733 875 ἀνευ-

279 891 557 959 φημούμενος,
591 896 708 955 ἀπῄει
728 900 832 941 κατὰ
854 899 1130 956 Συράκουσαν.
1199 899 1354 943 ἄποθεν
1372 901 1414 943 δὲ
1432 898 1640 956 γενόμενος
1659 903 1732 955 τῆς
1744 905 1788 941 10

279 968 426 1012 ἑαυτοῦ
449 966 598 1018 τάξεως
617 970 682 1009 καὶ
704 971 783 1011 τῶν
809 967 1070 1025 δορυφόρων,
1105 970 1172 1011 καὶ
1193 968 1288 1012 ὅσον
1308 968 1386 1011 ἀπὸ
1406 968 1523 1019 τόξου
1539 973 1667 1023 βολῆς
1682 971 1735 1025 τῇ

279 1036 392 1080 πόλει
418 1037 703 1092 προσεγγίσας,
738 1034 876 1090 ὡμίλει
905 1043 989 1088 τοῖς
1014 1038 1196 1088 πολίταις
1218 1039 1284 1079 καὶ
1310 1036 1411 1093 πρὸς
1438 1036 1580 1080 ἑαυτὸν
1602 1035 1735 1093 λόγοις

279 1106 353 1161 τὴν
383 1107 538 1147 ἐκείνων
568 1105 768 1161 ἐφείλκετο
798 1104 966 1148 εὔνοιαν.
1033 1106 1314 1160 μεμονωμένον
1345 1106 1389 1148 δὲ
1415 1110 1557 1148 τοῦτον
1585 1104 1736 1155 ἰδόντες

281 1174 449 1230 ἀδελφοὶ
471 1171 543 1214 δύο
567 1171 860 1229 Συρακούσιοι,
894 1174 997 1229 πρὸς
1019 1171 1188 1224 ἑαυτοὺς
1207 1172 1520 1228 βουλευσάμενοι
1541 1175 1607 1216 καὶ
1627 1170 1734 1227 σύμ·

279 1259 395 1284 πνοοι
413 1239 614 1297 γενόμενοι
631 1244 697 1283 καὶ
715 1242 760 1284 τὸ
776 1240 820 1284 (ἐν
843 1241 1114 1299 φρονήσαντες
1129 1242 1416 1298 προσέρχονται
1433 1239 1562 1300 τούτῳ
1579 1243 1735 1299 εἷρωνι·
1747 1244 1790 1281 1⁵

230 1322 262 1359 D
284 1315 364 1361 κῶς
385 1327 426 1352 τι
447 1311 513 1351 καὶ
537 1313 823 1362 τωθαστικῶς,
850 1309 904 1361 ὡς
921 1315 1086 1365 βασιλεῖ
1101 1309 1205 1364 τάχα
1223 1311 1296 1365 τὴν
1316 1307 1599 1367 προσήκουσαν
1617 1308 1738 1364 τιμὴν

283 1378 557 1431 ἀπονέμοντες.
627 1376 648 1419 ὃ
669 1379 713 1420 δὲ
732 1377 946 1435 Εὗφήλιιιος
963 1379 1021 1434 μὴ
1042 1381 1171 1429 συνεὶς
1188 1379 1258 1421 τὸν
1276 1377 1418 1430 δόλον,
1446 1378 1520 1434 τὴν
1539 1376 1638 1435 παρ’
1660 1377 1738 1420 αὔ-

282 1451 363 1490 τῶν
393 1444 653 1504 ἀναγόρευσιν
685 1448 752 1489 καὶ
781 1447 850 1489 τὸν
880 1447 1096 1502 ἀσπασμὸν
1126 1445 1444 1502 προσδεξάμενος
1453 1479 1466 1498 ‚
1501 1444 1738 1503 προσεκάλει

282 1513 452 1561 τούτους
481 1515 581 1568 μετὰ
612 1514 914 1573 φιλοφροσύνης
941 1515 996 1566 ὡς
1023 1517 1090 1558 καὶ
1122 1514 1244 1567 αὐτὸς
1267 1515 1336 1557 τὸν
1361 1517 1502 1558 οἳκεῖον
1523 1514 1739 1569 ἀσπασμὸν

282 1582 520 1626 ἀποδώσων.
587 1585 653 1625 καὶ
672 1583 723 1639 δὴ
739 1585 876 1635 κλίνας
893 1585 965 1639 τὴν
983 1583 1163 1642 κεφαλὴν
1179 1586 1244 1626 καὶ
1263 1583 1308 1627 τὸ
1328 1582 1460 1638 στόμα
1478 1583 1795 1640 προσερείσαςω

282 1656 339 1709 τῷ
368 1649 538 1705 στόματι
563 1652 744 1709 θατέρου
765 1658 855 1696 τῶν,
869 1653 1056 1711 ἀδελφῶν
1065 1685 1085 1706 ,¹
1112 1655 1225 1709 θριξὶ
1245 1653 1319 1707 μὲν
1341 1652 1547 1707 κατέχεται
1566 1652 1741 1708 ἰσχυρῶς

283 1719 396 1778 παρὰ
430 1718 602 1772 τούτου,
645 1720 747 1778 πρὸς
783 1722 827 1764 δὲ
865 1727 937 1766 τοῦ
967 1720 1104 1780 ἑτέρου
1133 1725 1213 1765 τῶν
1242 1721 1430 1779 ἀδελφῶν
1458 1718 1532 1775 τὴν
1559 1719 1742 1777 κεφαλὴν

375 1872 399 1907 5
422 1870 527 1916 παρὰ
549 1869 671 1907 τούτω
696 1872 727 1907 0
897 1875 921 1912 7
941 1874 1080 1909 τοῦτον
1103 1885 1158 1910 om
1180 1873 1212 1909 C
1382 1873 1426 1910 10
1448 1869 1543 1908 κατὰ
1563 1869 1634 1918 τὴν
1655 1881 1689 1908 o.
1712 1871 1743 1906 C

379 1919 422 1954 15
444 1917 641 1964 περιέργως
663 1931 781 1965 margo
806 1919 837 1955 C

287 2056 365 2091 sive
396 2055 611 2100 praefectum
639 2056 846 2101 transfugit,
881 2054 1120 2101 promittitque
1151 2068 1210 2101 se,
1244 2055 1346 2090 modo
1380 2056 1426 2090 ab
1454 2055 1534 2102 ipso
1555 2054 1747 2100 imperator

287 2102 520 2136 Romanorum
541 2101 753 2146 declaretur,
781 2114 914 2136 omnem
936 2101 1006 2146 ipsi
1030 2102 1185 2136 Siciliam
1207 2102 1439 2136 subiecturum
1463 2113 1504 2135 ac
1525 2101 1658 2156 grande
1680 2100 1746 2135 tri-

287 2149 407 2182 butum
438 2147 642 2183 soluturum.
689 2148 817 2193 accipit
845 2147 1079 2182 condicionem
1112 2158 1264 2191 amerus,
1301 2153 1338 2182 et
1368 2147 1599 2193 Euphemiam
1622 2157 1746 2191 magno

288 2193 456 2231 exercitu
478 2193 639 2239 instruit,
671 2193 892 2239 imperatoris
913 2193 1059 2228 Romani
1082 2192 1183 2228 titulo
1207 2193 1425 2239 insignitum,
1461 2192 1606 2237 eiusque
1639 2203 1747 2237 opera

289 2239 413 2274 Sicilia
445 2239 590 2284 potitur.
638 2251 757 2274 verum
780 2240 837 2274 hic
858 2240 1072 2285 Euphemius
1095 2239 1343 2286 imperatoriae
1363 2238 1577 2283 dignationis
1601 2239 1747 2283 perbre-

288 2297 367 2319 vem
396 2285 546 2320 fructum
577 2286 754 2332 percepit,
787 2291 967 2321 truncatus
996 2286 1132 2331 capite,
1165 2297 1267 2331 quam
1297 2286 1436 2330 dignam
1459 2284 1514 2320 sui
1537 2283 1681 2318 sceleris
1711 2288 1749 2318 et

290 2331 497 2365 desectionis
529 2333 721 2367 mercedem
751 2332 895 2367 rettulit.
944 2338 980 2366 et
1011 2343 1095 2366 sane
1129 2344 1258 2378 operae
1283 2331 1430 2377 pretium
1452 2330 1592 2365 videtur
1613 2330 1749 2364 referre

291 2387 360 2420 quo
390 2377 488 2411 modo
518 2377 627 2413 fuerit
657 2378 875 2413 interfectus.
923 2389 998 2412 cum
1031 2377 1146 2412 obiret
1173 2377 1326 2412 Siciliam
1358 2376 1583 2422 imperatorio
1614 2375 1749 2419 habitu,

292 2427 331 2456 nt
354 2422 398 2456 ab
424 2423 580 2458 omnibus
604 2424 793 2470 imperator
814 2424 1041 2468 salutaretur,
1066 2424 1261 2469 Syracusas
1284 2434 1422 2470 quoque
1445 2421 1567 2468 petiit=
1591 2422 1651 2456 ubi
1672 2432 1748 2456 cum

293 2478 315 2500 a
337 2467 411 2501 suis
435 2468 660 2513 stipatoribus
683 2470 821 2515 longius
844 2469 1081 2516 provolasset,
1114 2475 1150 2504 et
1172 2470 1215 2504 ad
1240 2470 1358 2504 urbem
1382 2474 1478 2503 tanto
1501 2472 1665 2513 quantum
1691 2478 1747 2500 sa-

292 2512 384 2557 gitta
406 2524 489 2547 arcu
512 2514 635 2550 emissa
658 2517 798 2551 conficit
821 2515 935 2561 spatio
968 2516 1191 2559 accessisset,
1225 2527 1300 2550 cum
1332 2526 1376 2560 op
1403 2513 1515 2548 idanis
1546 2513 1749 2557 colloquens

294 2568 484 2603 eorumque
504 2559 779 2597 benevolentiam
803 2562 960 2597 oratione
988 2572 1050 2596 sua
1077 2567 1240 2606 captans,
1276 2562 1343 2596 duo
1374 2527 1588 2604 gyracusani
1620 2558 1749 2592 fratres

293 2603 404 2637 solnm
427 2609 463 2638 et
486 2616 506 2638 a
533 2606 604 2639 suis
628 2614 774 2642 amotum
792 2608 952 2642 videntes
976 2608 1020 2642 de
1044 2619 1085 2642 eo
1109 2607 1348 2642 interficiendo
1367 2604 1579 2650 conspirant.
1626 2603 1749 2648 itaque

295 2649 455 2683 simulato
480 2650 593 2683 studio
619 2658 654 2686 et
679 2654 870 2688 adulatorio
894 2659 996 2698 gestu
1018 2653 1062 2688 ad
1085 2653 1255 2687 hominem
1277 2651 1464 2692 accedunt,
1497 2655 1601 2693 atque
1623 2655 1662 2683 nt
1682 2649 1747 2683 im-

294 2699 491 2739 peratorem
516 2696 633 2731 debito
657 2699 788 2733 honore
809 2699 980 2734 afficiunt.
1026 2698 1261 2744 Euphemius,
1296 2696 1356 2742 qui
1386 2706 1505 2729 eorum
1534 2694 1647 2729 dolum
1677 2707 1747 2729 non

294 2740 526 2785 intelligeret,
559 2747 690 2786 gratam
714 2756 830 2779 eorum
854 2745 1068 2791 imperatorii
1094 2744 1238 2778 nominis
1261 2742 1464 2777 delationem
1489 2745 1593 2786 atque
1614 2740 1746 2776 saluta-

294 2786 422 2820 tionem
452 2788 602 2831 habens,
642 2790 785 2825 comiter
815 2791 859 2825 ad
887 2802 926 2824 se
953 2803 1013 2825 eos
1041 2795 1164 2834 vocat,
1192 2789 1308 2834 dignis
1337 2787 1447 2822 modis
1479 2787 1744 2822 resalutaturus.

294 2843 379 2876 ergo
402 2844 478 2867 cum
500 2833 617 2879 capite
637 2834 803 2871 inclinato
823 2835 968 2872 alterum
990 2835 1223 2880 oscularetur,
1256 2836 1300 2870 ab
1331 2845 1373 2868 eo
1402 2832 1556 2876 crinibus
1579 2832 1746 2878 arripitur
