1890 3236
281 154 383 204 446
759 152 996 200 GEORGII
1031 153 1277 199 CEDRENI

284 270 357 326 τὴν
391 265 507 312 πόλιν
538 264 759 322 εἷσαγαγῶν
794 265 864 308 διὰ
894 264 1021 321 μέσης
1050 263 1321 323 ἐθριάμβευσε
1354 269 1427 323 τῆς
1457 266 1606 326 ἀγορᾶς
1637 268 1744 324 ὄνοις

235 342 267 377 D
293 336 575 396 ἒφεζομένους,
609 332 735 389 μόνου
759 331 999 391 φεισάμενος
1014 334 1198 385 Λέοντος
1219 340 1295 378 τοῦ
1313 338 1595 392 Μελισσηνοῢ.
1619 338 1744 395 λέγε·

283 424 351 450 ται
374 405 452 460 γὰρ
474 397 590 452 οὗτος
611 403 675 444 ἐπὶ
693 406 765 457 τῆς
785 400 1048 460 παρατάξεως
1064 406 1123 461 τῷ
1144 404 1274 462 οἲκείῳ
1294 403 1461 462 ἀδελφῷ
1485 404 1743 465 Θεογνῴπῳ,

285 469 582 527 ε’πιχλευάζοντι
611 470 707 521 τοὺς
733 474 915 525 βασιλεῖς
937 473 1003 514 καὶ
1023 469 1162 527 ὕβρεις
1183 473 1371 528 ἀπρεπεῖς
1391 474 1433 523 ἐς
1451 472 1599 525 αὐτοὺς
1614 473 1745 532 «ξυρρ-

287 544 515 598 ριπτοῧντι,
549 540 785 594 ἓπιτιμῆσαί
800 557 841 583 τε
862 541 965 595 μετὰ
988 539 1175 597 δακρύων
1197 539 1341 593 πολλά,
1375 543 1444 584 καὶ
1465 542 1776 600 παρακαλέσᾳιό

286 607 529 652 παύσασθαι
550 611 623 662 τῆς
648 607 954 665 ἀθυροστομίας
973 609 1041 651 καὶ
1062 608 1119 663 μὴ
1143 608 1317 660 ἀναιδῶς
1345 610 1559 667 ἐνυβρίζειν
1576 610 1747 661 εἷςητωὶς
1782 648 1786 651 .

288 678 457 726 οῗκείους
478 674 700 727 δεσπότας,
735 677 816 719 ἐπεὶ
841 677 885 719 δὲ
905 677 961 732 μὴ
988 676 1146 728 ἔπειθε,
1194 679 1261 720 καὶ
1289 677 1359 721 τὸν
1390 677 1658 735 σειρομάστην
1679 679 1747 729 ἔας-

287 747 419 795 τείνας
447 746 588 786 δοῦναι
617 742 747 803 τούτῳ
767 744 940 798 πολλάς,
975 744 1076 788 ὥστε
1102 747 1169 788 καὶ
1192 746 1262 788 τὸν
1279 746 1450 799 βασιλέα
1468 747 1631 803 θεωρὸν
1649 745 1748 790 ὄντα

288 817 369 857 τῶν
388 812 603 869 γινομένων
625 813 794 856 ἀνειπεῖν
813 813 913 870 πρὸς
930 813 1025 866 τοὺς
1042 812 1246 871 παρόντας
1267 813 1292 828 “
1307 815 1430 866 ἴδετε,
1467 810 1499 857 ὦ
1517 809 1642 868 οὗτοι,
1666 814 1745 873 ἀφ’

291 882 379 932 ἑνὸς
409 880 530 932 ξύλου
555 882 622 923 καὶ
645 881 820 939 σταυρὸν
840 884 906 924 καὶ
923 880 1094 926 πτύον.”
1167 883 1235 925 διὰ
1263 882 1413 939 ταύτην
1436 879 1505 926 οὖν
1525 884 1598 940 τὴν
1616 885 1804 937 othlonum

290 951 444 1008 λέγεται
466 954 524 1007 τῷ
541 949 695 992 Λέοντι
717 954 1030 1008 συγχωρηθῆναι
1050 950 1119 994 τὸν
1141 953 1364 1009 θρίαμβον.

147 1031 175 1066 Ρ
200 1033 265 1070 701
418 1017 530 1074 Ἄρτι
551 1018 595 1060 δὲ
613 1022 686 1062 τοῦ
708 1022 835 1062 (Deoua
857 1017 1137 1071 ἀποθανόντος
1166 1019 1271 1062 κατὰ
1300 1020 1369 1063 τὸν
1392 1019 1619 1076 Ἀπρίλλιον
1639 1023 1749 1075 μῆνα

289 1091 361 1142 τῆς
392 1087 580 1143 δευτέρας
614 1088 860 1139 ἲνδικτιῶνος
887 1092 961 1131 τοῦ
987 1087 1110 1145 ,ςυείζ
1139 1088 1272 1140 ἔτους,
1307 1090 1374 1131 καὶ
1402 1094 1475 1143 τῆς
1498 1089 1592 1132 κατ’
1624 1089 1748 1133 αὐτὸν

289 1156 539 1206 ἄποστασίας
558 1157 842 1212 διαλυθείσης,
879 1156 1017 1207 ἀδείας
1037 1155 1260 1211 λαβόμενος
1279 1155 1300 1198 ὃ
1318 1157 1502 1213 Σκληρὸς
1519 1154 1639 1200 πάλιν
1657 1156 1750 1199 ἆνε-

287 1222 493 1279 λάμβανεν
522 1222 665 1268 ἑαυτὸν
683 1226 750 1267 καὶ
768 1225 841 1280 τὴν
858 1226 1057 1282 προτέραν
1075 1223 1299 1279 ἐσωμάσκει
1319 1225 1582 1268 ἀποστασίαν.
1651 1223 1748 1282 ὅπερ
1756 1232 1805 1270 15

286 1291 522 1347 πυθόμενος
553 1291 574 1336 ὅ
607 1293 798 1347 βασιλεὺς
827 1293 1039 1350 γράμμασι
1070 1292 1237 1351 παρῄνει
1270 1291 1391 1350 κόρον
1420 1297 1558 1348 λαβεῖν
1576 1297 1651 1348 τῆς
1671 1296 1752 1339 τῶν

287 1364 588 1418 Χριστιανικῶν
600 1360 758 1416 χύσεως
776 1361 970 1416 αἱμάτων,
1006 1361 1226 1419 ἄνθρωπον
1244 1364 1311 1404 καὶ
1328 1363 1449 1405 αὐτὸν
1468 1361 1565 1405 ὄντα
1582 1364 1651 1404 καὶ
1668 1359 1752 1404 θά-

289 1446 410 1473 νατον
442 1429 765 1485 προσδεχόμενον
792 1432 860 1473 καὶ
889 1432 1041 1487 κρίσιν,
1086 1433 1154 1473 καὶ
1186 1430 1267 1486 ὀψέ
1293 1448 1390 1474 ποτε
1421 1434 1675 1485 μεταμαθεῖν
1704 1428 1752 1473 τὸ

291 1498 517 1555 συμφέρον,
552 1500 619 1540 καὶ
644 1498 713 1540 τὸν
736 1499 779 1541 ἐκ
800 1503 900 1541 θεοῦ
925 1499 1139 1552 δεδομένον
1164 1498 1342 1555 ἄρχοντα
1366 1501 1590 1554 ἐπιγνῶναι.
1657 1497 1755 1542 τού-

291 1584 377 1616 τοις
401 1567 444 1608 δὲ
464 1572 548 1616 τοῖς
571 1566 784 1623 γράμμασι
802 1569 1031 1622 μαλαχθεὶς
1052 1568 1197 1617 ἐκεῖνος
1203 1599 1217 1619 ,
1260 1570 1327 1609 καὶ
1356 1569 1506 1617 πίστεις
1534 1567 1674 1621 λαβὼν
1698 1564 1810 1616 &3520

292 1635 410 1678 οὐδὲν
425 1633 693 1690 ὖποστήσεται
713 1640 911 1693 φλαῦρον,
947 1638 1207 1678 κατατίθεται
1231 1636 1282 1678 τὰ
1302 1635 1406 1678 ὅπλα
1426 1637 1492 1678 καὶ
1519 1639 1578 1692 τῷ
1593 1639 1760 1689 βασιλεῖ

240 1711 272 1746 Β
295 1704 525 1755 σπένδεται,
555 1703 862 1761 κουροπαλάτης
880 1705 1079 1759 τιμηθείς.
1149 1704 1195 1746 οὗ
1215 1705 1350 1757 μέντοι
1371 1721 1413 1759 γε
1431 1706 1497 1746 καὶ
1520 1704 1756 1761 ὀφθαλμοῖς

293 1772 364 1815 τὸν
393 1771 564 1827 βασιλέα
595 1771 835 1816 θεάσασθαι
860 1771 1043 1828 ἠξιώθη·
1099 1772 1203 1814 κατὰ
1232 1773 1310 1830 γὰρ
1341 1773 1414 1828 τὴν
1445 1771 1544 1815 ὁδὸν
1580 1772 1756 1832 ἀορασία

387 1868 431 1904 17
450 1868 668 1912 χριστιανῶν
687 1868 717 1903 C

286 1949 415 1989 *urbem
440 1949 607 1983 advectos
631 1959 694 1994 per
716 1946 865 1982 medium
888 1949 1001 1983 forum
1027 1948 1065 1983 in
1087 1948 1262 1994 triumpho
1287 1947 1404 1993 duxit,
1431 1947 1539 1982 asinis
1562 1946 1758 1993 impositos.

293 1995 402 2030 solum
434 1994 473 2029 in
502 1995 567 2028 hac
598 2006 638 2028 re
670 1994 831 2028 eximium
863 1994 985 2030 habuit
1006 1995 1158 2030 Leonem
1180 1994 1418 2030 Melissenum.
1464 1995 1495 2029 is
1520 1994 1610 2027 enim
1634 1993 1758 2037 fertur,

292 2053 369 2076 cum
392 2040 461 2076 iam
488 2041 582 2075 acies
606 2039 883 2084 instruerentur,
915 2041 1178 2086 Theognostum
1201 2042 1345 2075 fratrem
1367 2051 1465 2074 suum
1489 2040 1759 2074 subsannantem

294 2092 331 2121 et
361 2087 522 2132 turpibus
553 2085 746 2121 maledictis
780 2085 1010 2122 insectantem
1041 2087 1269 2132 imperatores
1293 2086 1473 2120 lacrimans
1504 2085 1662 2130 graviter
1693 2085 1758 2118 ob·-

292 2133 471 2177 iurgasse,
507 2137 543 2166 et
566 2133 706 2176 linguae
729 2131 798 2167 ista
819 2133 1011 2177 petulantia
1033 2133 1211 2167 abstinere
1233 2132 1398 2175 iussisse,
1432 2142 1546 2176 neque
1569 2131 1621 2165 ita
1645 2130 1759 2176 impu-

293 2179 417 2213 denter
440 2178 588 2216 dominis
611 2179 683 2212 suis
708 2178 918 2222 conviciari3
942 2190 1087 2223 cumque
1110 2179 1140 2213 is
1165 2191 1235 2213 non
1259 2179 1529 2224 obtemperaret,
1555 2176 1761 2212 seiromasta

293 2225 468 2259 intentato
494 2224 627 2270 aliquot
661 2224 694 2258 ei
727 2224 847 2270 plagas
872 2225 1094 2269 imposuisse.
1142 2230 1248 2270 atque
1270 2224 1383 2270 ipsum
1404 2223 1650 2268 imperatorem
1672 2222 1760 2256 haec

294 2275 509 2316 spectantem
541 2269 785 2314 praesentibus
817 2270 949 2305 dixisse
979 2267 1176 2305 “videtisne
1211 2282 1256 2304 ex
1286 2270 1406 2304 eodem
1435 2269 1530 2315 ligno
1566 2279 1701 2303 crucem
1725 2270 1763 2301 et

295 2313 591 2396 gentilabrum2”
636 2321 672 2351 et
703 2316 793 2350 hanc
823 2316 935 2351 fuisse
970 2327 1108 2351 causam
1142 2328 1205 2352 cur
1235 2316 1390 2350 Leonem
1419 2315 1457 2350 in
1490 2313 1665 2360 triumpho
1690 2324 1762 2348 non

322 2368 453 2397 uceret.

388 2409 580 2443 Enimvero
604 2407 722 2442 Phoca
745 2407 859 2453 Aprili
884 2419 1002 2443 mense
1025 2413 1173 2452 mortuo,
1196 2407 1388 2442 indictione
1410 2405 1578 2450 secunda,
1601 2415 1691 2440 anno
1716 2404 1761 2439 ab

299 2453 435 2497 origine
466 2465 582 2488 rerum
616 2454 725 2498 6497,
761 2454 907 2499 eiusque
940 2455 1132 2489 rebellione
1165 2466 1378 2499 compressa,
1417 2453 1532 2488 Durus
1563 2451 1762 2486 libertatem

301 2504 505 2534 consecutus
533 2511 572 2534 se
594 2499 706 2545 ipsum
729 2500 931 2544 recollegit,
967 2506 1003 2535 et
1032 2501 1214 2546 pristinum
1246 2505 1405 2534 conatum
1433 2496 1601 2544 persequi
1629 2495 1761 2540 coepit.

302 2545 395 2588 quod
428 2546 489 2580 ubi
512 2546 658 2580 rescivit
681 2546 889 2592 imperator,
926 2558 990 2592 per
1011 2546 1130 2581 literas
1154 2557 1230 2580 eum
1254 2546 1412 2580 hortatur
1435 2549 1473 2578 ut
1493 2544 1631 2578 tandem
1654 2541 1762 2576 Chri-

299 2589 408 2624 stiani
442 2591 619 2635 sanguinis
651 2592 821 2626 fundendi
853 2593 956 2626 finem
981 2592 1090 2627 faciat
1122 2592 1222 2626 homo
1252 2591 1346 2626 etin
1369 2589 1497 2624 iudicio
1522 2590 1618 2624 vitae
1640 2593 1762 2634 gestae

304 2634 475 2670 rationem
498 2638 710 2672 redditurus.
757 2638 814 2672 vel
839 2649 918 2672 sero
939 2638 1111 2683 intelligat
1134 2637 1219 2682 quid
1245 2636 1429 2682 expediat,
1467 2640 1503 2670 et
1524 2634 1761 2680 magistratum

305 2680 377 2714 sibi
404 2681 570 2717 divinitus
601 2683 793 2728 praelatum
826 2689 1005 2728 agnoscat.
1053 2684 1107 2717 his
1130 2683 1242 2718 literis
1264 2683 1380 2717 Durus
1407 2681 1599 2725 emollitus,
1629 2690 1704 2715 cum
1728 2677 1764 2712 ei

304 2725 377 2760 fide
409 2727 548 2771 publica
577 2728 620 2763 de
650 2729 857 2775 impunitate
889 2735 1025 2764 cautum
1058 2735 1151 2763 esset
1175 2741 1215 2762 ac
1237 2728 1446 2772 securitate,
1483 2732 1520 2762 et
1541 2725 1764 2771 curopalatae

304 2770 458 2824 dignitas
481 2773 518 2806 in
540 2774 653 2818 ipsum
676 2775 811 2816 collata,
835 2787 911 2810 cum
932 2775 1144 2822 imperatore
1166 2774 1202 2808 in
1225 2774 1372 2818 gratiam
1395 2773 1514 2808 rediit.
1561 2783 1630 2806 non
1646 2777 1763 2822 tamen

305 2817 470 2862 dignatus
501 2830 577 2854 eum
604 2821 690 2855 deus
720 2825 774 2856 est
804 2825 844 2856 ut
874 2820 982 2856 oculis
1017 2821 1090 2856 suis
1113 2821 1357 2867 imperatorem
1382 2818 1592 2855 intueretur:
1626 2826 1704 2851 nam
1725 2824 1763 2848 m
