1916 3210
372 176 469 223 608
842 178 1077 227 GEORGII
1109 181 1349 229 CEDRENI

370 288 493 340 αὐτὸς
517 287 560 332 δέ
588 287 818 340 ἓξελθοῢσιν
843 289 970 344 εὐθὺς
997 291 1230 339 ἐπιτίθεται.
1305 295 1373 338 καὶ
1398 294 1547 352 γίνεται
1573 300 1701 359 τροπὴ
1718 305 1810 347 ,τῶν

365 355 577 411 Ῥωμαίων
596 355 745 415 φρικτή
756 388 771 410 ,
805 360 873 401 καὶ
892 359 931 403 οἳ
945 361 1018 415 μέν
1035 358 1113 404 ὕπὸ
1131 367 1211 406 τῶν
1230 360 1397 406 κατόπιν
1414 367 1810 426 καταλαμβανόμενοι

366 421 689 481 ἀπεσφάττοντο,
724 425 763 469 οἳ
791 426 836 470 δὲ
862 424 941 472 ὑπὸ
969 433 1049 472 τῶν
1075 428 1451 489 προκατειληφότων
1480 431 1554 485 τὰς
1585 431 1811 496 δυσχωρίας

364 490 584 547 εἰργόμενοι
605 491 875 547 ἀνηλίσκοντο.
944 494 1079 541 ξ’πεσεν
1099 493 1170 541 οὖν
1189 503 1348 555 πλῆθος
1369 495 1471 544 πολύ
1479 532 1494 553 ,
1527 502 1660 549 πίπτει
1678 504 1726 554 δὲ
1741 508 1810 551 καὶ

363 559 486 610 αὐτὸς
506 557 527 603 ὃ
551 557 777 616 σύγκελλος,
798 562 836 606 οἳ
858 563 901 606 δὲ
923 567 1053 608 λοιποὶ
1077 566 1151 610 σὺν
1167 571 1225 625 τῷ
1242 567 1415 622 Μιχαὴλ
1434 568 1476 612 ἓν
1486 567 1842 628 Ἀδριανονπάλειό

364 626 642 680 διασώζονται.
707 631 925 689 περιαλγὴς
940 628 1010 677 οὖν
1025 631 1047 676 ὖ
1067 635 1258 689 βασιλεὺς
1278 633 1486 692 γενόμενος
1503 636 1567 684 ἐπὶ
1584 643 1643 698 τῷ
1659 638 1814 698 ἀτυχή-

294 711 299 715 ’
363 713 462 752 ματι
489 693 584 748 τούς
610 714 652 740 τε
683 697 726 741 ἐκ
754 703 827 753 τῆς
851 705 1003 758 τροπῆς
1032 703 1309 754 διασωθέντας
1338 695 1587 760 ἀνελάμβανε
1619 708 1812 757 zmil-adr

365 765 498 823 ἕτερον
537 764 813 824 ἐστρατολόγει
854 770 923 812 καὶ
958 769 1244 828 μισθοφόρους
1277 771 1479 828 συνέλεγε,
1534 775 1603 821 καὶ
1638 774 1812 833 ἀβίωτον

311 842 342 878 Β
366 832 496 890 ἡγεῖτο
517 834 588 877 τὸν
603 835 706 888 βίον,
743 837 778 878 εἰ
801 836 861 892 μὴ
890 836 1019 895 ἄρδην
1039 839 1224 896 ἀφανίσει
1242 839 1287 882 τὸ
1307 840 1419 896 γένος
1436 845 1515 884 τῶν
1534 840 1812 896 Πατζινᾶκων.

365 903 451 944 ἀλλ’
474 903 610 945 ε’κεῖνοι
634 903 688 945 δι’
711 902 940 960 αὐτομόλου
959 910 1076 950 τοῦτο
1097 905 1319 961 πυθόμενοι
1342 908 1695 966 διαπρεσβεύονται
1709 912 1812 971 πρὸς
1821 925 1866 962 10

363 970 434 1015 τὸν
460 970 651 1025 βασιλέα,
686 969 845 1029 εἰρήνην
871 974 1085 1026 αἰτοῦντες.
1151 977 1219 1018 καὶ
1248 974 1566 1033 προσδεξάμενος
1595 972 1712 1031 οὗτος
1739 979 1812 1036 τὴν

363 1040 575 1098 πρεσβείαν
600 1039 807 1083 σπένδεται
825 1041 916 1096 μετ’
946 1041 1080 1086 αὐτῶν
1100 1041 1413 1100 τριακοντούτεις
1433 1045 1610 1098 σπονδὰς
1627 1047 1812 1102 θέμενος.

499 1104 790 1165 Μοναστῆριον
821 1110 865 1153 δὲ
885 1111 1109 1165 οἲκοδομῶν
1137 1109 1158 1155 ὃ
1187 1111 1380 1165 βασιλεὺς
1405 1112 1508 1156 κατὰ
1538 1113 1589 1158 τὰ
1619 1113 1811 1172 λεγόμενα

361 1172 570 1231 Μάγγανα
591 1175 657 1218 ἐπ’
676 1174 844 1231 ὀνόματι
860 1183 932 1222 τοῦ
953 1176 1066 1236 ἀγιόυ
1088 1178 1266 1236 μεγάλου
1285 1177 1492 1238 μάρτυρος
1503 1182 1544 1223 Γ
1541 1183 1718 1239 εωργίου,
1742 1185 1810 1230 καὶ

361 1244 540 1301 ἀφειδῶς
559 1243 611 1286 τὰ
637 1242 813 1300 δημόσια
840 1248 1138 1291 καταναλίσκων
1165 1248 1207 1290 ἐν
1231 1254 1320 1300 ταῖς
1350 1251 1581 1304 οἰκοδομαῖς
1604 1249 1808 1309 χρήματα,
1820 1265 1864 1302 15

359 1315 432 1355 νῦν
458 1312 532 1366 μὲν
566 1313 789 1369 οἵκοδομῶν
813 1318 885 1357 νῦν
907 1315 952 1358 δὲ
977 1316 1278 1374 καταστρέφων,
1313 1317 1368 1368 εἲς
1385 1315 1564 1374 μεγάλην
1582 1317 1730 1373 ἤλασεν
1746 1318 1810 1364 ἴν-

361 1382 486 1433 δειαν,
520 1378 576 1432 ὥς
599 1386 735 1425 πᾶσαν
763 1382 970 1438 ἐπινοῆσαι
996 1383 1065 1426 διὰ
1089 1388 1207 1427 τοῦτο
1227 1386 1445 1440 καπηλείαν
1462 1388 1528 1429 καὶ
1551 1383 1724 1440 ἀτόπους
1742 1390 1811 1431 καὶ

361 1448 655 1507 σεσοφισμένας
675 1448 898 1508 εἶσπράξεις
917 1451 1198 1509 ἓφευρηκέναι·
1241 1454 1460 1508 δημοσίους
1476 1471 1517 1497 τε
1533 1454 1612 1513 γὰρ
1628 1472 1817 1513 προεχειο.

310 1523 342 1559 C
364 1518 488 1574 ρι’ζετο
512 1518 756 1574 φροντιστὰς
777 1518 935 1574 ἀσεβεῖς
950 1521 1016 1562 καὶ
1035 1518 1275 1577 ἀλάστορας,
1304 1522 1371 1563 καὶ
1389 1522 1446 1564 δι’
1473 1521 1604 1566 αὐτῶν
1615 1521 1810 1581 χρήματα

361 1586 405 1636 ἐξ
426 1584 575 1628 ἀδίκων
589 1583 726 1644 πόρων
745 1585 996 1644 συνήθροιζε.
1027 1588 1214 1631 κατέλυσε
1235 1589 1279 1632 δὲ
1295 1590 1363 1631 καὶ
1383 1588 1452 1632 τὸν
1465 1589 1663 1648 Ἰβηρικὸν
1679 1601 1864 1650 Ἦρα-20

360 1653 432 1696 τὸν
451 1652 558 1710 ἀμφὶ
575 1652 650 1705 τὰς
674 1653 915 1710 πεντήκοντα
933 1653 1121 1710 χιλιάδας
1138 1656 1437 1712 ἀριθμούμενον
1454 1657 1522 1700 διὰ
1538 1659 1720 1711 Λέοντος
1737 1664 1813 1703 τοῦ

333 1725 336 1727 ’
364 1722 586 1778 Σερβλίου,
631 1723 697 1766 καὶ
726 1723 814 1766 ἀντὶ
842 1728 1097 1781 στρατιωτῶν
1124 1722 1279 1782 φόρους
1306 1724 1478 1776 πολλοὺς
1501 1726 1699 1783 ἐπορίζετο
1729 1727 1809 1770 ἀπὸ

364 1792 445 1832 τῶν
472 1789 633 1846 χωρίων
661 1790 839 1834 ἐκείνων·
886 1793 953 1834 καὶ
979 1790 1105 1843 ἄλλας
1131 1793 1291 1843 πλείους
1318 1791 1539 1850 εἰσπράξεις
1570 1793 1809 1850 ἕπενοῆσατο

364 1857 544 1916 πονηρὰς
561 1858 629 1900 καὶ
648 1857 878 1915 ἀθέσμους,
913 1859 963 1911 ἃς
980 1861 1047 1903 καὶ
1067 1860 1294 1917 καταλέγειν
1313 1859 1494 1917 αἶσχύνη.
1561 1861 1585 1905 ὃ
1613 1863 1659 1919 δὲ
1688 1864 1809 1906 εἰπεῖν

454 1963 480 2001 4
501 1961 688 2010 ἐρχόμενοι
712 1964 743 2001 0
876 1966 901 2003 9
922 1963 1148 2012 ἀφανισθείη
1173 1966 1203 2002 C
1340 1967 1383 2004 14
1406 1965 1752 2015 μεγαλομάρτυροςὶ)

363 2060 464 2092 atrox
484 2055 536 2091 ibi
557 2056 788 2091 Romanorum
817 2056 886 2092 fuit
906 2056 1041 2102 clades,
1075 2069 1151 2092 cum
1174 2056 1234 2093 alii
1260 2057 1379 2093 hostes
1402 2069 1423 2093 a
1442 2062 1544 2105 tergo
1569 2058 1719 2095 insecuti
1741 2072 1805 2096 ne-

361 2106 503 2147 carent,
533 2101 593 2137 alii
617 2103 660 2136 ab
691 2102 737 2136 iis
770 2103 832 2148 qui
852 2102 929 2138 vias
953 2108 1209 2150 occupaverant
1237 2103 1489 2139 occiderentur.
1535 2104 1663 2141 cecidit
1683 2117 1806 2152 magna

362 2148 564 2192 multitudo,
588 2152 693 2192 atque
715 2148 793 2192 ipse
815 2147 918 2184 etiam
942 2149 1133 2195 syncellus:
1155 2149 1283 2196 reliqui
1306 2161 1380 2186 cum
1400 2149 1570 2186 Michaelo
1587 2150 1807 2198 Adriauupo-

359 2194 411 2228 lin
432 2198 695 2240 pervenerunt..
723 2193 970 2230 Monomachus
997 2207 1041 2231 ex
1069 2195 1135 2230 hac
1165 2195 1361 2231 calamitate
1390 2195 1565 2241 ingentem
1591 2208 1632 2232 ce
1657 2197 1686 2232 it
1707 2197 1808 2234 dolo-

357 2250 452 2282 rem3
482 2244 519 2273 et
539 2238 692 2274 collectis
722 2240 783 2285 qui
813 2244 998 2277 evaserant
1019 2240 1202 2286 militibus,
1234 2241 1405 2287 novisque
1429 2241 1569 2289 scriptis
1595 2253 1636 2278 co
1662 2242 1806 2288 ortibus,

358 2285 539 2332 conductis
571 2284 675 2320 etiam
703 2286 947 2332 mercenariis,
988 2287 1115 2322 bellum
1146 2287 1344 2334 reparavit,
1381 2287 1494 2334 quod,
1528 2287 1598 2322 nisi
1622 2288 1808 2324 excidisset

357 2331 584 2374 Patzinacae,
608 2331 716 2366 vitam
738 2331 806 2366 sibi
830 2333 989 2368 acerbam
1011 2332 1173 2368 ducebat.
1216 2332 1425 2368 Patzinacae
1448 2344 1469 2368 e
1491 2334 1639 2378 perfuga
1659 2335 1808 2380 quodam

359 2387 404 2412 eo
428 2377 472 2412 de
493 2376 654 2411 instituto
673 2377 758 2412 facti
779 2378 959 2422 certiores,
982 2377 1095 2413 missis
1117 2377 1241 2423 legatis
1263 2390 1382 2425 pacem
1405 2379 1449 2414 ab
1466 2377 1675 2424 imperatore
1690 2379 1805 2426 petic-

359 2426 454 2458 runt.
500 2422 624 2467 quibus
643 2423 810 2468 assensit,
833 2428 870 2458 et
888 2423 1044 2459 inducias
1065 2423 1251 2459 triennales
1274 2423 1420 2478 pepigit.

451 2467 634 2503 Caeterum
655 2469 903 2504 Monomachus
925 2470 1166 2505 monasterium
1189 2470 1340 2504 condens
1362 2481 1400 2504 m
1421 2468 1605 2514 Manganis
1653 2480 1718 2504 uae
1740 2480 1806 2504 vo·

361 2517 506 2558 cantur,
534 2514 818 2550 denominandam
840 2526 862 2550 a
882 2519 1037 2570 martyre
1063 2515 1217 2561 Georgio
1230 2541 1241 2560 ,
1270 2514 1448 2562 prodactis
1470 2515 1570 2550 modo
1592 2526 1634 2550 ae
1659 2515 1806 2551 ificando

359 2559 461 2593 modo
482 2558 649 2594 diruendo
667 2560 712 2595 iis
734 2572 824 2607 quae
846 2566 947 2597 erant
968 2572 1005 2596 m
1027 2561 1162 2596 aerario
1186 2561 1359 2605 omnibus,
1391 2561 1437 2596 ad
1462 2571 1619 2605 magnam
1639 2559 1807 2606 pecuniae

360 2604 588 2648 indigentiam
604 2605 748 2642 decidit.
781 2606 933 2652 ideoque
951 2607 1051 2642 varia
1067 2606 1247 2642 admodum
1268 2607 1483 2653 cauponandi
1503 2617 1631 2651 genera
1651 2605 1808 2653 repperit

363 2655 401 2685 et
424 2651 592 2686 absurdas
616 2652 933 2697 commentitiaeque
961 2653 1173 2689 exactiones.
1218 2663 1296 2687 nam
1321 2651 1478 2699 publicos
1504 2651 1657 2686 instituit
1678 2662 1807 2697 procu-

339 2717 341 2720 .
363 2702 521 2741 ratores,
552 2697 706 2732 nefarios
735 2697 910 2743 homines,
942 2709 1086 2744 quorum
1117 2709 1224 2745 opera
1255 2697 1392 2733 iniustis
1412 2697 1604 2733 rationibus
1626 2696 1805 2742 pecuniam

364 2742 572 2784 conficeret;
598 2748 635 2778 et
655 2744 826 2779 Ibericum
847 2745 1065 2789 exercitum,
1080 2744 1141 2790 qui
1164 2747 1240 2779 erat
1262 2744 1307 2779 ad
1329 2744 1438 2788 5000,
1459 2754 1524 2790 per
1544 2742 1695 2777 Leonem
1716 2741 1806 2777 Ser-

363 2787 470 2822 blium
491 2787 640 2832 dimisit,
670 2800 711 2824 ac
735 2801 798 2843 pro
822 2789 984 2825 militibus
1005 2790 1138 2825 reditus
1159 2789 1283 2824 multos
1305 2790 1351 2825 iis
1371 2801 1416 2824 ex
1437 2787 1636 2833 regionibus
1659 2786 1804 2841 recepit,

362 2831 554 2879 multasque
583 2833 667 2870 alias
700 2834 846 2871 iniustas
873 2840 910 2873 et
941 2841 1129 2874 memoratu
1157 2834 1317 2883 indignas
1347 2834 1546 2872 exactiones
1579 2836 1801 2878 excogitavit.
