1890 3236
497 158 899 208 HISTORIARUM
932 158 1323 207 GOMPRNDIUM.
1545 158 1643 210 243

168 270 527 331 ἔπορ’-βούλεσθε,
547 274 629 316 *ami
658 272 816 330 ποιήσει
843 278 964 318 τοῦτο
994 271 1157 325 πάντως
1177 274 1246 319 διὰ
1272 275 1347 331 τὴν
1371 275 1511 319 πίστιν
1526 273 1643 330 ὑμῶν

166 341 333 395 beeck,
368 342 445 387 κᾶν
465 340 581 398 ἡμεῖς
603 343 723 398 ἐσμὲν
746 343 949 398 ἐλάχιστοι
970 346 1038 387 καὶ
1061 343 1230 394 ἀνάξιοι.
1239 334 1286 362 ⁵³*
1339 344 1378 388 οἱ
1409 347 1435 387 δ
1441 345 1454 361 '
1485 344 1641 397 εὐθέως

163 409 369 470 ᾐτήσαντο
400 411 475 468 τὴν
504 416 580 456 τοῦ
607 414 725 456 θείου
755 413 984 469 εὐαγγελίου
1013 414 1187 456 πυκτίδα
1218 414 1261 456 ἐν
1292 417 1344 471 τῇ
1369 414 1472 472 παρ’
1503 415 1639 470 αὐτῶν

165 480 406 539 &ruffam
443 471 611 538 ῥιφῆναι
651 487 854 543 πυρκαὶζῖ,
893 483 963 525 καὶ
997 483 1032 524 εἰ
1063 481 1252 537 ἀβλαβὴς
1284 482 1388 538 αὕτη
1425 474 1639 541 τηρηθείη,

107 546 154 597 '6
165 553 410 607 προσελθεῖν
434 552 503 592 καὶ
525 550 676 600 αὐτοὺς
693 555 751 610 τῷ
769 550 872 608 παρ’
899 551 1026 594 αὐτοῦ
1042 551 1333 609 κηρυσσομένῳ
1357 555 1459 610 θεῷ.
1527 551 1640 606 ἔδοξε

162 618 216 674 δὴ
239 623 392 671 ταῦτα,
425 621 494 675 καὶ
515 623 588 662 τοῦ
608 619 746 676 ’ἱερέως
767 619 872 677 πρὸς
891 618 993 665 θεὸν
1011 618 1086 669 τὰς
1100 627 1243 677 χεῖρας
1265 622 1333 663 καὶ
1351 621 1447 671 τοὺς
1467 621 1636 679 ὄφθαλ-
1658 632 1687 668 Ρ
1712 633 1780 670 590

159 686 266 742 μοὺς
282 686 506 744 ἕπάραντος
523 689 592 731 καὶ
614 686 821 740 “δόξασόν
841 705 915 733 σου
935 689 981 732 τὸ
1006 687 1122 744 ἅγιον
1143 687 1273 743 ὄνομα
1283 721 1298 741 ,
1324 689 1460 744 Ἰησοῦ
1480 693 1639 748 Χριστὲ

161 753 185 798 ὅ
204 756 304 807 θεὸς
319 754 465 812 ἥμῶν”
493 755 673 807 εἰπόντος
679 788 693 809 ,
723 759 767 801 ἐν
785 757 1023 816 ὀφθαλμοῖς
1043 763 1117 800 τοῦ
1139 757 1286 808 ἔθνους
1302 762 1475 801 τουτουῖ·
1488 760 1636 817 ἐρρίφη

161 827 217 876 εἰς
236 824 309 880 τὴν
326 824 496 880 κάμινον
513 823 540 881 ἦ
559 830 632 870 τοῦ
649 823 766 882 ἁγίου
784 826 1013 883 εὐαγγελίου
1029 828 1186 880 βιᾙλος.
1254 827 1327 884 ἐφ’
1348 826 1461 883 ὥρας
1479 829 1524 871 δὲ
1544 829 1636 872 ἱκα-

102 893 231 944 ωνύς
251 899 325 950 τῆς
344 895 516 949 καμίνου
537 895 821 950 ἐκκαιομένης,
859 894 943 939 εἶτα
972 897 1040 938 καὶ
1071 897 1205 939 τέλεον
1225 898 1529 953 μαρανθείσης,
1565 897 1634 941 εὖ·

156 964 262 1019 ρίθη
281 962 328 1006 τὸ
349 963 458 1020 ἱερὸν
478 965 646 1006 πυκτίον
663 964 825 1016 ἀπαθὲς
847 967 916 1007 καὶ
936 965 1149 1020 ἀλώβητον
1170 968 1393 1020 διαμεῖναι,
1427 968 1634 1022 μηδεμίαν

152 1028 233 1074 ὕπὸ
253 1035 329 1076 τοῦ
344 1032 474 1091 πυρὸς
493 1031 709 1087 δεξάμενον
727 1033 872 1090 λύμην.
943 1033 1040 1090 ὅπερ
1066 1033 1220 1085 ἰδόντες
1239 1035 1279 1078 οἷ
1296 1034 1528 1093 βάρβαροι,
1562 1039 1632 1079 καὶ

151 1105 210 1159 τῷ
228 1101 393 1158 μεγέθει
413 1103 734 1158 καταπλαγέντες
752 1108 826 1147 τοῦ
849 1102 1090 1159 θαύματος,
1124 1103 1419 1156 ἀνενδοιάστως
1450 1106 1553 1164 πρὸς
1581 1106 1629 1149 τὸ

149 1167 364 1226 βάπτισμα
389 1170 658 1227 ηὐτομόλουν.

97 1253 141 1290 15
288 1240 414 1284 ,Κατὰ
444 1244 588 1284 τοῦτον
612 1240 682 1284 τὸν
700 1239 852 1298 χρόνον
875 1243 1181 1292 Κωνσταντΐνος
1203 1238 1224 1285 ὅ
1250 1240 1523 1300 πρεσβύτερος
1546 1247 1628 1287 τῶν

147 1311 224 1351 τοῦ
246 1310 448 1362 βασιλέως
475 1309 576 1353 υἱῶν
593 1309 664 1353 τὸν
682 1311 774 1364 βίον
793 1311 944 1362 ἐξέλιπε
966 1309 1073 1369 νόσῳ
1093 1316 1285 1368 πυρετικῇ
1295 1343 1308 1362 ,
1343 1312 1496 1362 πένθος
1518 1312 1622 1367 ἇμύ-
1647 1318 1679 1353 Β

147 1380 281 1432 θητον
308 1379 541 1423 καταλιπὼν
566 1383 624 1438 τῷ
650 1380 788 1436 πατρί.
858 1379 963 1422 ἀλλὰ
991 1384 1112 1423 τοῦτο
1135 1381 1210 1434 μὲν
1229 1378 1251 1421 ὃ
1269 1380 1464 1433 βασιλεὺς
1485 1381 1627 1438 πράως

146 1444 308 1502 ἤνεγκε,
339 1446 665 1505 παρεμυθήσατο
683 1449 728 1491 δὲ
745 1448 819 1504 τὴν
838 1447 1008 1504 σύζυγον
1027 1450 1094 1491 καὶ
1113 1448 1165 1491 τὰ
1183 1449 1315 1492 τέκνα.
1385 1449 1625 1505 ε’ναγόμενος

145 1515 194 1558 δὲ
215 1515 326 1573 παρὰ
348 1520 431 1560 τῶν
452 1517 758 1575 προϊσταμένων
786 1522 862 1561 τοῦ
891 1519 1089 1573 δημοσίου
1112 1516 1132 1560 ὅ
1154 1518 1347 1572 βασιλεὺς
1368 1517 1546 1570 ἐπόπτας
1567 1523 1624 1571 εἰς

87 1583 198 1638 mni
225 1585 392 1640 θέματα
417 1586 646 1641 ἐκπέμψαι,
676 1584 732 1637 ὥς
755 1585 804 1629 ἂν
827 1588 1062 1641 δυναμένων
1082 1588 1126 1629 ἐκ
1146 1585 1293 1630 τούτου
1313 1591 1394 1630 τῶν
1414 1590 1621 1643 δημοσίων

142 1657 379 1698 συντελειῶν
397 1655 604 1699 ἐπιδοῦναι
615 1689 628 1708 ,
655 1654 1034 1713 προσποιησάμενος
1051 1656 1328 1711 ἀποδέχεσθαι
1345 1657 1418 1712 τὴν
1434 1655 1620 1714 ὑπόμνη-

141 1738 230 1775 σιν,
264 1723 507 1775 ἐκλέξασθαι
535 1727 602 1768 καὶ
631 1725 859 1782 εὐτρεπίσαι
880 1726 1100 1783 προσέταξε
1122 1728 1190 1768 καὶ
1214 1726 1326 1785 αὐτῷ
1348 1734 1620 1784 προσαγαγεῖν

140 1791 236 1843 τοὺς
250 1792 473 1848 μέλλοντας
489 1793 535 1838 τὸ
556 1798 739 1838 τοιοῦτον
756 1794 871 1851 ἔργον
891 1795 1112 1838 ἐπιτελέσαι
1130 1799 1277 1846 καλῶς.
1334 1795 1617 1851 ἐπιλεξάμενος

139 1861 186 1902 δ’
212 1859 234 1904 ὃ
254 1862 408 1918 γενικὸς
432 1863 504 1915 οὓς
523 1862 652 1907 ἐδόκει
673 1865 913 1921 διακονῆσαι
933 1863 1035 1923 πρὸς
1053 1864 1099 1908 τὸ
1118 1869 1300 1908 τοιοῦτον
1318 1862 1435 1923 ἕργον
1456 1866 1611 1924 ὀρθῶς,
1634 1873 1666 1909 C

229 1965 323 2015 6ῡὴ
348 1971 458 2008 amc

134 2060 231 2106 quod
263 2060 394 2119 vultis,
427 2067 465 2100 et
492 2063 524 2099 is
554 2064 693 2100 omnino
714 2064 752 2099 id
774 2065 972 2111 praestabit
993 2068 1139 2112 propter
1161 2064 1265 2100 fidem
1288 2068 1442 2100 vestram
1451 2082 1466 2111 ,·
1498 2078 1611 2111 quan-

134 2118 239 2153 quam
258 2119 322 2144 nos
345 2110 479 2145 minimi
501 2121 618 2146 sumus
641 2117 678 2146 et
699 2108 875 2157 indigni.”
919 2113 946 2147 ii
979 2113 1164 2147 confestim
1193 2111 1415 2158 postularunt
1437 2118 1476 2147 ut
1499 2115 1611 2149 codex

133 2154 310 2200 evangelii
333 2155 371 2190 in
391 2168 514 2202 rogum
535 2169 636 2203 quem
659 2160 914 2194 succenderant
944 2160 1160 2202 mitteretur,
1192 2158 1437 2203 promittentes
1469 2170 1530 2205 se,
1565 2171 1609 2194 eo
1644 2164 1646 2167 ’

131 2199 296 2235 ineolumi
325 2208 503 2247 manente,
539 2205 606 2238 deo
635 2215 735 2249 quem
762 2204 839 2250 ipse
862 2206 1084 2251 praedicaret
1108 2216 1233 2239 nomen
1258 2204 1414 2239 daturos.
1462 2212 1611 2251 accepta

130 2245 220 2282 haec
241 2247 421 2292 condicio;
453 2255 489 2284 et
510 2249 678 2294 pontifice
703 2262 823 2286 manus
844 2251 1034 2297 oculosque
1057 2252 1102 2286 ad
1123 2251 1224 2285 deum
1248 2249 1446 2295 attollente,
1469 2251 1607 2286 Iesum-

157 2303 202 2327 ue
233 2293 441 2330 obsecrante
464 2300 504 2330 ut
524 2295 554 2329 is
579 2296 693 2331 sancti
715 2296 771 2331 sui
795 2297 944 2332 nominis
975 2297 1121 2342 gloriam
1145 2302 1227 2331 ante
1251 2296 1370 2331 oculos
1395 2297 1495 2332 huius
1517 2309 1605 2342 gen-

129 2343 177 2373 tis
201 2346 400 2386 assereret,
431 2341 616 2376 coniicitur
638 2342 676 2376 in
702 2342 872 2378 caminum
893 2343 984 2378 liber
1006 2342 1249 2388 evangelicum
1282 2354 1429 2387 cumque
1451 2344 1606 2379 caminus

156 2396 196 2420 er
216 2385 342 2421 multas
365 2386 470 2422 horas
492 2387 657 2433 arsisset,
679 2389 890 2433 tandemque
909 2389 1054 2424 materia
1070 2394 1273 2434 consumpta
1288 2389 1480 2424 exstinctus
1498 2396 1606 2435 esset,

127 2396 220 2466 liber
251 2432 434 2468 incolumis
467 2433 678 2479 illaesusque
711 2435 849 2469 omnino
879 2435 1068 2481 reperitur.
1117 2435 1217 2470 cuius
1249 2434 1404 2469 miraculi
1429 2436 1604 2481 magnitu-

126 2476 212 2512 dine
239 2478 395 2524 perculsi
423 2479 589 2525 barbari,
625 2479 719 2515 omni
741 2481 961 2516 dubitatione
984 2482 1145 2527 abiecta,
1179 2481 1223 2516 ad
1246 2481 1457 2528 baptismum
1478 2484 1603 2517 confu-

151 2531 267 2560 erunt.
1237 2538 1240 2541 '

124 2534 151 2570 g
217 2571 275 2606 Eo
309 2572 458 2608 maxime
488 2577 647 2619 tempore
678 2572 950 2618 Constantinus,
982 2572 1133 2607 filiorum
1164 2571 1290 2607 Basilii
1313 2577 1398 2608 natu
1419 2572 1602 2619 maximus,

125 2615 218 2652 febri
250 2618 454 2664 absumptus
488 2625 561 2664 est,
596 2619 808 2654 ineffabilem
837 2620 931 2665 patri
958 2618 1087 2654 luctum
1112 2617 1325 2664 relinquens.
1372 2619 1463 2654 hunc
1486 2626 1600 2655 tamen

123 2673 240 2698 casum
263 2663 455 2711 imperator
477 2667 655 2701 moderate
677 2666 775 2710 tulit,
814 2676 1027 2711 uxoremque
1059 2665 1164 2700 etiam
1189 2673 1226 2700 et
1246 2665 1377 2700 liberos
1401 2666 1599 2701 consolatus

123 2714 191 2744 est.
237 2709 379 2746 interim
409 2712 464 2746 rei
494 2713 657 2759 publicae
686 2724 850 2758 proceres
874 2711 1078 2757 imperatori
1103 2712 1252 2747 suadent
1275 2717 1313 2746 ut
1335 2710 1371 2746 in
1395 2712 1598 2758 provincias

120 2755 340 2800 inspectores
359 2758 513 2804 emittat,
538 2759 630 2805 quod
655 2758 723 2794 hoc
745 2758 905 2793 dicerent
927 2759 971 2793 ad
994 2758 1242 2794 incrementum
1266 2757 1439 2793 redituum
1464 2758 1599 2805 publici

121 2802 251 2836 aerarii
273 2803 456 2840 facturum.
504 2805 697 2851 imperator
719 2807 870 2851 probare
894 2816 933 2840 se
961 2806 1051 2839 hanc
1074 2804 1281 2839 sententiam
1308 2804 1494 2849 simulans,
1533 2806 1596 2839 de-

123 2847 188 2894 ligi
210 2849 256 2884 ad
278 2849 344 2885 hoc
366 2862 490 2887 munus
512 2851 669 2888 homines
692 2857 795 2900 aptos
818 2851 916 2888 iubet
937 2857 974 2887 et
997 2852 1042 2887 ad
1063 2863 1102 2886 se
1123 2850 1263 2889 adduci.
1310 2850 1362 2886 ibi
1388 2863 1464 2886 cum
1487 2863 1596 2896 gene-
