1916 3210
321 190 418 237 892
924 189 1170 234 FABROTI

428 293 698 349 οἷκοίμητοι
725 296 922 336 monachi
912 310 1109 336 ιιιεοιιιιιεε.
1157 297 1324 337 Series
1300 298 1560 367 Episcopomm
1578 300 1764 352 Byzantii,
1832 315 1834 317 ’

315 356 406 392 Iuris
445 355 527 392 GR.
569 368 607 404 p.
638 355 740 396 298.
790 352 858 393 καὶ
898 351 1071 404 μοναχόν
1105 353 1149 393 ἐκ
1191 370 1273 395 των
1313 351 1556 408 οἶκοιμητων.
1623 357 1762 396 Concil.

279 435 282 438 ·
313 411 641 460 r}‹1entp.723
662 409 721 449 ed.
742 409 801 448 R:
831 408 873 450 ἐν
892 411 943 463 τῇ
965 425 1046 449 ww
1069 405 1299 475 οἷκοιμήτων
1323 413 1438 465 μονῇ.
1495 411 1761 464 Theophanes:

312 462 483 517 μοναχός
518 463 561 504 ἔκ
584 467 656 515 τῆς
683 467 812 517 μονῆς
843 467 923 505 τῶν
948 461 1191 516 οἷκοιμήτων.
1245 467 1475 519 Nicephorus
1506 467 1679 508 Callistus
1706 468 1760 510 15

310 522 383 560 23:
423 535 618 570 μοναχους
644 519 686 560 ἐκ
710 523 781 572 τῆς
801 523 880 561 τῶν
906 517 1135 572 α’κοιμήτων
1158 525 1286 574 μονῆς
1310 523 1433 564 ἐκεῖσε
1461 521 1762 577 ἔγκαταστησας.

309 576 461 626 epistola
488 574 568 616 141
601 577 830 616 Theodoreti
869 578 1073 616 inscribitur
1104 578 1328 634 Μαρκέλλῳ
1362 574 1646 646 ἆρχιμανδρὶτῃ
1681 594 1763 620 των

310 627 562 684 οἶκοιμήτων,
597 637 635 671 et
659 634 918 671 monasterium
949 646 1076 672 eorum
1107 619 1379 674 Acoemetense.
1437 635 1596 673 Victor
1585 649 1625 675 ιιι
1646 636 1762 675 Chro-
1795 649 1798 652 ·

309 690 410 727 nico:
441 689 667 725 Primasizm
689 702 842 740 qaoque
858 687 1132 727 Ala-nemetensi
1146 693 1380 729 monasterio
1397 691 1611 742 relegatur.
1653 693 1765 730 Ioan-

310 758 377 783 nes
397 744 488 782 PP
478 758 516 782 ιιι
534 745 638 795 epist.
659 747 707 783 ad
726 746 979 784 lastinianum:
1009 747 1081 797 qai
1100 746 1148 783 de
1173 747 1391 785 Cumitemi
1408 749 1643 786 monasterio
1653 748 1760 800 fuit.

310 805 410 840 recte
429 800 597 839 Cuiacius
619 802 825 840 emendavit
848 801 897 839 de
915 801 1181 841 Acumicensi.
1250 804 1347 843 idem
1364 804 1506 843 Victor:
1525 817 1604 854 per
1623 818 1764 843 mona-

311 856 405 893 chos
444 857 767 895 monasteriorum
803 857 1153 896 Achimitensium.
1226 859 1312 911 lege
1347 859 1668 899 Acumitensium
1699 864 1765 900 aut

311 912 665 950 Aeoemetensiam.

425 976 714 1028 ἀκόλουθος
739 993 774 1019 v.
806 977 1010 1035 βαραγγοι.

425 1043 686 1115 ἄνταρσία.
733 1047 1015 1117 Theophanes
1005 1062 1043 1088 ιιι
1062 1048 1206 1089 Phoca·
1244 1047 1368 1102 ἤκουε
1390 1047 1467 1104 γὰρ
1491 1047 1764 1103 μελετωμὲνην

311 1102 357 1144 ἕν
376 1105 426 1158 τῇ
448 1098 624 1159 Ἀφρικῇ
643 1101 742 1144 navo}
768 1106 893 1145 Φωκᾶ
914 1101 1152 1155 οἷνταρσίαν,
1192 1106 1423 1144 meditatam
1441 1107 1631 1146 adversm
1651 1106 1762 1144 Pho-

314 1174 405 1197 cam
420 1159 681 1197 ιεῦεἰίίοηειη.
744 1157 938 1231 ἀντάρτης
961 1164 1023 1212 qui
1049 1163 1278 1212 tyrannidem
1299 1163 1463 1203 affectat.
1519 1164 1616 1202 idem
1634 1163 1764 1202 Theo—

312 1217 486 1283 phanes
476 1230 514 1254 m
531 1216 730 1255 Mauricio:
770 1214 794 1257 ὁ
813 1215 857 1258 δὲ
880 1213 1077 1269 τύραννος
1103 1213 1362 1270 Ἀλέξανδρον
1390 1216 1461 1259 τόν
1489 1214 1764 1272 συναντάρτην

311 1268 439 1312 αὐτοῦ
463 1271 671 1324 ἐξέπεμψε.
728 1271 999 1327 συναντᾶρτης
1021 1278 1078 1314 est
1098 1276 1262 1312 conscius
1281 1279 1320 1313 et
1340 1275 1521 1327 particeps
1545 1275 1764 1324 rebellioni&

310 1329 516 1367 correbellis
535 1327 730 1368 Anastasio
749 1330 1031 1372 bibliothecario.
1090 1330 1310 1371 Theodorus
1330 1330 1567 1371 Metochites:
1608 1326 1676 1383 ἐφ’
1702 1326 1764 1378 οἷς

310 1381 524 1426 ἐνεκάλουν
547 1381 746 1438 οἷντάρτην
768 1381 907 1427 αὐτόν.

423 1447 582 1504 mady
596 1468 675 1493 ιον
725 1449 874 1506 ἆλλαγή
914 1454 1145 1493 commutatio
1187 1454 1435 1506 pecuniarum.
1510 1455 1620 1494 etiam
1653 1453 1764 1493 hodie

308 1509 457 1548 Graecis
479 1505 636 1562 ἆλλοὶγω
658 1513 715 1548 est
737 1515 920 1561 permuto-

421 1593 446 1616 α
437 1571 481 1615 ’λ
490 1579 512 1615 λ
522 1592 546 1627 η
556 1579 577 1615 λ
589 1575 607 1616 έ
615 1591 637 1628 γ
648 1591 671 1628 γ
681 1591 706 1615 υ
719 1591 740 1616 ο
752 1591 791 1616 ν.
844 1590 879 1615 v.
905 1577 1127 1615 Zonaram'
1116 1590 1154 1614 ιιι
1177 1576 1314 1616 Basilio
1324 1605 1339 1627 ,
1368 1581 1407 1616 et
1424 1575 1622 1616 Novellam
1639 1547 1764 1615 Basilii

306 1647 355 1673 πε
339 1631 398 1685 ⁶92
423 1629 690 1685 αλληλεγγύου
714 1630 925 1684 ὅμοτελων,
953 1637 991 1671 et
1009 1633 1220 1671 Meursium.

417 1695 607 1767 ἄλογον
636 1712 775 1750 equuS‚
803 1701 1015 1738 iumentum.
1044 1699 1123 1738 Leo
1141 1699 1250 1739 Tact.
1274 1712 1308 1737 c.
1328 1698 1381 1739 10
1400 1695 1423 1751 ξ
1443 1697 1491 1739 5:
1521 1698 1764 1739 διοικεῖσθαι.

306 1751 355 1794 vo?
379 1751 503 1807 ἄλογα
522 1751 670 1795 αὐτων.
726 1756 972 1806 Theophanes
995 1757 1033 1793 in
1047 1755 1239 1794 Heraclio:
1269 1752 1395 1795 πολλοὶ
1414 1769 1496 1794 των
1516 1750 1674 1808 ἀλόγων
1690 1770 1766 1795 αυ-

307 1814 381 1850 τοῦ
422 1807 723 1880 διεφθάρησαν.
789 1811 938 1851 Nicetas
972 1811 1143 1852 Choniat.
1176 1812 1214 1848 in
1247 1811 1420 1850 Manuele
1451 1811 1584 1849 comn.
1619 1814 1671 1852 2:
1713 1807 1764 1850 τοὶ
1782 1834 1784 1836 v

307 1879 460 1919 κουρση
481 1867 523 1907 ἐν
544 1872 628 1914 τοῖς
648 1862 810 1920 οἷλόγοις
829 1878 1127 1937 φορτωσαντες,
1166 1871 1204 1906 et
1225 1868 1275 1906 de
1293 1867 1402 1905 rebus
1423 1868 1537 1917 gestis
1558 1871 1646 1919 post
1667 1867 1763 1905 exci-

309 1925 408 1961 dium
440 1925 558 1962 urbis:
603 1923 728 1975 ἕτεροι
750 1921 794 1963 δὲ
812 1921 883 1971 τας
901 1922 1162 1976 ὖβρισθείσας
1180 1916 1254 1963 vw'
1277 1918 1412 1963 αυτῶν
1429 1927 1620 1975 γυναῖκας
1639 1922 1696 1970 εἰς
1714 1938 1764 1962 τα

310 1977 434 2031 α’λογα
454 1975 774 2032 ἀναβιβάζοντες.
829 1980 986 2019 Basilica
1004 1979 1099 2018 adl.
1121 1981 1172 2020 17
1192 1980 1239 2018 D.
1263 1980 1311 2018 de
1333 1980 1438 2030 petit.
1462 1978 1617 2020 heredit.
1654 1979 1765 2017 hodie

310 2049 457 2086 quoque
473 2036 622 2075 Graecis
639 2034 783 2088 ὄὶλογον
798 2040 856 2075 est
875 2049 1001 2087 equus.
1031 2037 1083 2074 sic
1092 2035 1218 2074 Latini
1233 2035 1365 2073 animal
1384 2049 1452 2087 pro
1473 2047 1567 2085 equo
1580 2035 1762 2074 dixerunt.

309 2092 421 2130 lulius
442 2093 620 2131 Firmicus
638 2093 795 2131 Mathes.
815 2095 840 2133 3
859 2107 890 2131 c.
909 2095 955 2134 7:
983 2093 1103 2143 regiis
1125 2090 1369 2128 animalibus
1381 2092 1640 2141 praepositos.
1672 2090 1764 2140 legis

309 2149 450 2187 Salicae
470 2150 526 2187 tit.
551 2150 622 2189 19:
664 2149 849 2186 Sauriam
879 2162 969 2185 enm
994 2147 1237 2185 animalibus
1264 2147 1330 2185 vel
1351 2147 1507 2198 jbenile
1531 2146 1760 2184 incenderit.

310 2204 530 2243 Theodorus
559 2206 709 2244 Studita
736 2205 845 2257 epist.
873 2206 922 2243 ad
942 2205 1156 2244 Platonem:
1196 2205 1240 2241 in
1261 2203 1505 2241 animalibus
1524 2203 1697 2241 sedentes
1720 2204 1764 2240 in

311 2260 447 2297 urbem
463 2262 631 2312 ingressi
646 2275 796 2298 sumus.
856 2257 1027 2313 ἀλόγοις.

424 2314 598 2370 ἅμβων
626 2319 754 2366 ambo,
782 2317 982 2369 pulpitum,
1011 2320 1222 2368 suggestus·
1277 2314 1436 2355 Annales
1455 2314 1682 2355 Fnldenses:
1720 2315 1764 2352 in

309 2373 494 2410 Basilica
526 2374 570 2411 S.
604 2375 718 2411 Petri
743 2373 948 2411 ambonem
978 2374 1172 2419 ascendit,
1202 2373 1332 2423 posito
1357 2385 1477 2422 super
1501 2378 1622 2422 caput
1645 2384 1764 2408 suum

311 2430 531 2481 evangelio.
574 2429 742 2469 Anastas.
762 2430 1052 2469 bibliothecarius
1075 2431 1113 2468 in
1133 2430 1220 2468 hist.
1239 2428 1392 2468 eccles..
1383 2442 1392 2450 ·
1420 2441 1540 2478 super
1556 2427 1764 2465 ambonem

315 2486 629 2524 Clzalcedonense
665 2486 988 2524 anathematizat
982 2500 1049 2522 ere
1087 2485 1312 2523 concilium.
1388 2484 1528 2524 Concil.
1563 2484 1763 2524 Laodicen.

310 2555 389 2580 can.
412 2543 483 2584 15:
528 2543 583 2590 εἰς
609 2540 679 2583 τόν
710 2540 879 2595 α’μβωνα
908 2539 1221 2594 ἀναβαινόντων.
1277 2541 1449 2591 Synodus
1476 2541 1546 2591 Cp.
1569 2543 1596 2582 7
1622 2543 1693 2578 act.
1715 2540 1762 2580 1:

310 2595 388 2648 πρό
415 2601 489 2639 τοῦ
516 2595 726 2651 ἵερωτάτου
748 2597 933 2651 ἅμβωνος
960 2601 1031 2639 τοῦ
1051 2601 1155 2638 ναοῦ
1173 2600 1246 2650 τῆς
1265 2593 1485 2650 ἁγιωτάτης
1503 2593 1676 2648 μεγάλης
1695 2594 1765 2641 int

313 2655 477 2704 πλησίας
496 2658 567 2705 τῆς
587 2654 800 2708 ἐπωνύμου
819 2656 990 2706 Σοφίας.
1046 2655 1203 2693 Basilius
1222 2655 1269 2692 de
1287 2654 1359 2691 vita
1377 2653 1417 2691 S.
1434 2651 1608 2701 Theclae,
1637 2652 1764 2690 Theo-

313 2712 450 2761 phanes
475 2711 514 2749 in
534 2712 742 2752 Iustiniano.
798 2711 1027 2763 Nicephorus
1053 2711 1222 2749 Callistus
1255 2708 1307 2751 14
1338 2712 1410 2750 10³
1437 2711 1598 2749 κεῖσθαι
1615 2703 1764 2759 ταύτην

313 2764 395 2807 ὐπὸ
416 2781 486 2806 τον
506 2765 696 2833 αμβωνα,
735 2765 757 2808 ὃ
779 2768 889 2819 βῆμα
908 2770 987 2807 τῶν
1005 2764 1271 2835 οἶναγνωστων
1289 2764 1407 2806 ἐστίν.

428 2818 715 2876 ἀμηραδης,
756 2820 983 2877 οἷμηρᾶς,
1027 2837 1223 2877 αμηρευ
1239 2837 1327 2864 ειν
1385 2821 1570 2860 Zonaras:
1604 2819 1762 2873 Ταρσοῦ
