1890 3236
331 188 428 240 450
720 158 725 163 ⁴
803 191 1040 236 GEoRcu
1069 190 1310 236 camum

332 304 567 361 εἶσβαλόντα
594 320 636 346 τε
664 304 731 346 καὶ
759 303 801 346 ἓν
816 299 1113 359 Πελοποννήσῳ
1142 303 1211 344 διὰ
1240 307 1314 346 τοῦ
1333 303 1374 345 ἓν
1396 304 1588 361 Κορίνθῳ
1609 305 1778 359 ἰσθμοῦ,

193 387 222 422 P
247 385 314 423 703
337 377 402 418 καὶ
423 371 552 415 πάντα
576 374 704 414 ταῦτα
732 373 907 427 δῃοῦντα
936 373 1002 412 καὶ
1029 368 1273 425 ληϊζόμενον,
1306 370 1410 427 ἄρας
1433 373 1500 414 καὶ
1527 371 1648 422 “zirac
1675 371 1777 426 μετὰ

331 446 411 486 τῶν
443 443 532 497 περὶ
566 439 688 481 αὐτὸν
717 436 1028 496 στρατευμάτων
1058 439 1126 481 καὶ
1155 438 1230 489 τὰς
1267 436 1467 495 ὑπωρείας
1499 438 1675 483 διελθὼν
1702 444 1776 483 τοῦ

327 507 534 563 Ὀλύμπου
555 509 622 550 καὶ
641 507 682 549 ἓν
698 508 895 564 Λαρίσσῃ
907 503 1127 562 γενόμενος,
1151 507 1306 549 κάκεῖσε
1322 507 1448 550 λιπὼν
1465 505 1538 562 τὴν
1555 506 1777 562 ἀποσκευὴν

332 579 401 620 καὶ
430 575 595 628 εὔζωνον
621 575 759 629 λαβὼν
786 574 855 618 τὸν
881 572 1067 631 στρατόν,
1112 574 1186 628 τὴν
1211 575 1431 617 Θετταλίαν
1451 573 1660 633 ὁδοιπορία
1679 584 1808 619 συν-6

331 644 433 702 τόνῳ
463 642 637 686 διελθὼν
669 643 736 685 καὶ
764 642 810 685 τὸ
841 645 913 696 τῆς
939 644 1178 700 Φαρσαλιάς
1203 644 1337 685 πεδίον
1368 645 1434 685 καὶ
1468 642 1540 686 τὸν
1566 641 1802 687 Ἀπιδανὸν4

333 711 480 766 διαβὰς
501 707 695 764 ποταμόν,
729 710 831 753 κατὰ
850 710 895 752 τὸ
911 714 1047 764 χεῖλος
1067 715 1139 753 τοῦ
1163 713 1383 766 Σπερχειοῦ
1404 714 1590 764 ποταμοῦ
1609 707 1777 766 πήγνυσι

331 780 406 835 τὴν
421 779 741 836 στρατοπεδείαν,
777 780 831 829 εἷς
849 778 922 833 τὴν
939 779 1107 835 περαίαν
1124 780 1190 820 καὶ
1211 779 1336 821 αὐτοῦ
1355 783 1427 821 τοῦ
1444 778 1641 833 Σαμουὴλ
1662 781 1779 821 αὐλι-

332 849 496 902 ζομένου
508 860 519 872 ·
544 846 709 904 ὄμβρων
725 846 803 903 γὰρ
818 846 995 890 ἂπλίτων
1006 845 1211 890 ὖσθέντων
1224 847 1266 897 ἐξ
1279 847 1466 904 οὐρανοῦ,
1485 848 1639 889 καὶτοῦ
1650 862 1779 903 ποτα-

330 920 412 970 μοῦ
424 918 757 971 πλημμυροῦντος
769 916 834 957 καὶ
849 916 1135 970 πελαγίζοντος,
1153 915 1379 970 ἀπέγνωστο
1393 915 1439 958 τὸ
1453 919 1524 957 νῦν
1534 912 1659 970 ε’χονῆ
1671 931 1777 969 συμ-
1789 919 1833 953 10

330 981 473 1038 πλοκή.
502 983 587 1025 ἀλλ’
601 981 623 1025 ὃ
634 981 852 1039 μάγιστρος
871 982 953 1025 ἄνω
971 985 1038 1025 καὶ
1054 981 1164 1026 κάτω
1183 983 1252 1026 τὸν
1269 983 1450 1038 ποταμὸν
1468 981 1778 1040 περισκοπήσας,

280 1060 309 1096 Β
335 1053 405 1095 καί
422 1069 510 1095 τινα
528 1048 650 1094 τόπον
670 1048 796 1108 εὑρών
816 1050 872 1093 δι’
891 1044 940 1092 οὗ
955 1049 1074 1109 ᾠήθη
1095 1051 1263 1093 δυνατὸν
1278 1050 1444 1095 ἔσεσθαι
1459 1049 1587 1109 τούτῳ
1603 1067 1779 1107 περαιω-

332 1124 478 1175 θῆναι,
514 1119 674 1176 ἀγείρας
698 1118 838 1169 νυκτὸς
866 1118 934 1161 τὸν
961 1119 1134 1175 στρατὸν
1162 1124 1394 1176 περαιοῦται
1414 1116 1689 1173 τὸνποταμὸν
1709 1123 1777 1162 καὶ

331 1195 416 1238 τοῖς
448 1189 538 1244 περὶ
565 1186 633 1229 τὸν
659 1187 854 1242 Σαμουὴλ
882 1187 1110 1244 ἀμερίμνως
1139 1186 1407 1230 καθεύδουσιν
1434 1189 1676 1230 ἐπιτίθεται·
1709 1189 1776 1229 καὶ

333 1254 553 1313 σφάζονται
571 1255 643 1310 μὲν
663 1255 847 1311 ἀριθμοῦ
867 1255 1092 1312 κρείττους,
1139 1255 1310 1310 μηδενὸς
1340 1255 1441 1313 πρὸς
1469 1255 1594 1311 ἀλκὴν
1622 1255 1776 1302 ἀπιδεῖν
1790 1265 1831 1298 15

332 1322 626 1378 τολμήσαντος,
660 1321 809 1379 ἐπλήγη
834 1324 877 1365 δὲ
896 1325 963 1365 καὶ
983 1323 1105 1374 αὐτὸς
1123 1322 1144 1366 ὅ
1161 1324 1357 1378 Σαμουὴλ
1386 1326 1453 1366 καὶ
1483 1322 1504 1366 ὅ
1526 1322 1778 1373 τούτουηιιῖὸς

333 1390 354 1434 ὃ
371 1390 581 1445 “Ρωμανὸς
598 1393 786 1445 βαθείαις
807 1395 987 1447 πληγαῖς,
1015 1394 1082 1434 καὶ
1105 1390 1286 1434 ἑάλωσαν
1307 1391 1369 1444 ἄν,
1397 1394 1431 1434 εἲ
1447 1391 1505 1448 μὴ
1526 1398 1610 1443 τοῖς
1625 1397 1780 1449 νεκροῖς

335 1461 600 1513 συμμίξαντες
626 1457 791 1509 ἑαυτοὺς
815 1458 959 1502 ἔκειντο
988 1458 1043 1510 ὥς
1071 1464 1309 1511 τεθνεῶτες,
1352 1462 1419 1503 καὶ
1442 1460 1583 1510 νυκτὸς
1601 1460 1778 1516 ἐπιγενο-

334 1527 455 1582 μένης
484 1525 634 1569 ἔλαθον
664 1525 896 1583 διαδράντες
923 1529 978 1577 εἷς
995 1527 1048 1570 τὰ
1067 1526 1140 1585 ὄρη
1161 1532 1242 1570 τῶν
1258 1529 1470 1580 Αἷτωλῶν,
1504 1529 1689 1572 κάκεῖθεν
1709 1527 1778 1571 διὰ

334 1600 414 1638 τῶν
442 1599 630 1653 κορυφῶν
655 1598 735 1637 τῶν
765 1593 954 1638 τοιούτων
975 1595 1097 1652 ὀρέων
1123 1594 1348 1646 διελθόντες
1373 1596 1442 1639 τὸν
1458 1598 1612 1640 Πίνδον
1634 1594 1831 1640 &eceb-20

334 1667 470 1718 θησαν
495 1664 536 1704 ἐν
567 1663 812 1722 Βουλγαρία.
877 1661 898 1705 ὃ
926 1664 970 1706 δὲ
995 1663 1214 1721 μάγιστρος
1239 1664 1335 1714 τοὺς
1364 1662 1644 1718 αἰχμαλώτους
1668 1661 1778 1706 ‘Pw-

282 1740 313 1775 C
335 1733 481 1785 μαιόυς
504 1729 798 1786 ἐλευθερώσας,
832 1730 1051 1782 σκυλεύσας
1084 1733 1128 1774 δὲ
1155 1733 1221 1774 καὶ
1251 1732 1347 1782 τοὺς
1373 1731 1566 1783 πεσόντας
1591 1730 1778 1787 Βουλγά-

336 1816 452 1854 ρους,
500 1796 727 1853 διαρπάσας
745 1800 789 1840 δὲ
807 1800 873 1841 καὶ
895 1799 939 1841 τὸ
961 1804 1040 1842 τῶν
1057 1801 1255 1854 πολεμίων
1275 1799 1545 1857 στρατόπεδον
1561 1802 1627 1843 καὶ
1651 1803 1778 1843 πλοῦ-

334 1884 405 1910 τον
429 1866 489 1908 ὅτι
511 1870 693 1909 πλεῖστον
712 1865 1044 1925 περιβαλόμενος,
1090 1868 1164 1912 σὺν
1189 1873 1239 1926 τῇ
1265 1873 1435 1931 στρατιᾷ
1454 1868 1701 1922 ἐπανίζευξεν
1723 1869 1778 1918 εἷς

336 1935 643 1989 Θεσσαλονίκην.

424 2031 449 2067 2
470 2028 532 2065 καὶ
553 2026 829 2074 πάντα-ληῖζ.
846 2041 899 2065 om
916 2030 946 2065 C
1038 2031 1082 2067 12
1094 2028 1233 2076 τρόπον
1249 2031 1280 2067 C
1371 2033 1415 2069 17
1430 2028 1501 2068 κᾶν
1515 2029 1681 2067 ἑάλωσαν
1695 2029 1732 2066 εἰ
1745 2030 1776 2065 C

335 2120 430 2154 cam,
471 2113 506 2144 et
533 2119 598 2154 per
624 2107 788 2142 Isthmum
818 2108 1073 2144 Corinthiacum
1104 2109 1207 2145 etiam
1239 2110 1275 2145 in
1303 2109 1576 2156 Peloponnesum
1607 2110 1776 2156 grassafi.

336 2156 455 2200 itaque
488 2159 524 2189 et
554 2154 630 2199 ipse
661 2154 733 2188 suis
763 2164 837 2187 cum
862 2155 973 2199 copiis
1005 2157 1050 2190 ad
1071 2156 1206 2190 radices
1226 2156 1367 2201 Olympi
1389 2158 1482 2191 facto
1505 2157 1632 2192 itinere
1653 2155 1776 2191 Laris-

336 2213 408 2235 sam
439 2200 557 2242 venit3
589 2199 706 2243 ibique
736 2198 987 2243 impedimentis
1019 2201 1150 2236 relictis
1180 2201 1397 2237 Thessaliam
1428 2202 1561 2248 magnis
1592 2201 1777 2237 itineribus

335 2252 518 2292 peragrat,
551 2246 749 2290 campisque
775 2244 975 2280 Pharsaliae
1004 2251 1041 2281 et
1068 2247 1227 2292 Apidano
1263 2259 1361 2282 amne
1392 2247 1602 2283 transmissis
1630 2247 1668 2282 in
1696 2246 1776 2292 ripa

337 2292 519 2337 Spercheii
541 2291 648 2325 amnis
671 2295 785 2324 castra
806 2291 924 2336 ponit,
960 2292 997 2325 in
1027 2293 1188 2337 opposita
1209 2292 1288 2338 ripa
1306 2293 1469 2328 Samuele
1491 2305 1555 2329 sua
1577 2297 1690 2328 castra
1711 2293 1777 2327 lia-

334 2339 453 2372 bente.
500 2337 658 2382 ingentes
680 2335 806 2370 imbres
830 2342 900 2371 tum
924 2337 1144 2383 deciderant,
1182 2343 1218 2373 et
1239 2339 1367 2373 fluvius
1392 2338 1490 2374 alveo
1519 2343 1681 2384 turgente
1701 2343 1775 2380 sta-

334 2384 483 2427 gnabat=
514 2383 634 2427 itaque
665 2393 706 2415 eo
737 2381 873 2426 quidem
905 2387 1061 2428 tempore
1091 2384 1257 2429 praelium
1286 2384 1412 2420 nullum
1439 2386 1656 2431 sperabatur.
1713 2383 1776 2418 sed

334 2428 475 2462 Uranus
504 2438 636 2463 sursum
666 2427 893 2472 deorsumque
923 2433 1055 2463 tentato
1088 2431 1227 2464 flumine
1252 2431 1376 2464 vadum
1398 2430 1552 2474 invenit3
1584 2441 1695 2475 eaque
1718 2429 1774 2464 in-

335 2473 494 2517 telligens
525 2485 564 2508 se
593 2472 779 2507 exercitum
802 2473 838 2506 in
861 2474 1052 2519 oppositam
1074 2476 1182 2520 ripam
1206 2476 1387 2510 traducere
1411 2487 1536 2520 posse,
1573 2482 1677 2510 noctu
1699 2485 1775 2509 cum

337 2519 407 2553 suis
431 2530 561 2553 amnem
583 2518 720 2562 transit,
743 2517 979 2564 Bulgarosque
1000 2531 1121 2555 secure
1143 2521 1351 2556 dormientes
1372 2521 1538 2565 adoritur,
1561 2521 1776 2556 innumeros-

339 2574 406 2607 que
435 2564 619 2607 interficit,
659 2563 791 2598 nemine
822 2576 859 2598 se
889 2566 1076 2600 defendere
1108 2578 1204 2600 auso.
1251 2566 1328 2611 ipse
1359 2578 1496 2611 quoque
1525 2565 1703 2602 Samuelus
1738 2569 1776 2599 et

338 2608 429 2642 filius
453 2609 525 2644 eius
545 2610 718 2644 Romanus
740 2610 911 2654 profunda
933 2618 1142 2657 acceperunt
1162 2611 1324 2654 vulnera3
1347 2612 1562 2656 fuissentque
1581 2611 1687 2656 capti,
1706 2610 1774 2646 nisi

338 2652 429 2687 inter
446 2656 615 2689 cadavera
634 2654 850 2689 delituissent
873 2661 908 2690 et
933 2662 1034 2691 nocte
1054 2657 1251 2702 insequenti
1272 2657 1405 2692 occulte
1427 2658 1464 2691 in
1487 2661 1618 2692 montes
1639 2655 1772 2691 Aetoli-

339 2709 398 2732 cos
421 2700 647 2744 aufugissent,
671 2711 735 2745 per
758 2711 900 2745 quorum
923 2701 1049 2736 deinde
1071 2703 1245 2737 cacumina
1268 2703 1310 2737 ad
1333 2703 1477 2738 Pindum
1499 2707 1645 2737 montem
1667 2707 1773 2746 atque

337 2742 417 2776 hinc
450 2745 487 2777 in
516 2745 710 2790 Bulgariam
743 2752 941 2782 evaserunt.
988 2747 1127 2782 Uranus
1148 2748 1284 2783 interim
1307 2749 1480 2784 Romanos
1503 2748 1661 2793 captivos
1682 2747 1771 2782 libe—

336 2793 412 2831 rat,
446 2789 577 2824 occisos
604 2790 772 2835 Bulgaros
802 2791 948 2836 spoliat,
982 2799 1096 2829 castra
1126 2804 1242 2828 eorum
1264 2793 1405 2840 diripit,
1438 2793 1641 2839 ingentique
1671 2797 1771 2838 parta

332 2833 463 2880 praeda
484 2845 565 2870 suos
587 2835 867 2873 Thessalonicam
889 2838 1036 2875 reducit·
