1916 3210
322 111 419 196 842
742 148 1036 193 XYLANDRI
1062 150 1136 193 ET
1166 149 1341 194 GOARI

432 262 459 296 t.
481 257 515 296 11
542 270 580 309 p.
606 254 685 299 144
702 269 738 294 v.
758 258 797 298 8
854 252 995 308 λῶρων
1019 256 1245 308 διακοσίων]
1276 265 1502 299 tameat-um
1527 247 1680 303 incerat
1697 275 1765 302 su-

321 327 465 367 premus
484 326 672 361 numerus,
701 325 809 378 qpem
831 314 901 352 iam
927 313 1067 351 habes
1058 326 1094 351 ιιι
1115 316 1359 365 superioribus
1378 317 1607 359 recensitum.
1623 319 1762 359 GoAn.

431 369 528 406 ibid.
589 364 849 421 μεγαλόπολις
897 369 943 407 ob
988 370 1263 420 amplitudinem
1305 372 1494 410 dicebatur
1531 373 1764 413 Constantini

319 426 423 474 urbs3
465 419 683 472 Θεούπολις
713 424 904 462 Antiochia
931 425 979 462 ob
1010 425 1048 462 id
1078 426 1177 475 quod
1209 428 1361 478 contigit
1386 429 1577 467 Iustiniani
1599 432 1767 481 tempore

319 480 545 527 miraculum,
586 481 635 519 de
653 493 726 531 quo
747 481 911 519 eiusdem
932 492 1029 518 anno
1052 483 1104 530 2,
1139 479 1363 535 Ἀγιόπολις
1383 484 1612 524 Hierusalem
1630 484 1766 525 Christi

320 550 409 576 nece
432 541 653 587 consecrata.
711 537 847 574 GoAn.

429 591 484 629 ib.
516 604 550 630 v.
579 593 616 633 9
672 598 790 633 natus
813 592 904 644 Jziit
932 590 1102 642 [annes]
1142 562 1306 631 librarius
1330 593 1389 632 hic
1414 595 1628 647 adscripsit,
1666 597 1767 647 quod

319 652 416 686 recte
433 649 554 686 multis
575 648 652 686 aliis
672 649 781 696 locis,
826 661 868 685 ac
884 649 1015 686 rectius
1036 647 1149 686 multo
1168 661 1275 699 quam
1296 649 1375 698 hic,
1419 655 1652 700 annotasset,
1688 651 1767 691 Ce-
1798 667 1802 670 ’

318 706 471 742 drenum
490 704 670 743 scribendi
686 705 850 742 nimirum
868 705 1019 742 materia
1037 704 1252 743 destitutum
1266 705 1357 743 haec
1374 719 1540 747 narrare:
1560 721 1635 771 ουκ
1654 703 1766 760 εἶχες,

320 775 375 807 ως
395 759 518 809 ξ’,οικε
547 759 585 799 τί
604 756 787 812 γράφειν,
818 753 1025 811 ἄκρόμωρε
1043 759 1234 812 Κεδρηνέ.
1290 761 1382 800 Xn..

431 815 485 853 ib.
519 828 553 855 v.
583 817 647 856 12.
705 815 734 868 ἦ
759 813 863 868 μονὴ
885 815 1054 868 Σεργίου
1084 814 1152 855 καὶ
1179 812 1357 868 Βακχου]
1387 817 1578 857 Iustiniani
1597 817 1668 858 hoc
1687 821 1766 861 erat

318 871 537 920 aedificium,
566 873 612 911 de
635 886 708 923 quo
729 873 851 910 statim
875 873 941 910 sub
965 872 1067 909 initio
1087 873 1226 923 imperii
1250 873 1338 911 eius.
1395 873 1550 912 Gom.

430 932 458 966 t.
478 928 512 966 11
541 942 579 980 p.
602 929 680 971 145
700 942 734 966 v.
758 929 792 968 1.
852 926 973 975 ε’θνος
1001 924 1166 968 ἄπιστον
1194 926 1263 968 καὶ
1283 925 1488 997 σκληρόν]
1521 927 1662 969 Abares
1688 925 1764 969 e'xi-

320 986 448 1033 stimo,
488 997 580 1034 quos
608 986 743 1036 pariter
770 988 788 1023 1
824 986 849 1024 3
879 985 1023 1023 vocavit
1044 985 1244 1023 simocatta
1267 980 1526 1026 ἀπιστότατον
1549 984 1672 1034 ἔθνος
1694 984 1762 1027 καὶ

319 1036 629 1092 ἀπληστότατον
683 1041 820 1079 GoAn.

433 1095 487 1134 ib.
519 1110 553 1135 v.
587 1099 648 1138 16.
705 1093 1012 1149 στοιχειωτικους
1030 1093 1195 1150 λόγους]
1238 1100 1429 1150 στοιχεῖον
1446 1098 1621 1137 moderna
1639 1096 1764 1148 lingua

322 1153 455 1191 Graeci
484 1157 615 1191 vocant
642 1157 816 1192 secretam
848 1157 999 1192 naturae
1028 1154 1067 1190 in
1093 1153 1297 1192 hominibus
1325 1155 1372 1192 ad
1405 1166 1658 1205 quamcunque
1686 1166 1764 1192 rem

316 1210 597 1260 propensionem
617 1214 655 1247 ct
672 1211 925 1261 aptitudinem.
962 1209 1188 1259 frequentius
1208 1223 1277 1261 pro
1294 1209 1402 1248 larvis
1419 1223 1463 1248 ac
1481 1211 1636 1262 spectris
1653 1213 1764 1248 noctu

316 1266 573 1316 apparentibus
602 1278 644 1303 ac
675 1266 802 1304 domos
835 1266 1111 1314 infestantibus,
1151 1278 1195 1303 ac
1226 1267 1370 1304 demum
1399 1278 1467 1317 pro
1494 1265 1598 1303 malis
1628 1265 1761 1332 geniis,

313 1333 502 1370 magorum
520 1322 746 1372 strigumque
762 1322 965 1372 magistris,
994 1325 1184 1372 usurpant.
1241 1322 1338 1360 unde
1358 1319 1635 1373 στοιχειωτικοι
1649 1315 1764 1375 λόγοι

311 1377 424 1416 verba
446 1381 531 1415 sunt
551 1379 600 1415 ad
618 1378 822 1417 huiusmodi
824 1351 1040 1416 ”daemones
1065 1379 1331 1415 convocandos.
1387 1379 1524 1416 GoAn.
1615 1413 1619 1415 ,

425 1437 453 1471 t.
473 1433 506 1471 ΙΙ
533 1448 569 1484 p.
592 1435 670 1475 146
694 1447 729 1474 V.
752 1436 815 1475 12.
872 1429 1301 1485 θαλαμηπολούμεναι]
1339 1435 1512 1485 virgines
1549 1436 1587 1473 et
1616 1439 1764 1483 nuptae

316 1487 523 1526 nobiliores
543 1490 581 1526 in
601 1491 851 1529 secretioribus
872 1490 1036 1527 thalamis
1061 1490 1277 1528 custoditae.
1335 1490 1471 1528 GoAR.

427 1549 452 1582 t.
470 1546 503 1582 11
531 1559 567 1596 p.
591 1544 668 1585 147
692 1559 727 1584 v.
747 1548 814 1585 14.
841 1542 1120 1597 ἐθριάμβευεν]
1151 1545 1359 1596 manifeste
1373 1545 1580 1596 impudens
1600 1543 1763 1582 mulier-

315 1600 409 1637 cula
433 1602 475 1637 in
503 1601 679 1637 omnium
709 1601 851 1639 auditu
881 1615 1056 1638 cummis
1083 1601 1295 1651 infamiam
1314 1601 1542 1653 evulgabat.
1601 1600 1762 1640 Lexicon

313 1669 535 1707 anonymum
553 1657 640 1695 bibl.
661 1658 779 1707 Reg.:
808 1654 1042 1726 θριαμβεύω
1066 1654 1291 1707 κατάδηλον
1310 1673 1429 1698 ποιω.
1486 1658 1623 1697 GoAn.

426 1717 455 1752 t.
476 1712 510 1750 ll
538 1726 577 1763 p.
600 1713 679 1752 149
700 1726 736 1751 v.
759 1715 825 1754 12.
882 1728 956 1765 την
987 1716 1058 1763 τῆς
1087 1708 1321 1765 ὄρθοδοξίας
1349 1708 1598 1776 πανήγυριν]
1631 1712 1763 1751 celebri

314 1768 523 1806 clericorum
548 1772 585 1806 et
610 1769 738 1819 populi
766 1774 946 1807 conventu
967 1770 1088 1819 agitur
1111 1770 1303 1819 quotannis
1325 1771 1442 1820 prima
1463 1769 1763 1820 quadragesimae

315 1824 495 1862 (lominica
518 1819 758 1873 ὄρθοδοξίας
782 1825 1013 1872 solemnitas,
1041 1825 1215 1863 restitutis
1236 1826 1474 1875 imaginibus,
1503 1825 1570 1863 sub
1588 1823 1763 1863 Michaele

315 1880 352 1918 '1
355 1879 510 1931 heophili
531 1880 604 1917 filio
627 1884 663 1918 et
670 1881 899 1945 ’Theodora,
928 1895 951 1919 a
970 1881 1156 1919 Methodio
1176 1881 1446 1931 religiosissimo
1464 1880 1669 1932 patriarcha
1683 1881 1763 1945 pri-

315 1949 414 1973 mum
442 1936 631 1984 institutat,
669 1937 707 1974 in
738 1949 811 1987 qua
843 1939 930 1975 diris
959 1938 1184 1976 devoventur
1222 1938 1395 1976 haeretici
1429 1938 1566 1983 cuncti,
1609 1937 1762 1974 maxime

316 1992 426 2030 sacris
448 1992 661 2041 imaginibus
683 1993 836 2041 infensi,
873 2006 997 2032 eorum
1031 1993 1235 2030 nominibus
1262 1993 1451 2031 snbiuncto
1468 1992 1654 2030 confestim
1673 2004 1762 2030 ana-

317 2048 480 2085 themate
507 2049 768 2098 pronuntiatis,
807 2050 982 2100 iustisque
1004 2050 1074 2087 deo
1094 2050 1231 2100 optimo
1253 2050 1408 2087 maximo
1423 2062 1491 2100 pro
1510 2048 1651 2086 haeresi
1669 2060 1762 2098 qua-

316 2116 458 2153 cunque
475 2105 672 2154 profligata
692 2105 883 2156 persolutis
902 2106 1040 2155 gratiis.
1098 2117 1172 2143 rem
1202 2109 1340 2154 gestam
1365 2104 1472 2155 paulo
1496 2105 1600 2142 aliter
1627 2104 1674 2142 ab
1697 2116 1761 2141 au·-

315 2164 417 2197 ctore
437 2164 561 2197 narrat
579 2173 780 2211 anonymus
799 2162 882 2199 bibl.
903 2162 1000 2211 Reg.
1022 2155 1196 2213 ἕμήνησε
1217 2158 1459 2228 (Θεοδώρα)
1481 2162 1538 2214 τῷ
1558 2154 1761 2214 οἳγιωτόιτω

314 2211 534 2284 πατριάρχη
564 2217 762 2271 Μεθοδίῳ
784 2219 857 2256 τοῦ
881 2218 1143 2268 δηλοποιῆσαι
1171 2216 1236 2256 καὶ
1271 2200 1518 2264 ἐπισυνάξαι
1528 2212 1660 2255 πάντα
1686 2229 1761 2254 οιν-

315 2276 483 2324 θρωπον
504 2255 746 2323 ορθόδοξον,
771 2268 852 2314 οἷπό
871 2288 912 2312 τε
933 2275 1229 2325 μητροπολιτων
1251 2268 1567 2324 αρχιεπισκόπων
1591 2269 1762 2336 ηγουμέ-

316 2343 339 2366 ν
344 2343 411 2376 ων,
440 2329 637 2380 κληρικων
655 2328 722 2369 καὶ
741 2332 962 2381 κοσμικῶν,
1005 2329 1059 2377 ὥς
1083 2326 1134 2368 ἂν
1159 2328 1455 2398 παραγένωνται
1482 2327 1523 2368 ἐν
1543 2329 1595 2393 τῇ
1613 2322 1759 2381 μεγαλῃ

313 2386 387 2423 τοῦ
415 2387 519 2423 θεοῦ
547 2384 729 2440 ἐκκλησία
758 2401 853 2437 μετα
882 2387 1022 2437 τιμίων
1053 2397 1234 2438 σταυρων
1260 2384 1327 2424 καὶ
1349 2380 1480 2452 αγίων
1514 2379 1681 2423 εἰκόνων
1710 2383 1762 2436 τῇ

314 2435 452 2493 πρωτη
481 2443 663 2511 κυριακῇ
682 2443 760 2481 τῶν
787 2440 911 2508 αγίων
939 2444 1144 2507 νηστειῶν.
1201 2440 1267 2482 καὶ
1287 2437 1436 2481 τούτων
1455 2454 1615 2479 παντων
1635 2435 1761 2484 οὕτως

314 2510 356 2547 γε
350 2495 558 2545 νομένων,
602 2495 669 2536 καὶ
703 2493 982 2550 αναριθμήτου
1015 2494 1199 2549 πλήθους
1233 2495 1498 2547 συναχθέντος
1532 2495 1574 2536 ἐν
1605 2497 1656 2563 τῇ
1688 2495 1762 2534 τοῦ

315 2554 422 2590 θεοῦ
442 2550 590 2621 μεγάλῃ
612 2552 816 2624 ἐκκλησία,
859 2555 1115 2622 παραγίνεται
1138 2551 1180 2592 δὲ
1202 2569 1267 2592 και
1287 2549 1407 2599 αὐτος
1428 2550 1451 2592 6
1470 2548 1652 2616 βασιλευς
1673 2553 1761 2588 Μι-

316 2604 414 2657 χαηλ
435 2623 529 2658 μετα
555 2611 627 2658 τῆς
644 2607 767 2677 ἆγίας
795 2609 862 2649 καὶ
889 2606 1113 2668 ὀρθοδόξου
1141 2605 1266 2649 αὐτοῦ
1295 2624 1437 2661 μητρος
1455 2606 1522 2646 καὶ
1541 2603 1673 2657 πάσης
1690 2620 1762 2656 ‘⁶⁷19

318 2659 549 2714 συγκλήτου,
580 2660 659 2704 οἷνα
677 2663 798 2733 κηρὸν
817 2664 1018 2731 βασιλικόν
1040 2668 1095 2713 εἱς
1115 2665 1275 2712 ἕκαστος
1294 2662 1426 2704 αὐτῶν
1447 2660 1662 2730 βασταζων
1695 2660 1762 2700 καὶ

316 2716 532 2767 ἓνωθέντες
552 2735 605 2772 τῳ
607 2736 830 2789 αγιωτατςο
850 2737 964 2772 πατρι
970 2718 1090 2776 ἄρχῃ,
1118 2720 1185 2760 καὶ
1211 2720 1316 2772 ὁμοῦ
1337 2717 1430 2772 μετα
1450 2722 1558 2770 λιτῆς
1579 2714 1763 2770 α’παραν-

317 2787 357 2812 τε
361 2789 379 2821 ς
400 2771 479 2815 ἀπὸ
499 2779 571 2816 τοῦ
593 2775 708 2830 οἷγίου
728 2779 1030 2833 θυσιαστηοίου,
1060 2793 1153 2830 μετα
1175 2792 1255 2818 των
1276 2776 1399 2830 ἁγίων
1419 2772 1584 2816 εἰκόνων
1606 2789 1673 2815 και
1694 2773 1765 2812 τοῦ
