1916 3210
683 180 1136 227 ANNOTATIONES.
1547 181 1648 228 875

179 293 251 335 aed
268 294 309 334 et
325 303 558 346 praecessum
586 290 655 346 (ut
677 291 867 332 Romanos
890 292 1097 333 cardinales
1119 291 1322 346 episcopis,
1350 291 1475 343 quoad
1493 291 1563 332 hoc
1581 291 1652 332 ho-

178 351 282 391 noris
312 346 560 404 προνόμιον,
589 349 774 402 praelatos
801 349 1059 401 imitarentur)
1100 351 1196 389 votis
1222 349 1415 397 omnibus,
1442 350 1500 399 vi,
1528 351 1650 400 gratia

177 419 271 460 prae
287 406 435 458 reliquis
451 407 699 446 sacerdotibus
717 420 759 446 ac
779 407 1014 460 pontificibus
1030 419 1209 459 occupare
1227 410 1314 444 sunt
1331 407 1466 445 conati.
1523 407 1653 446 videa-

177 469 238 502 tur
266 468 506 503 memoratum
535 462 624 502 luris
653 463 787 504 Graec.
817 463 988 503 volumen
1011 464 1164 506 medita.
1221 464 1269 503 de
1287 462 1583 515 chartophylace,
1611 467 1651 503 et

178 520 217 559 in
239 518 359 559 Alexii
381 520 561 560 Comneni
582 519 763 560 Novellis.
821 520 954 559 GoAR.

288 591 318 626 t.
333 586 370 626 11
396 600 435 640 Ρ.
452 586 536 630 488
557 599 593 627 V.
609 589 650 630 8.
707 602 762 628 τω
785 584 871 658 ορει
891 589 950 644 τῷ
971 584 1120 658 ”Αθῳ]
1148 599 1194 627 ex
1216 585 1476 626 monachorum
1507 589 1545 625 et
1571 599 1651 626 mo-

177 643 419 683 nasteriorum
442 645 628 695 stupendo
650 657 804 685 numero
831 629 993 700 αγίου”
968 659 1089 700 ορους
1112 644 1379 698 posterioribus
1405 643 1558 682 saeculis
1581 656 1652 683 no-

175 712 261 740 men
276 699 435 753 adepto.
494 701 627 740 Gom.

287 765 344 806 ib.
361 779 396 807 v.
416 768 459 810 7.
517 766 715 822 Πετρίον]
739 770 1014 828 monasterium.
1069 767 1211 807 GoAR.

288 838 319 875 t.
335 834 371 873 ΙΙ
398 848 438 887 p.
457 833 541 877 494
560 849 594 874 v.
615 837 682 877 12.
747 831 916 890 Tel-0152]
947 836 1051 888 regio
1075 839 1114 876 et
1136 836 1224 876 urbs
1244 836 1339 876 circa
1358 834 1524 876 Taurum
1541 849 1651 876 mon-

175 895 267 940 tem.
324 891 487 931 Ortelius
507 905 552 932 ex
570 892 809 946 curopalate.
868 894 1002 934 GoAR.

289 963 317 998 t.
333 959 371 999 11
396 973 436 1013 p.
455 959 538 1004 495
561 973 597 999 v.
618 963 656 1003 3.
714 960 950 1014 Μισθείας]
982 961 1152 1001 Galatiae
1169 961 1274 1002 urbe.
1332 961 1469 1004 GoAn.

290 1025 488 1070 ib.v.13
547 1026 764 1083 στρατηγὸν
784 1025 1079 1084 αυτοκρᾶτορα]
1110 1030 1299 1068 exercitus
1316 1030 1592 1082 imperatorem
1612 1038 1649 1068 et

174 1097 377 1123 summum
402 1076 554 1126 ducem.
612 1087 792 1137 Synesius
822 1087 932 1126 Orat.
959 1087 1008 1126 de
1034 1086 1189 1137 Regno:
1225 1081 1516 1156 αυτοκροὲτορες
1545 1083 1650 1128 εἶναι

173 1143 372 1182 ποιεῖσθε.
430 1139 456 1183 o‘
483 1140 527 1183 δὲ
555 1138 814 1213 αὐτοκράτωρ
846 1140 974 1195 ὄνομα
1003 1143 1253 1197 στρατηγίας
1266 1142 1346 1186 ἐστὶ
1366 1141 1499 1184 πάντα
1517 1148 1651 1185 ποιεῖν

172 1193 421 1264 υποστᾶσης.
475 1198 544 1240 καὶ
561 1195 784 1253 Ἰφικράτης
801 1199 871 1241 καὶ
890 1202 1093 1255 Περικλῆς
1113 1199 1252 1243 ἔπλεον
1268 1196 1506 1254 Ἀθήνηθεν
1527 1198 1652 1243 αύτο-

172 1250 376 1310 κράτορες.
386 1257 610 1311 στρατηγοί.
666 1258 805 1297 Gon.

284 1326 314 1362 t.
329 1322 363 1362 11
389 1337 429 1376 Ρ.
448 1323 532 1368 497
552 1338 587 1364 v.
609 1324 674 1368 15.
733 1326 868 1377 capita
890 1323 1194 1378 columnarum]
1221 1327 1325 1364 locus
1348 1330 1404 1365 est
1425 1338 1501 1365 non
1520 1327 1652 1366 summi

173 1380 372 1430 momenti,
414 1385 452 1420 et
483 1383 671 1422 obscurus,
727 1379 974 1435 κιονόκρανα
1002 1384 1056 1422 sic
1090 1384 1204 1430 verti,
1235 1384 1355 1435 capita
1389 1383 1654 1433 columnarum,

174 1437 323 1490 χρίσμα
350 1437 648 1478 incrustationem
682 1451 749 1478 seu
778 1441 972 1479 tectorium
1001 1453 1116 1492 opus,
1164 1435 1439 1492 ὖλογραφικόν
1473 1441 1653 1479 coloribus

173 1495 326 1547 pictum.
381 1507 504 1546 neque
519 1496 577 1536 vel
592 1495 701 1535 nimis
719 1497 825 1536 anxie
845 1500 1006 1536 sectatus
1025 1510 1105 1536 sum
1126 1509 1254 1536 vocum
1280 1497 1566 1548 proprietatem,
1596 1497 1656 1537 vel

174 1551 402 1590 contendere
432 1551 540 1591 velim
570 1565 630 1592 me
661 1554 784 1592 omnia
816 1567 899 1593 esse
929 1558 1150 1593 assecutum.
1181 1553 1285 1591 XYL.
1342 1549 1390 1593 τό
1418 1556 1495 1593 τοῦ
1523 1555 1656 1606 τείχου

173 1607 325 1662 χρίσμα
348 1607 574 1660 interpretor
599 1610 707 1646 muri
721 1609 881 1661 faeiem
911 1608 1119 1648 bracteolis
1139 1610 1339 1661 argenteis
1355 1611 1525 1660 pictorio
1550 1625 1657 1648 more

174 1664 354 1710 linitam,
374 1664 521 1718 χρίσμα
537 1666 724 1717 siquidem
739 1667 923 1718 pictorum
941 1670 1009 1718 est,
1034 1680 1109 1706 non
1127 1668 1438 1718 argentariorum3
1467 1681 1535 1706 nec
1555 1669 1656 1718 quis-

173 1734 286 1772 quam
307 1723 494 1771 argenteis
513 1722 659 1763 laminis
679 1723 953 1764 Blachernense
974 1725 1154 1778 templum
1181 1724 1488 1763 circumvestitam
1515 1738 1657 1764 memo-

173 1782 244 1817 rat.
302 1778 438 1818 GoAn.

288 1849 316 1884 t.
333 1845 368 1884 11
395 1860 436 1899 Ρ.
455 1844 538 1888 498
558 1859 594 1888 v.
616 1848 683 1890 17.
741 1848 920 1900 episeopo
941 1847 1211 1900 Peritheorio]
1242 1851 1307 1887 aut
1327 1847 1558 1891 Peritheorii.
1598 1853 1656 1888 est

174 1903 272 1942 enim
301 1904 534 1954 ambiguum,
561 1902 682 1943 locine
713 1905 761 1943 sit
790 1918 926 1944 nomen
953 1919 1001 1944 an
1026 1906 1183 1944 hominis
1205 1918 1249 1943 ea
1268 1917 1350 1943 vox.
1379 1905 1482 1944 ΧΠ..
1540 1907 1655 1956 urbis,

173 1972 250 1998 non
267 1960 335 1999 viri
353 1973 488 2000 nomen
499 1988 512 2010 ,
539 1973 587 2000 ex
604 1961 761 2001 Ortelio.
819 1963 1036 2002 vertendum
1051 1964 1178 2014 itaque
1195 1961 1434 1999 Peritheorii
1453 1963 1650 2014 episcopo.

174 2016 308 2057 Gon.

289 2082 345 2122 ib.
365 2097 400 2123 v.
415 2086 484 2126 20.
541 2084 631 2124 illud
650 2086 698 2125 de
716 2086 833 2125 fratre
851 2085 1022 2125 Michaeli
1040 2086 1273 2138 imperatoris
1295 2099 1372 2125 non
1392 2086 1573 2126 immerito
1594 2090 1654 2126 est

175 2146 398 2194 suspectum.
454 2154 578 2193 neque
597 2144 705 2182 video
725 2144 814 2194 quid
835 2143 935 2182 aliud
955 2143 1124 2193 colligam
1146 2157 1255 2194 quam
1274 2144 1425 2182 fratrem
1442 2157 1523 2182 eum
1541 2145 1654 2183 fuisse

173 2197 347 2238 Michaeli
373 2197 648 2266 Paphlagonis,
678 2201 741 2250 qui
770 2205 858 2252 post
885 2200 982 2239 hunc
1007 2200 1215 2239 Romanum
1243 2201 1396 2251 imperio
1417 2201 1555 2251 potitus
1577 2204 1654 2248 est3

175 2258 217 2294 ut
237 2251 566 2308 βεβασιλευκότος
588 2257 772 2307 intelligas
787 2261 961 2315 respectu
980 2259 1157 2306 auctoris,
1186 2270 1261 2296 non
1287 2258 1464 2308 Romani,
1490 2258 1591 2309 quod
1615 2261 1655 2297 et

175 2313 354 2365 expressi.
409 2312 503 2352 ΧΠ..

291 2379 346 2419 ib
379 2392 416 2421 v.
444 2384 514 2423 22.
572 2378 708 2434 ριφεις
737 2395 834 2434 μετα
865 2383 949 2422 ταῖν
977 2377 1244 2434 αυτοφόνων]
1289 2380 1334 2423 ἐν
1367 2382 1424 2436 τῷ
1458 2379 1653 2437 κυνηγίῳ.

176 2437 327 2478 Suidas.
383 2437 520 2476 GoAa.

289 2509 318 2544 t.
338 2506 373 2543 11
400 2519 439 2557 p.
463 2505 546 2548 499
571 2517 605 2543 v.
629 2506 696 2546 18.
751 2502 1000 2561 Ὁνωριᾶδα]
1032 2505 1141 2545 aliam
1171 2504 1367 2546 Asiaticam
1396 2506 1585 2557 regionem
1614 2507 1653 2545 in

174 2561 308 2602 Ponto.
338 2561 512 2601 Ortelius.
570 2562 708 2603 Gom.

289 2624 316 2658 t.
332 2618 367 2657 Π
395 2632 436 2671 p.
457 2620 540 2661 503
561 2632 596 2657 v.
617 2617 658 2659 4.
715 2619 955 2672 πηγονίτης]
986 2621 1102 2658 cuius
1124 2627 1300 2658 mentum
1322 2619 1458 2656 latim.
1521 2620 1652 2658 GoAR.

289 2679 317 2713 t.
339 2675 372 2713 ll
400 2689 440 2728 p.
462 2674 545 2718 504
570 2688 604 2717 v.
629 2678 670 2717 3.
728 2672 874 2723 ὁλκούς
901 2677 1063 2714 canales
1090 2682 1129 2716 et
1154 2690 1331 2729 aquarum
1359 2677 1502 2726 longius
1530 2677 1653 2715 dedu-

177 2735 316 2770 ctarum
344 2732 600 2771 subterraneos
626 2733 682 2771 vel
705 2734 814 2772 etiam
844 2739 985 2772 erectos
1014 2735 1051 2772 in
1078 2735 1366 2785 aquaeductibus
1395 2732 1508 2771 tubos
1534 2734 1652 2773 inter-

97 2815 99 2817 -
176 2793 324 2840 pretor,
353 2787 590 2837 καστέλλους
614 2789 714 2842 ipsos
739 2791 1035 2842 aquaeductuum
1053 2805 1173 2830 arcas
1193 2798 1231 2832 et
1244 2797 1405 2843 pontes,
1434 2792 1567 2843 quibus
1586 2804 1651 2830 su-

177 2845 389 2897 perlabitur.
446 2846 575 2885 Gom.
