1916 3210
315 173 414 219 622
784 153 1022 216 emmiu
1053 170 1295 216 cEDREm

316 286 560 330 ἀνατολικῶν
585 279 771 338 τάγματα
799 282 1021 326 ἐπιτίθεται
1045 286 1098 340 τῇ
1119 287 1246 341 σκηνῇ
1271 287 1344 328 τοῦ
1373 285 1604 342 Βρυεννίου,
1636 285 1760 330 αὖτο-

316 353 494 410 κράτορα
514 352 582 394 τὸν
601 351 775 406 Μιχαὴλ
796 350 1001 408 εὐφημῶν.
1046 353 1114 394 καὶ
1131 356 1272 394 τοῦτον
1292 353 1365 407 μὲν
1385 355 1526 408 δεσμεῖ·
1537 353 1762 411 κατασχών,

315 419 480 465 ἀπολύει
505 420 548 461 δὲ
568 420 635 461 καὶ
652 418 720 461 τὸν
741 419 932 476 Ὀψαρᾶν
951 422 1030 461 τῶν
1047 420 1218 473 δεσμῶν,
1251 422 1318 462 καὶ
1337 422 1406 464 τὸν
1422 421 1636 476 Bovianum·
1651 423 1762 483 αῧτῷ

316 486 524 544 παραδοὺς
546 485 674 537 οὕτως
696 484 749 537 ὥς
771 485 847 541 εἶχε
871 490 1034 538 κλοιῶν,
1073 492 1256 544 χρῆσθαι
1275 486 1404 546 τούτῳ
1423 487 1570 533 κελεύει
1586 487 1762 545 ‹ag-,3025-

263 563 296 602 D
320 559 442 599 λεται.
510 553 531 597 ὅ
555 556 597 596 δὲ
621 555 777 604 ἀνεθεὶς
793 559 866 609 τῆς
884 553 1008 609 πέδης
1031 557 1099 597 καὶ
1120 554 1306 612 πράττειν
1323 555 1347 599 ὃ
1365 556 1476 600 θέλει
1495 555 1632 615 κύριος
1649 568 1795 615 γεγο-τι

315 624 394 674 νὼς
420 626 494 666 τοῦ·
515 623 588 677 μὲν
607 623 824 680 Βρυεννίου
853 622 1005 672 εὐθέως
1035 622 1234 680 ἐξορύττει
1261 623 1356 675 τοὺς
1376 623 1622 682 ὀφθαλμοὺς
1638 627 1706 670 καὶ
1724 627 1767 678 ἐς
1794 644 1797 647 ·

315 691 485 747 βασιλέα
507 695 648 733 τοῦτον
670 686 879 746 δεσμώτην
900 690 1110 744 ἐκπέμπει,
1143 690 1325 746 μηνύσας
1354 694 1422 734 καὶ
1449 693 1522 748 τὴν
1547 697 1767 750 τολμηθεῖ-

317 778 395 804 σαν
414 759 682 802 ἀποστασίαν·
718 757 739 800 ὅ
762 759 806 801 δὲ
828 758 1042 815 προσέμενε
1070 762 1127 818 τῷ
1153 757 1263 818 τόπῳ
1290 758 1346 810 ὥς
1375 758 1482 815 τάχα
1510 761 1584 816 τὴν
1615 764 1672 813 εἷς
1696 761 1767 806 τὸν

319 827 458 870 λοιπὸν
478 827 574 869 λαὸν
595 824 855 883 διενεργήσων
875 825 1084 881 διανομήν.
1131 828 1196 869 καὶ
1217 826 1238 869 ὅ
1256 829 1330 881 μὲν
1349 830 1564 884 Βρυέννιυς
1579 828 1769 882 τοιαύτας

321 896 499 940 ἀπέδωκε
521 897 634 945 δίκας
654 899 725 949 τῆς
746 893 889 937 ἑαυτοῦ
908 895 1143 951 προπετείας
1167 897 1234 938 καὶ
1259 896 1481 947 αὐθαδείας
1487 928 1502 950 ,
1530 899 1600 941 ἵνα
1620 897 1678 954 μὴ
1698 897 1764 941 λε’-
1778 904 1822 940 10

320 981 454 1021 γωμεν
477 964 632 1013 ἀνοίας·
667 963 705 1023 οἳ
732 963 778 1005 δὲ
807 961 910 1004 κατὰ
938 961 984 1004 τὸ
1011 962 1123 1016 θέμα
1144 968 1224 1006 τῶν
1243 963 1486 1008 ἀνατολικῶν
1503 964 1578 1016 τὰς
1596 963 1770 1022 οῗκήσεις

322 1032 477 1088 ἔχοντες
495 1030 704 1088 ἄρχοντες,
739 1028 760 1073 ὅ
783 1028 978 1087 πρόεδρος
992 1027 1197 1085 Ῥωμανὸς
1216 1029 1238 1074 ὃ
1259 1032 1442 1088 Σκληρός
1469 1028 1546 1088 (ἦν
1570 1034 1649 1090 γὰρ
1673 1034 1766 1076 οὐδ’

323 1100 446 1150 αὐτὸς
473 1098 551 1149 ἔξω
580 1103 659 1141 τῶν
687 1096 1011 1154 ὀμωμοκότων),
1049 1097 1320 1156 ὅΒούρτζης,
1366 1098 1388 1142 ὃ
1406 1099 1698 1157 Βοτανειάτης,
1730 1101 1770 1144 οἱ

322 1168 539 1211 Βασιλείου
569 1171 641 1209 τοῦ
671 1167 869 1225 Ἀργυροῦ
899 1168 1039 1218 παῖδες
1069 1168 1136 1209 καὶ
1163 1165 1184 1210 ὅ
1218 1168 1356 1219 λοιπὸς
1381 1166 1541 1222 ὅμιλος,
1581 1169 1772 1224 τέωςμέν

321 1231 427 1291 ἦσαν
455 1235 695 1292 ἠρεμοῦντες
715 1237 783 1277 καὶ
811 1234 941 1291 ἀρχὴν
959 1233 1207 1286 ἀποστασίας
1226 1234 1453 1291 ἀλλαχόθεν
1471 1237 1769 1294 προσμένοντες,
1782 1239 1825 1277 15

178 1312 210 1347 P
233 1311 300 1349 798
322 1305 405 1347 ἐπεὶ
424 1304 467 1346 δὲ
489 1301 688 1346 ἐπύθοντο
717 1302 767 1345 τὰ
786 1303 888 1345 κατὰ
907 1302 977 1346 τὸν
994 1303 1222 1360 Βρυὲννιον,
1261 1306 1327 1346 καὶ
1355 1306 1458 1353 οἵαις
1486 1302 1630 1348 ἑαυτὸν
1655 1299 1774 1357 οὗτος

323 1375 613 1431 φρενοβλαβῶς
633 1371 892 1425 καθυπέβαλε
911 1369 1075 1425 τύχαις,
1118 1373 1310 1428 ἓντρεχῶς
1329 1370 1581 1428 λογισάμενοι
1602 1371 1659 1424 ὥς
1679 1373 1774 1417 Zra-

323 1440 486 1495 ζόμενος
514 1434 632 1490 οὗτος
661 1438 878 1496 ἀποφήνειε
901 1439 975 1494 τὴν
1001 1442 1254 1494 συνωμοσίαν
1278 1443 1346 1483 καὶ
1374 1439 1447 1483 οὖκ
1470 1443 1527 1492 εἰς
1547 1441 1672 1484 καλὸν
1690 1447 1776 1493 τοῖς

323 1506 576 1562 συνωμόταις
592 1507 638 1550 τὸ
660 1507 772 1557 τέλος
791 1505 1096 1562 ἐπενεχθήσεται
1108 1539 1122 1559 ,
1157 1507 1324 1566 ἄραντες
1345 1507 1516 1560 ἅπαντες
1532 1508 1773 1567 ἀπέρχονται

324 1578 366 1621 ἐν
383 1576 655 1635 Παφλαγονίᾳ
676 1574 780 1618 κατὰ
798 1576 872 1630 τὴν
889 1574 1163 1634 Κασταμόναζ
1197 1574 1303 1626 οἶκος
1331 1577 1376 1619 δὲ
1399 1575 1425 1632 ἢ
1447 1577 1682 1631 Κασταμὼν
1698 1581 1771 1620 τοῦ
1781 1579 1830 1615 2⁰

321 1646 521 1689 ’Ῑσαακίου
542 1645 764 1700 μαγίστρου
786 1648 858 1686 τοῦ
877 1644 1108 1698 Κομνηνοῧ.
1174 1642 1467 1698 καταλαβόντες
1494 1644 1538 1687 δὲ
1563 1646 1631 1687 καὶ
1652 1645 1775 1688 αὐτὸν

324 1714 553 1770 ἠρεμοῦντα
570 1711 627 1754 ἔτι
649 1711 837 1754 ἀνιστῶσι
855 1713 920 1753 καὶ
939 1710 1100 1763 ἄκοντα,
1115 1713 1195 1753 4καὶ
1216 1712 1396 1768 ἔρχονται
1415 1713 1507 1766 μετ’
1528 1712 1653 1757 αὐτοῦ
1671 1711 1776 1756 κατά

325 1798 415 1825 τινα
440 1779 564 1823 τόπον
588 1777 740 1834 ὁμαλὸν
761 1781 829 1822 καὶ
854 1778 1003 1830 πλάτος
1030 1779 1165 1823 ἱκανὸν
1192 1779 1352 1834 ἔχοντα·
1386 1782 1428 1822 Γ
1424 1778 1591 1836 ουνάρια
1613 1779 1635 1824 ὅ
1654 1779 1777 1832 τόπος

330 1847 655 1904 κατονομάζεται.
720 1847 876 1892 κάκεῖσε
903 1849 999 1899 τοὺς
1027 1847 1329 1905 πλησιοχώρους
1362 1849 1627 1906 ἀθροίσαντες
1650 1866 1777 1908 στρα-

420 1978 446 2014 9
467 1973 668 2033 ἐνεργήσων
691 1977 722 2012 C
895 1976 939 2013 13
961 1973 1237 2022 ὀμωμοσμένων
1258 1976 1290 2013 C
1462 1978 1510 2014 20
1529 1975 1724 2023 καστᾶμων
1746 1978 1778 2015 0

422 2033 619 2067 κασταμων
642 2022 673 2057 C

336 2138 465 2180 armat,
495 2135 771 2183 Michaelumque
802 2135 1042 2182 imperatorem
1074 2135 1253 2172 celebrans
1275 2133 1459 2171 tentorium
1480 2134 1650 2182 Bryennii
1675 2146 1717 2171 ca
1742 2134 1784 2181 it,

336 2181 549 2226 Bryennium
571 2183 699 2228 vincit,
731 2194 874 2228 eumque
896 2183 934 2217 in
955 2187 1162 2228 potestatem
1188 2183 1347 2228 Opsarae
1368 2180 1515 2216 vinculis
1537 2182 1650 2217 soluto
1671 2147 1782 2216 degit.

337 2228 396 2262 hic
419 2239 493 2262 eam
515 2232 634 2262 nactus
657 2228 831 2263 licentiam
853 2229 1030 2273 Bryennio
1051 2228 1168 2263 statim
1193 2228 1309 2263 oculos
1332 2227 1475 2272 effodit,
1506 2231 1544 2262 et
1565 2228 1715 2262 vinctum
1739 2227 1785 2261 ad

337 2274 580 2319 imperatorem
602 2274 728 2319 mittit,
758 2274 988 2309 defectionem
1011 2275 1054 2309 ab
1078 2286 1120 2309 eo
1148 2279 1315 2309 tentatam
1344 2272 1444 2307 simul
1472 2284 1660 2318 exponens.
1705 2272 1719 2306 i
1744 2282 1784 2306 se

339 2331 381 2353 eo
406 2319 473 2352 loci
496 2324 733 2364 commoratur,
767 2319 903 2354 scilicet
924 2325 963 2355 ut
985 2320 1152 2364 reliquam
1175 2318 1451 2354 distributionem
1475 2319 1674 2354 conficeret.
1745 2329 1784 2352 as

337 2375 421 2399 suae
444 2365 648 2400 temeritatis
672 2378 713 2400 ac
728 2365 957 2411 pertinaciae,
981 2377 1026 2399 ne
1047 2366 1156 2400 dicam
1179 2365 1393 2410 stoliditatis,
1418 2375 1548 2409 poenas
1571 2363 1668 2399 dedit
1690 2363 1785 2407 Bry-

338 2409 474 2444 ennius.
521 2416 557 2445 at
576 2411 752 2456 principes
775 2412 845 2446 viri
867 2411 928 2457 qui
950 2411 987 2446 in
1010 2411 1171 2445 orientali
1190 2410 1373 2456 provincia
1395 2409 1598 2444 habitabant
1643 2419 1785 2454 praeses

337 2456 513 2490 Romanus
531 2455 646 2492 Durus
662 2458 757 2500 (nam
780 2462 817 2492 et
836 2457 868 2491 is
890 2457 1140 2492 coniurationis
1165 2461 1241 2491 erat
1264 2456 1408 2500 socius),
1432 2456 1574 2499 Burtza‚
1628 2454 1787 2490 otaneia-

337 2506 405 2544 tes,
429 2500 552 2535 Basilii
569 2502 696 2548 Argyri
719 2502 795 2545 filii,
820 2508 856 2537 et
876 2502 1017 2548 reliqui,
1040 2514 1116 2538 cum
1137 2502 1303 2537 hactenus
1326 2512 1366 2536 se
1388 2500 1640 2535 continuissent
1661 2504 1697 2535 et
1722 2500 1786 2534 de-

337 2546 500 2581 fectionis
522 2546 654 2582 initium
678 2548 817 2583 aliunde
841 2554 1123 2594 exspectassent,
1158 2554 1337 2594 postquam
1361 2546 1607 2581 inaudiverunt
1626 2545 1664 2579 in
1686 2555 1787 2590 quam

339 2603 379 2626 se
401 2603 464 2626 sua
486 2594 671 2629 vaecordia
695 2594 902 2629 coniecisset
931 2594 1159 2629 calamitatem
1182 2591 1400 2637 Bryennius,
1432 2591 1555 2626 callide
1584 2594 1787 2637 reputantes

340 2648 417 2671 eum
443 2638 644 2682 quaestione
666 2640 820 2675 adhibita
843 2640 1133 2686 conspirationem
1154 2639 1384 2674 indicaturum
1415 2642 1452 2672 et
1479 2648 1552 2671 rem
1583 2636 1658 2671 eius
1680 2635 1788 2670 sociis

341 2683 429 2716 male
453 2694 636 2730 cessuram,
668 2685 824 2720 universi
845 2686 883 2720 in
902 2685 1171 2731 Paphlagoniam
1194 2685 1434 2719 Castamonem
1457 2681 1527 2727 (sic
1550 2681 1789 2728 appellabatur

342 2729 462 2762 domus
493 2729 619 2763 Isaacii
651 2731 842 2775 comneni)
873 2743 912 2766 se
942 2732 1145 2772 conferunt3
1183 2741 1327 2775 cumque
1363 2729 1474 2774 ipsum
1506 2738 1643 2773 quoque
1677 2726 1789 2761 adhuc

343 2773 575 2817 quiescentem
599 2776 910 2821 deprehenderent,
932 2777 1086 2812 excitant
1106 2776 1161 2811 vel
1175 2776 1334 2819 invitum,
1355 2786 1396 2809 ac
1416 2784 1491 2807 cum
1513 2784 1556 2807 eo
1578 2770 1789 2823 veniunt·qd

345 2818 512 2863 Gunaria,
529 2819 588 2864 qui
612 2827 666 2856 est
686 2821 782 2857 locus
803 2822 928 2868 planus
950 2827 1056 2869 atque
1076 2822 1222 2868 amplus.
1269 2832 1313 2857 eo
1339 2818 1538 2856 convocatis
1559 2817 1620 2864 qui
1641 2817 1678 2852 iu
1699 2826 1790 2851 vici-
