1890 3236
251 146 349 196 430
724 141 963 188 GEORGII
995 142 1238 188 GEDREM

252 261 296 304 δὲ
316 260 389 315 τὴν
407 255 549 302 τούτου
567 254 707 308 ἔξοδον
724 253 929 311 ἀκηκοώς,
963 255 1031 299 καὶ
1044 259 1115 299 νῦν
1134 260 1295 314 πρῶτον
1311 258 1466 313 οἶηθεὶς
1481 257 1552 303 τὸν
1565 258 1702 318 ἀγῶνα

250 329 416 372 ἔσεσθαι
439 325 548 383 αὐτῷ
571 324 673 381 πρὸς
695 323 827 381 ἄνδρα
845 325 1088 380 πολεμιστὴν
1114 326 1182 367 καὶ
1205 325 1340 382 φέρειν
1362 324 1495 370 εῗδότα
1516 330 1702 384 γενναίως

250 399 316 440 καὶ
347 397 542 444 τακτικῶς
573 393 647 443 τὰς
665 394 880 447 πολεμίους
900 391 1105 450 στροφάς,
1140 393 1207 436 καὶ
1236 392 1311 448 οὐχ
1344 391 1400 444 ὥς
1429 395 1476 437 τὸ
1507 394 1702 455 πρότερον

249 459 569 522 πρὸςδάνδράρια
591 461 859 516 ἐκτετμημένα
878 460 1194 516 θαλαμευόμενα
1216 463 1284 504 καὶ
1309 467 1565 520 σκιατραφῆ,
1598 463 1704 522 ἄρας

107 540 136 575 Ρ
159 539 227 575 692
250 526 521 580 ἀπὸΝικαίας
538 530 640 587 πρὸς
657 530 702 572 τὸ
719 527 917 587 Ἀμώριον
938 529 1072 573 ἄπεισι
1081 560 1096 582 ,
1127 531 1192 572 καὶ
1214 527 1464 586 συναντήσας
1480 533 1736 585 evanum-5

245 619 313 645 ται
333 603 391 658 τῷ
415 601 556 657 Φωκᾷ.
624 598 699 652 οὐχ
727 597 988 642 ὑποστάντων
1011 599 1056 641 δὲ
1075 603 1155 641 τῶν
1182 600 1272 655 περὶ
1301 598 1371 641 τὸν
1395 602 1546 643 Φωκᾶν
1567 599 1636 642 διὰ
1657 600 1705 644 τὸ

247 676 335 720 ταῖς
362 665 711 724 προηγησαμέναις
742 656 882 722 ἣτταίς
908 670 1174 722 χαυνωθῆναι
1194 667 1265 710 τὸν
1289 671 1361 722 τῆς
1380 667 1548 726 ἀνδρίας
1567 668 1707 720 αὗτοΐς

250 740 316 780 καὶ
342 735 493 790 τόλμης
519 733 647 786 τόνον,
681 736 1008 793 ἐπικρατέστερος
1025 737 1172 792 γίνεται
1194 734 1216 778 ὃ
1239 733 1436 793 Σκληρός.
1504 737 1553 780 οὗ
1570 737 1711 791 μέντοι,

251 808 317 849 καὶ
346 802 599 847 παντάπασιν
625 804 666 854 ἐς
694 801 908 861 ὑπαγωγὴν
939 803 1118 859 ἄκοσμον
1148 805 1363 848 ἐσκέδαστο
1391 802 1417 859 ἦ
1447 805 1617 862 στρατιὰ
1648 809 1708 863 τῷ.

257 878 406 932 (namq,
442 873 532 915 ἀλλ’
564 870 813 916 ὖποκλίνασα
839 874 913 927 μὲν
934 873 1120 925 ἐνέδωκε,
1155 874 1350 927 σχολαίαν
1371 874 1415 915 δὲ
1436 874 1607 917 ἐποιεῖτο
1630 874 1706 930 τὴν
1718 880 1763 918 1⁰

251 940 522 1000 ὗποχώρησιν,
558 938 613 991 ὡς
630 942 687 996 μὴ
707 939 786 983 ὑπὸ
812 943 963 992 δειλίας
991 944 1121 985 δοκεῖν
1141 939 1403 994 ἐλαύνεσθαι,
1438 941 1532 985 ἀλλ’
1555 943 1598 994 ἐξ
1619 943 1707 986 ἐπι-

252 1010 459 1067 τάγματος
485 1008 657 1052 ὑπείκειν
683 1015 949 1067 στρατηγικοῦ
966 1011 1056 1064 μετ’
1077 1011 1290 1064 εὐκοσμίας
1318 1012 1384 1053 καὶ
1407 1008 1570 1062 τάξεως.
1637 1012 1708 1054 καὶ

254 1081 332 1137 γὰρ
353 1080 402 1134 δὴ
418 1080 483 1121 καὶ
503 1083 609 1121 νῶτα
628 1076 773 1129 δόντας
789 1079 883 1129 τοὺς
901 1078 1151 1136 στρατιώτας
1170 1080 1237 1121 καὶ
1251 1079 1352 1136 πρὸς
1367 1078 1499 1136 φυγὴν
1515 1077 1709 1136 ὥρμημέε

253 1165 369 1200 νους,
405 1146 574 1190 ὄπισθεν
604 1147 787 1204 οὐραγῶν
818 1145 839 1190 ὃ
865 1150 1015 1198 Φωκᾶς
1046 1147 1141 1198 τοὺς
1167 1145 1351 1198 ἐπιόντας
1375 1145 1548 1202 ἠμύνετο
1568 1150 1636 1191 καὶ
1657 1147 1707 1191 οὗ

251 1216 354 1272 μετὰ
374 1214 657 1274 σφοδροτάτης
679 1216 739 1258 εἴα
761 1217 856 1271 βίας
879 1218 947 1259 καὶ
972 1214 1102 1275 ῥύμης
1120 1216 1441 1274 προσφέρεσθαι.
1508 1215 1612 1260 ἔνθα
1638 1217 1707 1260 καὶ
1718 1221 1762 1258 15

201 1292 231 1326 Β
255 1287 407 1342 λέγεται
425 1286 731 1328 Κωνσταντΐνον
754 1285 824 1328 τὸν
847 1287 888 1327 Γ
885 1289 1017 1342 αβρᾶν
1037 1285 1140 1340 μετὰ
1160 1289 1240 1328 τῶν
1260 1285 1370 1343 ἀμφ’
1399 1284 1523 1328 αὐτὸν
1541 1284 1588 1328 τὸ
1608 1288 1709 1342 φεῦ-

251 1371 322 1411 γον
342 1351 538 1396 διώκοντα
557 1355 765 1413 φιλοτιμίᾳ
779 1352 1037 1412 χρησάμενον
1054 1355 1222 1412 ἀκαίρῳ,
1249 1356 1317 1396 καὶ
1332 1352 1510 1410 μεγάλην
1529 1352 1708 1397 εὔκλειαν

252 1424 353 1474 ἕξειν
377 1423 566 1477 οῗηθὲντα
592 1424 626 1465 εἲ
646 1420 901 1477 αἰχμάλωτος
924 1421 998 1464 ὕπ’
1023 1424 1149 1465 αὐτοῦ
1171 1422 1322 1477 γένοιτο
1345 1420 1365 1465 ὃ
1392 1425 1560 1474 Φωκᾶς,
1594 1437 1710 1476 μυω-

251 1493 424 1534 πίσαντα
447 1490 515 1533 τὸν
538 1485 572 1549 ᾧ
591 1493 778 1545 ἐπωχεῖτο
797 1492 935 1543 ἵππον,
956 1492 1060 1545 μετὰ
1081 1492 1268 1547 μεγίστης
1286 1489 1416 1548 ὁρμῆς
1432 1493 1710 1548 προσενεχθῆ-

253 1578 319 1603 ναι
340 1563 398 1617 τῷ
419 1562 560 1619 Φωκᾷ.
629 1559 675 1602 ὃν
705 1554 822 1610 οὗτος
848 1561 944 1603 ἴδιὸν
967 1562 1034 1602 καὶ
1058 1559 1167 1610 ὅστις
1188 1560 1246 1614 εἴη
1269 1557 1543 1612 κατανοήσας,
1575 1558 1765 1615 ἠρέμαΞΟ

253 1628 323 1671 τὸν
346 1631 471 1670 ἵππον
494 1627 743 1684 παρενεγκιὺν
764 1629 830 1670 καὶ
856 1627 1106 1678 ὑπαντιάσας
1127 1629 1234 1670 παίει
1253 1625 1402 1685 κορύνῃ
1421 1627 1528 1670 κατὰ
1541 1631 1613 1682 τῆς
1637 1624 1710 1669 κό-

254 1701 397 1754 ρυθος.
447 1698 514 1738 καὶ
536 1694 556 1738 ὅ
577 1697 650 1751 μὲν
665 1696 973 1751 λειποθυμήσας
990 1701 1040 1753 τῇ
1059 1694 1322 1754 ἄνυποστάτῳ
1343 1694 1455 1755 φορᾷ
1469 1700 1541 1751 τῆς
1557 1699 1711 1751 πληγῆς

730 1766 792 1784 ·’<Ι

255 1767 386 1808 πίπτει
417 1766 644 1822 παραυτίκα
673 1782 746 1808 του
775 1782 911 1818 ιππου,
947 1764 969 1808 ὁ
993 1766 1036 1807 δὲ
1058 1768 1207 1816 Φωκᾶς
1226 1765 1363 1815 ἀδείας
1382 1765 1562 1820 μείζονος
1580 1763 1712 1819 τυχὼν

348 1883 372 1919 3
394 1882 555 1927 πολέμου
579 1884 610 1919 C
737 1882 760 1921 5
783 1878 942 1927 οἶμόριον
965 1885 995 1919 C
1110 1885 1154 1919 12
1177 1883 1416 1929 στρατηγικῆς
1440 1883 1471 1918 C
1583 1883 1627 1919 15
1649 1881 1712 1919 καὶ

350 1927 470 1975 ῥύμης
491 1929 553 1965 καὶ
571 1930 657 1976 βίας
676 1930 706 1965 C
774 1932 819 1967 17
837 1927 996 1976 εὐκαίρῳ
1018 1929 1047 1964 Ρ
1067 1940 1122 1964 om
1139 1930 1170 1965 C
1235 1931 1278 1966 18
1297 1929 1537 1975 κεντρίσαντοι
1551 1940 1668 1976 margo
1681 1930 1712 1963 P

260 2031 386 2067 bellum
408 2032 538 2067 exiisse
561 2033 737 2079 cognovit,
762 2044 854 2068 nunc
876 2032 1008 2068 demum
1031 2037 1127 2068 ratus
1151 2031 1219 2067 sibi
1241 2044 1313 2067 rem
1336 2031 1415 2067 fore
1434 2044 1510 2067 cum
1532 2031 1610 2068 viro
1635 2032 1713 2068 bel-

259 2078 367 2112 licoso
390 2084 425 2113 et
448 2079 588 2114 fortiter
611 2085 716 2125 atque
743 2080 932 2126 composite
955 2081 1050 2114 ferre
1070 2079 1167 2113 vices
1188 2079 1271 2113 belli
1294 2090 1423 2123 gnaro,
1447 2090 1522 2113 cum
1546 2079 1713 2113 hactenus

260 2124 330 2159 sibi
354 2125 481 2159 obiecti
504 2131 621 2161 essent
643 2126 890 2160 homunciones
915 2126 1072 2170 castrati,
1095 2125 1132 2158 in
1155 2124 1315 2159 thalamis
1339 2124 1472 2159 versati
1490 2124 1578 2159 etin
1593 2125 1715 2161 umbra

260 2171 390 2214 degere
411 2170 515 2216 soliti,
540 2183 562 2206 a
586 2171 719 2206 Nicaea
744 2173 933 2207 exercitum
956 2172 1000 2206 ad
1024 2170 1199 2205 Amor-ium
1223 2170 1330 2205 ducit.
1377 2170 1430 2205 ibi
1452 2169 1587 2204 collatis
1603 2169 1716 2215 signis

260 2220 468 2262 pugnatum;
486 2215 537 2252 'et
558 2218 698 2252 Phocae
721 2218 921 2263 exercitus,
948 2218 1007 2263 qui
1031 2217 1269 2263 superioribus
1301 2216 1440 2262 praeliis
1466 2216 1582 2251 victus
1604 2216 1716 2251 auda·-

260 2262 348 2296 ciam
372 2261 544 2306 animique
566 2264 723 2308 vigorem
746 2264 937 2308 dimiserat,
966 2263 1087 2309 pedem
1111 2262 1257 2307 rettulit,
1281 2274 1322 2296 ac
1343 2261 1493 2297 victoria
1515 2273 1623 2307 penes
1637 2262 1714 2297 Du·-

257 2319 333 2342 rum
356 2307 437 2342 suit.
486 2319 598 2353 neque
620 2316 735 2345 tamen
758 2310 910 2355 turpiter
935 2315 996 2344 aut
1018 2309 1196 2344 dissolutis
1218 2308 1398 2343 ordinibus
1420 2308 1561 2342 Phocae
1587 2307 1716 2342 milites

259 2357 451 2396 cesserunt,
474 2354 539 2388 sed
560 2354 652 2390 lente
675 2361 710 2391 et
734 2356 937 2401 composite,
962 2356 1013 2390 ita
1036 2360 1075 2389 ut
1098 2366 1166 2389 non
1190 2366 1274 2399 prae
1297 2358 1390 2389 metu
1412 2354 1475 2389 sed
1496 2354 1594 2389 iussu
1617 2353 1716 2388 ducis

259 2400 385 2433 cedere
410 2399 626 2435 viderentur.
673 2402 800 2437 etenim
819 2402 954 2436 Phocas
978 2401 1145 2435 militibus
1168 2406 1269 2445 terga
1296 2400 1388 2435 hosti
1412 2399 1575 2434 dantibus
1600 2404 1637 2434 et
1658 2399 1716 2434 fu-

259 2456 335 2490 gam
361 2445 574 2490 parantibus‚
600 2450 787 2482 extremum
813 2448 976 2482 claudens
999 2459 1122 2491 agmen
1146 2447 1318 2481 irruentes
1341 2446 1577 2492 propulsabat,
1601 2456 1716 2490 neque

260 2502 321 2524 eos
346 2502 420 2524 cum
443 2491 575 2536 impetu
598 2492 734 2527 irruere
756 2494 957 2528 cedentibus
983 2495 1056 2527 suis
1082 2493 1232 2527 sinebat.
1277 2492 1329 2526 ibi
1345 2491 1575 2526 Constantino
1599 2491 1718 2526 ferunt

260 2537 403 2571 Gabrae
437 2549 513 2571 cum
547 2538 618 2572 suis
642 2539 776 2573 hostem
800 2539 995 2584 insequenti
1018 2544 1177 2573 conatum
1201 2539 1377 2582 egregium
1400 2537 1512 2571 animo
1536 2536 1716 2580 incidisse,

259 2582 400 2616 Phocae
417 2583 590 2628 capiendi,
615 2595 714 2628 quam
734 2596 807 2619 rem
825 2585 894 2619 sibi
912 2597 1061 2620 summae
1082 2584 1174 2619 laudi
1196 2585 1273 2618 sore
1295 2587 1466 2630 speraret.
1490 2582 1610 2628 itaque
1625 2593 1716 2627 equo

263 2628 455 2662 calcaribus
478 2628 623 2663 incitato
648 2630 816 2664 acerrimo
840 2631 877 2665 in
901 2631 991 2674 hunc
1011 2631 1144 2676 impetu
1164 2631 1351 2664 invectum.
1397 2629 1549 2663 Phocum
1571 2640 1612 2663 eo
1631 2639 1716 2662 con-

264 2687 281 2709 s
309 2679 385 2708 ecto
418 2679 454 2708 et
485 2675 603 2718 agnito
634 2675 760 2710 leviter
791 2688 914 2721 equum
949 2677 1090 2711 flexisse
1121 2681 1156 2710 et
1187 2688 1225 2710 se
1256 2675 1395 2710 obvium
1418 2674 1562 2716 tulisse;
1596 2674 1716 2718 itaque

265 2731 396 2754 cavam
418 2720 455 2754 in
478 2720 611 2764 galeam
634 2722 857 2757 Constantini
879 2723 1088 2767 impegisse,
1131 2726 1170 2756 ut
1199 2722 1230 2755 is
1260 2723 1305 2756 ob
1339 2721 1430 2755 ictus
1464 2718 1716 2755 intolerabilem

265 2765 337 2799 vim
366 2766 482 2800 statim
514 2769 626 2800 animo
655 2767 878 2812 delinquente
909 2770 953 2802 ab
983 2780 1024 2802 eo
1049 2767 1238 2802 decideret.
1285 2766 1490 2812 quem'dum
1511 2766 1567 2800 sui
1590 2765 1716 2799 omissa

266 2811 415 2847 hostium
437 2813 680 2858 persecutione
701 2813 862 2849 attollunt
886 2819 992 2860 atque
1014 2819 1148 2858 curant,
1173 2813 1311 2848 interim
1336 2813 1487 2848 Phocam
1507 2811 1716 2847 securiorem
