1916 3210
679 167 1132 216 ANNOTATIONES.
1545 169 1646 218 859

172 285 275 339 gium
297 282 400 334 (loci
416 294 576 334 nomen,
617 282 716 323 forte
740 281 807 322 ubi
834 278 877 322 ln
904 281 996 323 urbe
1020 281 1240 323 venationes
1262 279 1493 335 edebantur)
1518 283 1648 336 prodi-

173 346 244 383 ret·
286 341 440 450 txlrlhp.
458 397 544 440 296
562 407 596 435 v.
613 397 681 438 22.
739 395 805 434 die
827 407 1034 434 sacrorum
1053 394 1278 447 luminum]
1316 399 1409 447 puto
1434 408 1517 435 esse
1535 408 1646 447 quem

173 454 266 496 alias
296 453 560 507 purificationis
582 452 725 492 Mariae
744 457 897 503 vocant,
936 451 1200 491 Lieclztmesz.
1232 453 1336 492 Xn..
1394 453 1550 492 caecutit
1570 452 1651 503 Xy-

173 512 309 552 lander
339 512 379 550 in
405 510 564 559 lumine,
602 514 640 548 et
667 522 742 562 quo
771 513 908 563 purget
937 509 1063 549 oculos
1093 509 1243 560 collyrio
1274 522 1369 561 opus
1392 514 1449 548 est
1470 509 1541 558 illi,
1584 509 1651 548 ubi

172 567 436 621 purificationis
453 566 552 605 diem
569 565 860 618 interpretatur,
899 567 986 619 qui,
1025 579 1093 606 ceu
1111 566 1345 616 notissimus,
1385 566 1421 605 T
1422 566 1651 619 heophanio-

173 637 255 664 rum
272 637 355 665 esse
370 623 610 674 dignoscitur.
669 623 796 665 Gom.

287 685 318 721 t.
338 679 373 718 11
398 693 439 733 p.
460 682 544 723 297
566 692 600 718 v.
617 678 658 723 4.
716 680 794 718 soli
817 677 920 732 duo]
961 679 1139 718 obscurus
1165 678 1280 721 locus.
1338 679 1434 718 forte
1463 679 1651 718 Constan-

174 738 255 778 tino
281 737 383 776 domi
413 736 538 776 relicto
570 740 608 775 et
634 740 763 789 spreto
786 737 977 777 Romanus
997 749 1081 775 cum
1102 735 1200 787 filio,
1241 740 1373 787 utpote
1394 737 1651 788 imperatores,

174 806 315 834 sacram
343 806 518 846 pompam
547 793 741 832 duxerunt.
799 794 848 834 de
873 805 1058 846 procensu
1085 793 1175 833 alibi
1207 793 1358 836 dictum.
1415 793 1650 833 tribunalium

173 851 279 891 locus
296 850 487 890 tribunalis
507 850 667 890 videtur.
723 850 830 889 XY1..

288 911 319 948 t.
334 907 368 946 11
396 921 434 960 p.
453 909 537 949 298
557 920 591 948 v,
611 910 678 950 20.
736 904 805 948 τὸν
823 900 1098 959 σακελλᾶριον]
1119 919 1228 958 quem
1244 905 1404 947 thesauri
1420 907 1650 959 praefectum

175 968 214 1005 et
243 964 436 1003 custodem
468 964 536 1002 sub
571 964 786 1015 logothetae
814 964 1058 1016 dispositione
1091 965 1254 1016 positum
1275 964 1460 1003 existimo.
1515 964 1648 1003 Panei-

173 1020 287 1060 rollus
315 1021 353 1060 in
370 1020 492 1060 Notit.
518 1021 654 1073 Imper.
683 1021 749 1060 Or.
780 1034 812 1060 c.
833 1020 902 1064 47.
959 1019 1124 1060 Lexicon
1153 1034 1375 1072 anonymum
1403 1021 1648 1061 bibliothecae

173 1078 340 1130 Regiae:
371 1075 577 1118 σακὲλλιον
596 1074 825 1131 βαλάντιον.
883 1077 1019 1120 GoAn.

287 1138 318 1174 t.
334 1133 371 1173 11
398 1148 438 1186 p.
458 1136 541 1178 299
560 1147 595 1174 v-
618 1134 682 1177 14.
741 1133 783 1175 ἔκ
809 1147 851 1174 τε
879 1136 953 1186 τῆς
973 1132 1168 1188 ἑταιρείας
1187 1132 1257 1176 καὶ
1277 1137 1360 1176 τῶν
1378 1134 1647 1190 ταγματικῶν]

174 1205 222 1230 ex
239 1191 608 1244 confiecleratorum
627 1198 666 1229 et
683 1190 934 1229 subditorum
952 1191 1172 1230 ordinibus.
1234 1192 1363 1234 Gom.

287 1248 369 1290 t.11
397 1263 436 1301 p.
455 1251 539 1292 302
556 1261 592 1292 v,
617 1251 656 1290 1.
713 1247 830 1302 ἁγίας
852 1247 1002 1302 σοροῦ]
1040 1250 1170 1289 dubito
1199 1250 1247 1288 de
1273 1250 1343 1289 hoc
1372 1249 1468 1290 loco.
1526 1245 1650 1302 σορός

174 1304 355 1345 tumulum
382 1306 564 1358 significat
592 1308 632 1344 et
666 1306 911 1358 sepulchrum.
982 1305 1080 1346 sorte
1109 1307 1179 1345 fuit
1209 1308 1322 1346 aedes
1352 1308 1392 1345 in
1419 1306 1649 1356 Blachernis,

175 1362 358 1416 sepulchri
377 1363 417 1401 in
437 1363 539 1414 quod
562 1362 731 1401 Christus
754 1363 947 1415 depositus
967 1363 1036 1401 fuit
1051 1363 1322 1403 similitudinem
1342 1365 1520 1412 referens,
1541 1364 1651 1415 quale

173 1420 309 1471 Spirae
333 1419 530 1459 Nemetum
562 1419 838 1468 suburbanum,
881 1423 921 1459 et
941 1419 1013 1458 alia
1030 1419 1116 1458 alibi
1132 1420 1318 1470 visuntur,
1356 1434 1450 1458 zum
1471 1420 1652 1473 heiligen

181 1474 311 1514 Grab.
373 1480 412 1516 et
432 1477 477 1515 fit
496 1477 634 1516 mentio
654 1476 767 1529 paulo
789 1479 887 1529 post.
916 1476 1021 1516 XYL.
1077 1477 1254 1529 templum
1278 1481 1335 1516 est
1356 1477 1467 1526 illud,
1495 1478 1532 1516 in
1550 1479 1652 1517 cuius

173 1533 373 1573 sacratiore
404 1532 525 1572 loculo
555 1534 806 1574 sanctissimae
837 1534 1015 1587 deiparae
1043 1534 1156 1573 vestis
1185 1538 1224 1574 et
1252 1547 1350 1574 zona
1379 1535 1419 1574 in
1438 1534 1652 1575 Blachernis

172 1590 470 1631 asservabantur.
525 1590 659 1629 Gom.

288 1645 344 1686 ib.
376 1659 412 1687 v-
440 1645 480 1690 5.
539 1647 696 1687 Chaldia
715 1647 821 1698 regio
839 1650 917 1696 est,
954 1649 996 1686 ut
1013 1650 1192 1700 apparet,
1221 1647 1378 1698 Syriae,
1407 1648 1477 1687 hoc
1497 1649 1649 1699 quidem

173 1704 271 1744 loco.
327 1716 415 1744 nam
445 1703 485 1743 in
511 1703 714 1758 Nicephori
735 1704 882 1744 Phocae
911 1705 1065 1757 imperio
1094 1705 1232 1743 diserte
1253 1705 1450 1744 Calabriae
1471 1706 1651 1744 adscribi-

173 1766 247 1801 tur.
277 1773 323 1800 ex
335 1761 473 1800 Basilio
488 1761 651 1801 Romani
665 1762 698 1800 F
722 1762 786 1800 ubi
803 1762 951 1801 Phocae
969 1766 1100 1800 contra
1121 1762 1262 1801 Durum
1280 1775 1339 1801 res
1358 1766 1488 1814 gestae
1512 1763 1650 1802 descri-

173 1818 326 1865 buntur,
354 1817 498 1857 Iberiae
512 1818 667 1857 vicinam
685 1819 798 1858 fuisse
816 1818 1007 1857 Chaldiam
1024 1819 1141 1857 videri
1159 1822 1298 1871 potest.

288 1873 343 1915 ib.
359 1887 394 1913 v.
407 1877 470 1917 17.
495 1876 597 1925 quod
611 1876 659 1913 sit
673 1875 932 1925 manglabitae,
952 1877 1009 1914 vel
1024 1880 1186 1927 utsupra
1200 1876 1378 1927 scriptum
1393 1878 1463 1924 est,
1480 1875 1650 1926 mangla-

173 1931 276 1971 bitae
286 1931 460 1979 officium,
468 1932 606 1970 nescio.
628 1931 717 1971 talia
731 1932 903 1971 videntur
913 1933 1023 1971 etiam
1033 1932 1212 1983 mysticus
1228 1936 1266 1971 et
1285 1933 1471 1983 stypeiota
1486 1937 1524 1971 et
1539 1945 1652 1983 quem

174 1989 265 2027 alias
278 1988 493 2042 ραίκτωρα,
508 1988 620 2040 paulo
635 1989 744 2040 post
735 2001 815 2041 ipse
824 1985 1230 2057 παραδυναστεύοντα
1238 1989 1386 2028 videtur
1396 1989 1531 2037 dicere,
1542 1989 1651 2039 quasi

173 2046 348 2085 vicarium
361 2047 605 2098 imperatoris
618 2046 723 2084 XYr..
755 2047 807 2101 τῇ
819 2047 892 2085 τοῦ
907 2046 1173 2099 μαγγλαβίτου
1189 2041 1283 2101 οἴξία
1296 2043 1499 2097 τιμηθείς]
1513 2058 1561 2083 an
1572 2059 1650 2084 non

175 2098 403 2170 μαγγλᾶβια
436 2103 648 2142 merebatur
676 2102 871 2153 Xylander
897 2104 1075 2169 experiri,
1127 2103 1191 2153 qui
1217 2108 1293 2141 tam
1321 2103 1412 2142 dure
1435 2103 1651 2141 Cedrenum

173 2157 466 2214 ἐμαγγλοὶβισεν
478 2158 500 2197 P
528 2164 567 2198 at
584 2161 751 2207 nescivit,
777 2160 908 2210 inquit.
940 2160 970 2197 is
988 2160 1115 2210 itaque
1129 2159 1384 2199 cornicularius
1401 2164 1439 2198 et
1454 2158 1630 2198 clavicula

173 2217 252 2256 rius
272 2218 406 2255 dicitur
428 2217 529 2269 apud
554 2216 827 2256 Paneirollum
818 2229 856 2254 m
878 2215 969 2257 Not.
993 2217 1086 2269 Imp.
1108 2231 1139 2255 c.
1159 2218 1179 2257 1
1192 2219 1233 2265 1,
1263 2221 1301 2255 et
1315 2220 1373 2255 est
1390 2215 1496 2254 unius
1513 2217 1651 2255 cohor-

147 2315 150 2318 ,
174 2274 225 2313 tis
245 2274 447 2326 principem
469 2275 638 2325 stipantis
658 2273 921 2326 praepositus,
951 2277 988 2312 et
1008 2275 1056 2312 ad
1077 2274 1154 2312 eius
1176 2277 1329 2323 nutum,
1373 2287 1439 2312 ceu
1461 2274 1654 2313 sententiis

173 2343 323 2370 reorum
345 2332 592 2382 exsequendis
617 2331 839 2382 praefectus,
871 2335 998 2369 sontes
1021 2343 1190 2381 quosque
1209 2331 1256 2369 ab
1280 2343 1326 2369 eo
1350 2331 1557 2380 damnatos,
1587 2344 1655 2369 eo-

175 2389 263 2427 dem
281 2391 493 2441 spectante,
529 2388 700 2437 castigat.
760 2400 841 2426 eam
859 2387 1160 2427 Bardariotarum
1176 2389 1290 2426 fuisse
1308 2400 1375 2426 suo
1395 2391 1571 2454 tempore
1578 2387 1656 2433 Co-

176 2445 286 2484 dinus
314 2445 451 2494 refert,
489 2445 537 2483 de
569 2446 724 2495 quibus:
764 2442 982 2496 κρέμανται
1008 2442 1053 2484 δὲ
1072 2443 1138 2485 ἐπὶ
1161 2441 1288 2495 ζώνης
1310 2439 1479 2485 ἑκάστου
1498 2439 1655 2484 τούτων

174 2503 322 2553 λωροι,
356 2499 429 2550 ους
448 2503 617 2542 καλοῦσι
636 2498 862 2572 μαγγλαβια
887 2502 968 2552 (sic
985 2501 1044 2541 ille
1064 2499 1257 2552 scribit)’
1237 2499 1365 2554 η’γουν
1389 2497 1644 2554 βακτηρίας
1625 2517 1653 2552 η

176 2555 380 2628 ῥάβδους,
411 2559 613 2611 μαστίζειν
638 2574 733 2606 τους
761 2554 900 2607 οῗξίους
925 2559 1195 2610 μαστίζεσθαι.
1251 2558 1332 2598 Leo
1359 2558 1653 2597 Grammaticus·

176 2609 405 2656 α’ποστὲλλει
436 2616 682 2683 μαγλαβίτην
715 2616 791 2667 (itu
821 2616 915 2664 legit
944 2615 1031 2668 ille)
1060 2613 1131 2656 τὸν
1153 2611 1517 2669 Μαυροθεόδωρον
1543 2615 1653 2666 ξίφει

177 2667 335 2712 ανελεῖν
355 2669 423 2712 τὸν
443 2669 627 2726 μοναχόν.
659 2672 806 2711 Turcae
829 2685 851 2711 a
874 2672 1025 2712 Graecis
1045 2672 1149 2725 plura
1168 2673 1324 2711 mutuati
1345 2673 1394 2710 ad
1414 2676 1652 2724 conspectum

176 2731 411 2781 imperatoris
442 2742 716 2780 praecursorem
746 2730 884 2768 habent
911 2730 1182 2783 μαγγλαβίτην
1213 2727 1403 2782 (buiurdi
1434 2742 1502 2767 sua
1524 2729 1652 2779 lingua

176 2784 359 2838 vocant),
401 2787 450 2825 ad
478 2788 558 2826 eius
588 2791 713 2825 nutum
745 2799 846 2827 reum
874 2800 1057 2840 quemque
1077 2787 1261 2839 suppliciis
1281 2787 1451 2826 extremis
1471 2787 1650 2824 subiicere

177 2848 360 2896 paratum.
425 2855 470 2883 ac
500 2844 672 2898 princeps
704 2845 809 2898 ipse,
860 2845 967 2897 regia
1002 2845 1173 2899 deposita
1207 2844 1427 2899 plebeiaque
1461 2846 1655 2897 assumpta
