1890 3236
472 172 869 218 HISTORIARUM
902 171 1293 217 COMPENDIUM.
1525 170 1622 216 355

148 287 334 338 'meac
361 284 608 340 λελυκότων,
642 289 890 331 σπείσασθαι
913 285 1151 344 ἓγνῶκεισαν
1170 286 1274 342 μετὰ
1293 288 1375 329 τῶν
1396 284 1439 328 ἓν
1461 286 1623 346 Σικελίᾳ

145 350 418 414 ’Σαρακηνῶκ
456 357 635 413 ἐγένοντο
653 351 725 400 οὖν
741 355 943 414 σύμφωνα
962 357 1018 399 δι’
1041 356 1279 399 Εὗσταθίου
1297 358 1372 398 τοῦ
1389 359 1622 413 στρατηγοῦ

150 426 422 483 Καλαβρίας,
465 423 556 476 ἑνὸς
574 438 577 440 “
593 425 709 476 ὄντος
737 430 819 469 τῶν
847 429 1071 479 βασιλικῶν
1106 422 1417 479 θαλαμηπόλων
1423 455 1437 476 ,
1478 423 1550 481 ἔφ’
1585 417 1621 483 ᾧ

153 493 315 550 δασμὸν
339 491 498 549 ἐτήσιον
528 496 722 538 δίδοσθαι
748 500 833 543 τοῖς
861 497 1116 551 Σαρακηνοΐς
1132 494 1304 550 χρυσίου
1323 491 1516 547 χιλιάδας
1537 491 1621 548 uff-

121 563 375 621 ὄγενομὲνων
400 563 447 606 δὲ
471 567 552 606 τῶν
580 565 764 607 σπονδῶν
780 560 968 618 Ἰωάννην
989 563 1198 619 πατρίκιον
1218 562 1288 606 τὸν
1308 562 1471 617 ε’πίκλην
1492 564 1620 606 Μου-
1642 573 1672 609 P
1694 575 1761 612 651

155 630 315 685 ζάλωνα
348 631 575 690 στρατηγὸν
609 637 682 688 τῆς
712 633 957 689 Καλαβρίας
991 629 1271 688 προύβάλοντο
1282 662 1297 683 ,
1343 629 1390 681 ὃς
1419 636 1625 689 φορτικῶς

154 699 368 759 κατάρχων
389 705 471 744 τῶν
492 702 694 758 ἐγχωρίων
713 698 786 743 ὕπ’
813 700 948 743 αὐτῶν
971 697 1209 757 ἀπεσφάγη,
1244 698 1622 758 προσχωρησάντων

154 774 214 828 τῷ
237 769 328 828 ρηγὶ
348 771 662 827 Λογγιβαρὸίας
679 767 941 828 Δανδούλφῳ
951 801 965 822 ,
997 767 1208 824 Ῥωμανοῦ
1226 773 1302 811 τοῦ
1321 769 1508 826 γέροντος
1530 769 1623 827 ἄρτι

152 838 213 882 τὰ
233 842 420 898 σκῆπτρα
449 838 684 893 κατέχοντος
704 837 928 892 Ῥωμαίων.
994 836 1073 895 ὕφ’
1107 831 1156 880 οὗ
1183 838 1393 895 συμφέρον
1422 838 1623 894 ἐνομίσθη

103 905 408 965 1οστρατιῶτας
435 910 676 964 πεμφθῆναι
703 907 808 961 μετὰ
835 911 958 958 νεῶν,
991 907 1038 950 τὸ
1071 906 1300 964 ἀπορραγὲν
1331 911 1406 963 τῆς
1435 904 1627 963 ὃλότητος

151 976 276 1033 μέρος
295 974 657 1019 ἓπανασώσασθαι.
708 977 1011 1034 προσεπὲμφθη
1031 976 1076 1020 δὲ
1094 977 1269 1030 Κοσμᾶς
1287 977 1496 1034 πατρίκιος
1517 976 1627 1020 Θεσ-

152 1042 411 1098 σαλονικεῦς,
444 1043 648 1102 γνώριμος
667 1043 724 1087 ὢν
743 1049 803 1103 τῷ
822 1043 1098 1103 Δανὸούλφῳ.
1150 1047 1218 1087 καὶ
1240 1047 1487 1103 περαιωθεὶς
1508 1039 1628 1097 οὗτος

153 1116 210 1164 εἷς
223 1114 400 1157 Ἰταλίαν
417 1115 485 1156 καὶ
505 1117 565 1172 τῷ
582 1113 845 1171 Δανὸούλφῳ
866 1116 1072 1169 συμμίξας
1091 1111 1259 1172 παρῄνει
1278 1114 1536 1169 ἀποσχέσθαι
1555 1119 1628 1169 τῆς

147 1181 291 1241 χώρας
305 1181 516 1238 Ῥωμαίων
537 1185 606 1226 καὶ
626 1188 683 1242 τῷ
699 1187 866 1238 βασιλεῖ
880 1186 1216 1240 συμφιλιωθῆναι
1235 1185 1304 1226 καὶ
1324 1183 1412 1242 ἀντὶ
1431 1185 1625 1239 πολεμίου
1650 1198 1679 1234 Β

97 1262 146 1299 -15
157 1253 276 1309 φίλον
291 1252 418 1295 αὐτὸν
435 1255 600 1308 ποιῆσαι
620 1253 686 1295 καὶ
707 1250 934 1307 σύμμαχον.
1005 1252 1326 1306 ἀπαναινομένου
1349 1252 1393 1294 δὲ
1413 1251 1561 1296 τούτου
1582 1253 1630 1296 τὸ

155 1325 338 1378 πρῶτον,
370 1319 394 1364 ὃ
427 1322 601 1377 Κοσμᾶς
631 1321 735 1378 ἀνὴρ
767 1320 967 1379 φρόνιμος
996 1320 1052 1364 ὢν
1078 1323 1147 1363 καὶ
1178 1321 1342 1371 συνετὸς
1369 1318 1492 1375 “ε’μοὶ
1521 1322 1629 1377 με’ν”

157 1388 239 1433 εἷπε
265 1389 368 1447 πρὸς
391 1389 461 1433 τὸν
489 1390 766 1447 Δανδοῦλφον
789 1388 937 1447 ι(χρέος
959 1383 1011 1446 ἦν
1036 1389 1089 1433 τὰ
1115 1387 1297 1448 σωτήρια
1325 1394 1631 1444 συμβουλεῦσαι

154 1463 214 1517 τῷ
235 1461 355 1518 φίλῳ.
423 1460 459 1501 εἰ
478 1458 520 1501 δ’
547 1459 672 1509 αὐτὸς
691 1460 913 1514 πεισθῆναί
925 1476 997 1514 μοι
1019 1459 1067 1501 οὐ
1088 1459 1224 1509 θέλεις
1242 1458 1295 1502 τὰ
1313 1462 1501 1515 λυσιτελῆ
1522 1477 1632 1516 συμ-

154 1526 415 1581 βουλεύοντι,
449 1525 546 1571 τότε-
572 1526 706 1584 γνώσῃ
738 1532 812 1583 τῆς
840 1528 1037 1583 ἀληθείας
1067 1525 1353 1586 ὁιαμαρτήσας
1378 1528 1484 1571 κατὰ
1510 1527 1631 1581 πολύ,

97 1594 255 1647 Ξοὸταν
277 1595 448 1641 σεαυτόν
469 1614 512 1640 τε
535 1598 603 1639 καὶ
624 1596 671 1640 τὸ
695 1597 818 1647 ἔθνος
841 1595 949 1640 ἅπαν
970 1603 1056 1648 τοῖς
1074 1598 1279 1653 μεγίστοις
1300 1595 1521 1651 ὗποβαλῶν
1545 1616 1631 1641 κιν-

155 1664 293 1717 δύνοις
317 1664 627 1722 ἀπαγορεύσεις,
661 1666 720 1721 μὴ
742 1664 965 1721 δυνάμενος
981 1666 1084 1724 πρὸς
1102 1664 1208 1709 οὕτω
1225 1664 1405 1723 μεγάλην
1425 1669 1492 1709 καὶ
1512 1670 1631 1722 ἴσχυ-

155 1735 233 1794 ’ρὰν
263 1733 574 1779 ἀντιτάττεσθαι
603 1735 888 1779 ὃνναστειάν.”
959 1737 1091 1787 συνεὶς
1123 1730 1195 1779 οὖν
1223 1734 1245 1779 ὃ
1274 1736 1551 1796 Δανδοῧλφος
1577 1737 1631 1781 τὰ

247 1891 274 1926 2
311 1886 520 1926 ειῖσταθίαν
553 1892 584 1928 G
772 1891 795 1926 6
831 1887 1116 1937 προύβάλλοντο
1155 1890 1238 1927 libri
1421 1892 1443 1927 8
1468 1891 1576 1927 δουκὶ
1598 1892 1630 1926 C

247 1935 470 1981 λανδούλφω
497 1938 527 1973 C
712 1939 757 1974 10
786 1935 1049 1981 ἐκπεμφθῆναι
1079 1938 1110 1973 C
1295 1938 1341 1975 13
1372 1935 1414 1974 ἐν
1436 1935 1572 1985 Ἰταλίᾳ
1597 1939 1628 1974 C

245 1985 294 2020 20
314 1986 395 2025 τοῖς
418 1995 472 2020 om
491 1985 523 2020 C
660 1985 707 2021 22
729 1981 1018 2020 ἀντιτάσσεσθαι
1041 1983 1072 2019 C

153 2123 223 2160 iam
249 2122 354 2160 etiam
376 2135 399 2160 a
419 2122 584 2169 Bulgaris
608 2123 774 2170 foedere,
808 2135 929 2172 pacem
955 2135 1030 2160 cum
1054 2123 1298 2160 Siciliensibus
1322 2123 1510 2159 Saracenis
1532 2134 1628 2159 com-

153 2182 288 2217 ponere
320 2175 531 2207 statuerunt.
583 2176 793 2216 pactumque
832 2177 907 2215 est,
950 2176 1079 2216 agente
1113 2183 1185 2206 rem
1219 2171 1407 2205 Eustathio
1443 2170 1631 2204 Calabriae

154 2217 357 2262 praesecto,
387 2229 457 2252 uno
491 2217 537 2251 de
565 2216 789 2263 imperatoris
814 2217 1058 2261 cubiculariis,
1095 2224 1133 2252 ut
1163 2217 1350 2252 Saracenis
1374 2217 1541 2251 darentur
1563 2217 1629 2251 tri-

153 2262 232 2297 buti
254 2263 392 2298 nomine
413 2263 599 2309 quotannis
622 2274 805 2298 aureorum
825 2265 872 2299 22
893 2264 1003 2299 milia.
1048 2264 1185 2298 firmata
1214 2275 1303 2308 pace
1327 2263 1493 2297 Ioannem
1515 2261 1628 2317 patri-

154 2308 245 2343 cium
275 2314 503 2354 cognomento
534 2309 752 2345 Muzalonem
785 2309 973 2344 Calabriae
994 2311 1253 2355 praefecerunt.
1300 2309 1331 2344 is
1355 2321 1431 2343 cum
1452 2320 1492 2343 se
1515 2320 1629 2354 lmpe-

153 2354 284 2390 riosius
306 2355 343 2389 in
366 2355 526 2390 subditos
547 2360 708 2400 gereret,
740 2361 795 2390 est
819 2357 863 2390 ab
891 2355 935 2390 iis
958 2355 1184 2400 interfectus,
1217 2362 1322 2399 atque
1344 2355 1372 2389 ii
1394 2367 1434 2390 se
1456 2354 1630 2389 dederunt

153 2399 363 2447 Dandulpho
387 2401 466 2446 regi
487 2401 767 2446 Longibardiae,
792 2413 868 2436 cum
891 2401 958 2436 iam
982 2403 1159 2437 Romanus
1182 2402 1300 2436 senior
1320 2401 1502 2447 imperium
1525 2412 1630 2435 occe-

152 2447 282 2495 pisset.
329 2447 388 2482 hic
417 2449 594 2483 Romanus
627 2447 712 2482 utile
744 2448 881 2483 censuit
904 2453 943 2482 ut
969 2447 1074 2483 missa
1103 2447 1214 2482 classe
1235 2459 1317 2493 pars
1339 2446 1481 2493 imperii
1502 2446 1630 2482 amissa

152 2500 433 2540 recuperaretur.
481 2493 675 2540 praemittit
705 2498 819 2528 tamen
851 2494 1012 2528 Cosmam
1045 2494 1229 2539 patricium
1265 2493 1630 2537 Thessalonicensem,

153 2545 273 2575 notum
295 2539 521 2587 Dandulpho.
569 2540 600 2574 is
624 2551 699 2574 cum
723 2539 924 2575 traiecisset
945 2540 982 2575 in
1005 2540 1162 2586 Italiam,
1188 2551 1264 2575 cum
1286 2539 1495 2588 Dandulpho
1518 2538 1629 2574 collo-

152 2591 254 2621 cutus
288 2585 451 2622 hortatur
481 2591 520 2621 ut
552 2598 573 2621 a
607 2587 841 2621 Romanorum
878 2586 1017 2621 dicione
1050 2587 1226 2621 abstineat
1250 2590 1385 2621 etcum
1414 2586 1628 2632 imperatore

153 2633 278 2667 foedus
299 2633 416 2678 ineat,
441 2644 588 2679 eumque
613 2644 677 2679 pro
700 2633 803 2668 hoste
825 2633 970 2668 amicum
994 2633 1110 2679 potius
1135 2633 1336 2679 sociumque
1356 2632 1425 2667 sibi
1449 2631 1628 2667 conciliet.

152 2678 360 2733 Dandulpho
383 2679 530 2725 primum
552 2684 723 2714 renuente
741 2680 909 2724 cosmas,
934 2684 974 2714 ut
993 2685 1071 2714 erat
1090 2680 1192 2714 homo
1215 2680 1389 2725 prudens,
1413 2675 1524 2713 “mihi
1547 2677 1629 2724 qui-

152 2721 253 2759 dem”
285 2724 400 2771 lnquit
430 2721 600 2760 “necesse
632 2730 709 2760 erat
739 2725 869 2760 homini
900 2725 1011 2760 amico
1040 2737 1232 2770 suggerere
1253 2725 1435 2760 consilium
1457 2724 1627 2760 salutare.

152 2770 211 2805 cui
236 2769 268 2805 si
289 2775 329 2805 tu
352 2782 478 2816 parere
504 2784 572 2807 non
595 2771 672 2817 vis,
704 2772 890 2818 experiere
922 2772 1047 2806 falsum
1082 2772 1188 2807 animi
1219 2778 1256 2806 te
1286 2772 1470 2807 admodum
1503 2771 1627 2813 fuisse,

151 2816 214 2852 ubi
236 2821 272 2851 te
293 2823 330 2852 et
353 2818 527 2853 nationem
551 2822 660 2853 totam
683 2818 720 2852 in
744 2829 909 2853 summum
931 2818 1120 2853 adduxeris
1141 2817 1347 2863 discrimen,
1371 2822 1407 2853 et
1426 2817 1471 2852 im
1499 2828 1540 2853 ar
1557 2822 1627 2851 tam

150 2862 308 2909 potentis
331 2862 470 2911 imperii
493 2865 627 2901 viribus
651 2864 884 2902 subsistentiis
907 2865 953 2901 de
975 2866 1082 2901 rebus
1103 2865 1176 2901 tuis
1198 2860 1470 2911 desperaveris?
1529 2864 1627 2898 Dan-
