1890 3236
325 210 422 257 308
798 208 1034 252 GEORGII
1063 209 1305 254 GEDRENI

326 325 471 368 ἑαυτοῦ
498 319 677 364 ἀπώλεσε
708 319 952 378 στράτευμα.
977 314 980 317 ’
1016 320 1202 377 Ἰωάννης
1233 323 1280 365 δέ
1302 315 1361 373 τις
1383 321 1631 381 ἀστρονόμος
1649 338 1778 383 προσ-

327 392 459 436 ελθών
477 394 532 447 τῷ
548 393 711 444 βασιλεῖ
726 389 874 447 ἔφησεν
894 388 948 439 ὥς
966 391 1001 432 εῒ
1018 391 1185 445 πέμψας
1203 390 1402 446 ἀποκόψει
1419 391 1492 446 τὴν
1510 392 1689 450 κεφαλὴν
1705 397 1778 450 τῆς

326 459 539 513 ἱσταμένης
568 456 726 499 ἄνωθεν
753 462 826 512 τῆς
853 459 894 499 ἔν
922 462 979 515 τῷ
1000 455 1235 517 Ξηρολόφῳ
1265 458 1417 514 ἁψῖδος
1449 461 1516 502 καὶ
1538 460 1640 518 πρὸξ
1661 459 1777 505 δαΐων

323 524 550 583 βλεπούσης
569 523 741 580 στήλης,
775 526 1038 569 ἀποθανεῖται
1059 525 1081 570 ὃ
1099 526 1268 581 Συμεών
1285 528 1534 585 παραυτίκα·
1567 527 1777 588 αὖτῷᾒὰρ

325 597 630 649 ἓστοιχειῶσθαι
646 593 719 649 τὴν
740 591 929 650 τοιαύτην
949 593 1111 650 στήλην.
1182 594 1203 637 ὃ
1235 596 1279 637 δὲ
1309 603 1392 646 τοῖς
1419 597 1567 639 ἐκείνου
1597 594 1811 651 πιθῆσᾶςό

326 663 459 720 λόγοις
474 662 643 717 ἀπέτεμε
661 662 734 717 τὴν
750 663 931 719 κεφαλὴν
950 667 1023 718 τῆς
1043 663 1215 719 στήλης·
1241 665 1309 706 καὶ
1327 664 1431 721 αὐτῇ
1447 668 1497 721 τῇ
1518 662 1620 724 ὥρᾳ,
1637 664 1784 716 καθώς

326 729 655 789 ἇκριβωσάμενος
677 729 776 786 ἔγνω
793 728 814 772 ὃ
831 731 1035 784 βασιλεύς,
1071 730 1092 774 ὃ
1111 732 1280 786 Συμεὼν
1299 734 1339 775 ἓν
1355 733 1592 794 Βουλγαρία
1609 733 1779 789 τέθνηκε

324 799 431 861 νόσῳ
451 799 707 857 κατακαρδίῳ
727 797 863 849 ἁλούς.
1656 817 1658 820 ·

274 877 306 912 C
467 862 530 910 Οἶ·
552 866 861 922 τελευτήσαντος
886 868 959 923 τὴν
980 872 1060 911 τῶν
1079 866 1328 925 Βουλγάρων
1349 867 1479 925 ἀρχὴν
1494 868 1655 927 Πέτρος
1680 885 1780 911 κατ-

328 934 473 991 ε’σχενὸ
495 937 537 978 ἐκ
556 939 629 990 τῆς
649 935 837 993 δευτέρας
856 936 980 979 αὐτοῦ
999 937 1186 993 γυναικὸς
1203 941 1277 992 τῆς
1294 937 1476 994 ἀδελφῆς
1488 938 1528 978 Γ
1525 937 1688 994 εωργίου
1705 941 1778 982 τοῦ
1791 943 1835 980 10

327 1002 679 1061 Σουσουρβούλου,
721 1003 766 1047 ὃν
794 1007 862 1047 καὶ
890 1006 1101 1062 ἐπίτροπον
1129 1012 1212 1056 τοῖς
1240 1004 1384 1049 ἑαυτοῦ
1407 1006 1543 1048 παισὶν
1569 1003 1781 1061 ὃΣυμεῶν

327 1073 544 1128 κατέστησε
557 1086 569 1098 ·
603 1072 778 1128 Μιχαὴλ
799 1072 877 1130 γὰρ
900 1073 969 1116 τὸν
986 1074 1029 1116 ἐκ
1054 1077 1127 1128 τῆς
1146 1074 1342 1131 προτέρας
1359 1073 1634 1129 ἁποτεχθέντα
1654 1074 1781 1116 παῖδα
1808 1112 1813 1113 ⁷

328 1142 441 1200 αὐτῷ
461 1140 517 1184 ἔτι
542 1143 618 1193 ζῶν
638 1139 660 1184 ὅ
682 1141 853 1195 Συμεὼν
883 1140 1062 1199 ἀπέκειρε
1082 1140 1273 1196 μοναχόν.
1339 1141 1390 1184 τὰ
1414 1146 1510 1198 γοῧν
1527 1141 1641 1199 πέριξ
1661 1140 1780 1198 ἔθνη,

330 1215 511 1266 Τοῦρκοι
532 1210 680 1267 Σέρβοι
702 1212 752 1250 Χ
750 1207 926 1268 ρωβάτοι
950 1212 1017 1253 καὶ
1049 1210 1087 1252 οἳ
1119 1211 1271 1262 λοιποί,
1305 1210 1379 1266 τὴν
1400 1214 1474 1253 τοῦ
1490 1209 1658 1264 Συμεὼν
1679 1210 1778 1253 ἂνα-

327 1277 532 1334 μαθόντες
567 1277 753 1333 τελευτὴν
791 1277 1064 1335 ἐκστρατεύειν
1096 1279 1200 1322 κατὰ
1229 1276 1478 1335 Βουλγάρων
1508 1275 1781 1332 ἐβουλεύοντο.
1793 1284 1834 1320 15

329 1347 494 1401 κατέσχε
510 1346 554 1388 δὲ
570 1348 638 1388 καὶ
659 1346 776 1401 λιμὸς
793 1347 918 1403 μέγας
938 1347 1012 1391 σὺν
1032 1347 1165 1404 ἀκρίδι
1180 1347 1225 1390 τὸ
1247 1345 1494 1403 Βουλγάρων
1513 1345 1649 1398 ἔθνος,
1665 1348 1782 1401 lexv-

330 1420 412 1474 ρῶς
431 1414 619 1467 ἔκπιὲζων
637 1417 704 1456 καὶ
722 1417 1018 1458 καταδαπανῶν
1038 1416 1089 1458 τὰ
1107 1414 1247 1470 πλήθη
1266 1417 1332 1458 καὶ
1354 1415 1448 1465 τοὺς
1463 1412 1657 1472 καρπούς.
1692 1415 1782 1458 ’ἔδε-

329 1484 514 1527 δοίκεσαν
535 1483 609 1537 μὲν
628 1477 699 1526 οὖν
721 1483 760 1525 οἷ
782 1483 1012 1542 Βούλγαροι
1033 1485 1099 1526 καὶ
1120 1484 1192 1539 τὴν
1211 1489 1290 1527 τῶν
1313 1483 1447 1526 ἄλλων
1467 1482 1617 1541 ἔφοδον
1633 1483 1780 1534 ἐθνῶν,

277 1561 309 1596 D
333 1553 534 1595 ἐδεδίεσαν
551 1552 595 1593 δὲ
617 1551 735 1594 πλέον
753 1552 827 1606 τὴν
851 1556 930 1595 τῶν
955 1551 1162 1607 Ῥωμαίων
1181 1553 1395 1595 ἕπε’λευσιν.
1459 1548 1783 1607 βουλευσάμενος

329 1615 402 1663 οὖν
424 1618 445 1662 ὅ
466 1620 626 1676 Πέτρος
643 1620 746 1674 μετὰ
765 1623 845 1662 τῶν
863 1609 953 1678 περὶ
975 1621 1098 1664 αὐτὸν
1121 1621 1219 1677 ἔγνω
1241 1623 1322 1663 δεῖν
1346 1620 1650 1678 ἐπιστρατεῦσαι
1673 1618 1836 1662 ‘Bw-20

327 1690 463 1742 μαιόις
484 1688 546 1729 ἐπὶ
566 1687 823 1742 καταπλήξει.
890 1688 1246 1743 καταλαμβάνουσι
1263 1689 1397 1731 τοίνυν
1413 1688 1487 1743 τὴν
1506 1688 1782 1731 Μακεδονίαν.

331 1755 415 1799 εἶτα
434 1754 638 1811 μαθόντες
658 1754 713 1806 ὥς
731 1755 852 1808 ἔξεισι
874 1758 966 1800 κατ’
993 1758 1125 1800 αὐτῶν
1147 1756 1167 1800 ὃ
1186 1755 1393 1811 βασιλεύς,
1421 1757 1622 1811 πέμπουσι
1643 1754 1783 1815 λάθρᾳ

330 1825 420 1868 τινὰ
438 1825 618 1879 μοναχὸν
638 1825 799 1883 Πέτρος
819 1842 860 1868 τε
888 1824 909 1868 ὃ
941 1824 1076 1883 ἄρχων
1096 1827 1351 1883 Βουλγαριάς
1381 1827 1448 1868 καὶ
1478 1823 1499 1867 ὅ
1525 1829 1605 1867 τῶν
1628 1826 1784 1867 παίδων

419 1942 444 1977 4
465 1941 599 1986 στήλης
621 1953 676 1977 om
700 1942 730 1977 C
890 1943 933 1979 11
959 1941 1235 1990 σουρσουβοῦλη
1259 1943 1290 1978 C
1429 1945 1474 1980 12
1495 1940 1729 1987 ἐγκατέστησε
1752 1941 1783 1976 C

421 1988 466 2024 21
487 1989 614 2025 καταλ.
628 2009 674 2014 -
688 1988 929 2023 Μακεδονίαν
949 2001 1004 2024 om
1026 1991 1055 2024 C

330 2088 447 2125 amisit
469 2089 672 2125 exercitum.
718 2089 866 2125 Ioannes
896 2095 1010 2125 autem
1042 2091 1182 2135 quidam
1213 2093 1430 2125 astronomus
1450 2089 1641 2125 Romanum
1664 2100 1784 2126 acces-

331 2135 402 2180 sit,
437 2146 583 2180 eumque
614 2135 745 2170 monuit
775 2137 827 2170 uti
858 2137 972 2171 mittat
1003 2136 1149 2181 aliquem
1180 2136 1241 2180 qni
1274 2140 1428 2182 amputet
1457 2142 1563 2182 caput
1594 2135 1785 2179 columnae,

330 2192 422 2226 quae
444 2192 550 2226 supra
573 2181 766 2227 Xerolophi
788 2182 955 2217 fornicem
978 2183 1094 2228 posita
1117 2183 1343 2217 Occidentem
1369 2181 1599 2227 respiciebat:
1621 2181 1672 2216 ita
1695 2181 1787 2217 enim

331 2227 546 2271 Simeonem,
579 2227 634 2262 cui
670 2227 729 2262 illa
758 2228 875 2263 fatalis
906 2234 999 2271 erat,
1035 2228 1149 2263 statim
1184 2229 1387 2274 periturum.
1434 2233 1618 2263 exsecutus
1643 2227 1710 2262 hoc
1732 2231 1788 2262 est

330 2272 538 2318 imperator3
563 2278 600 2308 et
620 2284 687 2318 qua
708 2273 794 2308 hora
816 2279 952 2308 statuae
973 2274 1040 2309 fuit
1060 2274 1249 2309 abscissum
1273 2279 1400 2319 caput,
1428 2285 1471 2308 ea
1492 2273 1590 2320 ipsa,
1615 2274 1708 2318 quod
1730 2273 1786 2307 di-

329 2318 455 2362 ligenti
483 2319 708 2363 inquisitione
739 2320 914 2355 Romanus
944 2325 1069 2366 postea
1101 2319 1351 2366 deprehendit,
1385 2318 1528 2355 Simeon
1555 2319 1594 2354 in
1622 2318 1789 2365 Balgatia

331 2364 447 2399 cordis
471 2366 589 2399 morbo
611 2365 758 2400 interiit.

420 2410 537 2444 Morte
573 2410 646 2446 eius
677 2410 865 2456 Bulgariae
895 2411 1081 2446 dominium
1116 2412 1159 2445 ud
1183 2411 1324 2446 Petrum
1347 2410 1472 2455 rediit,
1510 2409 1618 2446 filium
1642 2409 1718 2445 eins
1742 2420 1786 2444 ex

333 2456 486 2490 secunda
508 2467 638 2501 uxore,
665 2469 786 2493 sorore
809 2457 956 2502 Georgii
979 2455 1182 2502 Susurbuli‚
1214 2468 1315 2502 quem
1339 2460 1375 2492 et
1398 2461 1548 2492 tutorem
1571 2455 1644 2490 suis
1664 2455 1786 2490 liberis

333 2500 475 2535 Simeon
507 2502 701 2538 constituit.
747 2514 824 2538 nam
846 2503 1053 2538 Michaelum
1076 2504 1166 2537 idem
1191 2515 1235 2537 ex
1257 2503 1375 2548 priore
1397 2501 1467 2542 sibi
1490 2506 1604 2537 natum
1627 2501 1787 2546 coniuge,

331 2546 506 2581 viventem
535 2547 646 2582 adhuc
669 2549 868 2583 monachum
892 2549 1039 2584 fecerat.
1086 2549 1223 2584 vicinae
1245 2548 1353 2593 igitur
1372 2552 1517 2593 gentes,
1548 2546 1659 2582 Turci
1681 2546 1787 2581 Servi

335 2591 534 2627 Chrobatae
558 2599 662 2638 atque
685 2595 768 2639 alii,
800 2594 917 2629 audita
942 2594 1114 2629 Simeonis
1135 2600 1245 2629 morte
1266 2594 1436 2639 Bulgaros
1456 2593 1546 2628 bello
1569 2597 1690 2639 petere
1713 2597 1787 2627 sta-

334 2638 492 2671 tuebant.
538 2640 600 2673 sed
625 2645 661 2674 et
685 2641 775 2675 same
797 2641 954 2686 graviter
976 2642 1220 2686 premebantur
1242 2639 1407 2684 Bulgari‚
1431 2644 1468 2673 et
1490 2639 1644 2674 locustae
1668 2639 1788 2684 fruges

334 2693 451 2716 eorum
476 2684 778 2728 depopulabantur
800 2690 905 2731 atque
930 2687 1167 2722 absumebant.
1214 2685 1334 2730 itaque
1355 2684 1516 2729 Bulgaris
1545 2694 1618 2719 cum
1644 2684 1786 2718 aliarum

333 2728 489 2771 gentium
523 2734 596 2763 tum
627 2731 859 2767 Romanorum
893 2733 1078 2777 praecipue
1113 2733 1148 2766 in
1179 2743 1219 2766 se
1250 2731 1508 2776 expeditionem
1540 2729 1784 2774 metuentibus,

333 2773 460 2807 Petrus
486 2785 525 2808 re
549 2786 624 2809 cum
644 2778 716 2811 suis
741 2778 931 2812 deliberata
953 2779 988 2812 in
1007 2779 1181 2813 Romanos
1204 2776 1329 2811 bellum
1351 2776 1517 2820 suscipit,
1541 2781 1580 2810 ut
1602 2776 1646 2810 iis
1669 2781 1784 2810 terro-

333 2829 405 2853 rem
428 2819 612 2855 incuteret.
659 2834 803 2868 cumque
825 2824 862 2858 in
879 2823 1119 2859 Macedoniam
1143 2821 1379 2868 pervenisset,
1405 2822 1522 2856 audito
1544 2821 1587 2856 im
1616 2827 1785 2856 eratorem

332 2863 521 2899 Romanum
545 2871 665 2903 contra
688 2880 727 2903 se
750 2880 826 2904 cum
847 2870 1003 2905 exercitu
1027 2869 1214 2916 proficisci,
1240 2868 1319 2915 ipse
1342 2873 1378 2903 et
1397 2867 1572 2913 Georgius
1608 2867 1783 2903 iberorum
