1890 3236
308 177 406 225 356
631 225 633 227 ,
780 172 1018 220 GEORGII
1049 174 1294 219 GEDRENI

309 289 451 334 δέοντα
481 281 769 342 συμβουλεύειν
794 285 864 329 τὸν
889 286 1119 344 πατρίκιον,
1153 286 1313 338 ἐδέξατο
1338 285 1412 342 τὴν
1434 287 1666 346 παραίνεσιν
1691 290 1760 332 καὶ

259 366 290 401 C
313 358 519 402 ἐσπείσατο
527 386 541 407 ,
574 351 827 408 νουθετήσας
845 356 912 398 καὶ
929 355 1024 406 τοὺς
1040 354 1238 413 ἄρχοντας
1251 358 1333 398 τῶν
1351 354 1610 403 ἀποστάντων
1622 355 1761 416 θεμά-

307 442 388 470 των
406 429 456 481 τῇ
477 422 652 482 προτέρᾳ
671 424 945 480 προσδραμεῖν
965 423 1071 481 ἀρχῇ
1091 425 1158 466 καὶ
1179 423 1249 466 τὸν
1270 428 1387 481 σφῶν
1409 425 1760 482 ἐπιγνῶναιβασι-

306 493 402 544 λεά,
436 485 493 533 ὧν
519 490 765 533 πεισθέντων
792 489 927 547 εῗρήνη
954 496 1110 546 βαθεῖα
1140 489 1261 535 πάλιν
1290 498 1444 547 κατεῖχε
1471 491 1525 536 τὰ
1546 493 1588 536 ἔν
1609 491 1760 555 Ἰταλίᾳ

308 562 376 605 καὶ
398 558 688 618 Λογγιβαρδία
710 556 942 616 πράγματα.
1588 600 1610 606 ,,
1639 604 1641 609 2
1681 593 1706 609 x·
1769 565 1792 602 5

434 625 484 669 ‘0
514 627 559 668 δὲ
587 631 667 669 τῶν
695 625 942 685 Βουλγάρων
970 625 1143 684 ἀρχηγὸς
1171 626 1342 683 Συμεὼν
1370 627 1503 670 πολλὰ
1534 626 1637 671 κατὰ
1659 624 1779 681 Ἕωψ,

303 695 435 751 μαίων
465 692 618 749 στήσας
647 692 823 751 τρόπαια
852 697 919 738 καὶ
953 698 1298 754 φρονηματισθεὶς
1326 696 1390 738 ἐπὶ
1418 693 1575 746 τούτοις
1596 695 1760 754 naith*

303 763 511 818 Ῥωμαίων
540 760 790 819 ὠνειροπόλει
817 765 1039 818 βασιλείαν.
1105 763 1362 822 τοίνυν,πρὸς
1388 765 1576 807 Φατλοῦν
1594 762 1664 806 τὸν
1686 764 1762 809 δυ·-

306 830 458 886 νάστην
488 835 568 874 τῶν
592 830 753 888 Ἄφρων
783 832 994 887 ἐκπέμψας
1021 832 1281 889 προετρέπετο
1305 830 1449 875 στόλον
1469 831 1572 875 κατὰ
1591 835 1664 887 τῆς
1679 835 1761 886 βα-

308 901 462 950 σιλίδος
495 898 706 955 ἀναγαγεῖν
715 931 729 952 ,
758 898 983 955 ὑπισχνεῖτο
1013 901 1057 943 δὲ
1085 902 1153 943 καὶ
1186 900 1307 951 αὐτὸς
1338 899 1406 942 διὰ
1434 898 1600 960 Θρᾴκης
1626 900 1759 943 ἐλθεῖν
1771 905 1816 943 10

306 968 433 1011 πολὺν
456 969 521 1010 καὶ
540 967 673 1025 βαρὺν
695 968 868 1026 στρατὸν
888 966 1129 1024 ἐπαγόμενος
1141 1000 1154 1020 ,
1187 970 1253 1011 καὶ
1275 968 1493 1024 γενομένων
1513 967 1593 1026 ὕφ’
1615 965 1660 1010 ’έν
1680 971 1761 1010 τῶν

256 1044 288 1078 D
312 1034 622 1093 στρατευμάτων
648 1034 716 1078 διά
742 1054 784 1080 τε
809 1042 881 1092 γῆς
903 1039 971 1079 καὶ
996 1035 1212 1092 θαλάσσης
1228 1037 1534 1094 ἐκπολιορκῆσαι
1549 1035 1622 1091 τὴν
1637 1039 1760 1089 βασι-

307 1103 525 1156 λεύουσαν,
560 1105 627 1146 καὶ
657 1104 727 1147 τὸν
755 1103 905 1160 ταύτης
931 1109 1103 1147 πλοῦτον
1131 1105 1417 1160 διανείμασθαι
1444 1104 1510 1147 ἐπ’
1543 1104 1658 1160 ἴσης,
1692 1105 1761 1147 καὶ

308 1173 432 1216 αὐτὸν
457 1173 530 1227 μὲν
552 1172 616 1214 ἐπ’
645 1172 756 1216 οἴκου
781 1172 1051 1227 ὕπονοστῆσαι
1063 1205 1076 1225 ,
1110 1177 1252 1216 τοῦτον
1282 1174 1327 1217 δὲ
1352 1177 1403 1230 τῇ
1429 1173 1760 1216 Κωνσταντινου-

307 1238 421 1284 πόλει
449 1245 691 1284 καταλιπεῖν.
759 1240 909 1284 ἔλαθον
931 1236 1002 1284 οὖν
1029 1242 1068 1284 οἳ
1092 1239 1324 1299 Βούλγαροι
1350 1240 1453 1298 πρὸς
1474 1240 1547 1296 τὴν
1565 1240 1759 1299 Ἀφρικὴν
1771 1247 1814 1284 15

307 1307 628 1359 ἀποπλεύσαντες
635 1341 648 1362 ,
695 1311 763 1352 καὶ
802 1309 994 1361 δόξαντος
1030 1314 1103 1352 τοῦ
1139 1310 1309 1365 Συμεὼν
1337 1309 1522 1366 ὠφέλιμα
1553 1315 1761 1367 παραινεῖν

307 1376 502 1435 εἰλήφασί
527 1394 640 1427 τινας
666 1379 928 1436 Σαρακηνοὺς
957 1379 1189 1434 ἐλλογίμους
1221 1376 1323 1421 ὥστε
1355 1379 1585 1431 ε’μπεδῶσαι
1611 1377 1664 1420 τὰ
1693 1379 1760 1420 δε-

307 1446 495 1502 δογμένα.
564 1446 606 1487 ἐν
628 1451 685 1504 τῷ
702 1444 965 1504 ὑποστρέφειν
984 1447 1028 1489 δὲ
1046 1447 1322 1504 περιπίπτουσι
1340 1453 1423 1496 τοῖς
1441 1447 1677 1504 Καλαβροῖς
1693 1446 1764 1489 καὶ

306 1514 410 1572 πρὸς
447 1513 493 1556 τὸ
531 1513 753 1565 Βυζάντιον
791 1516 1089 1569 ἄναπέμπονται
1119 1515 1222 1569 μετὰ
1254 1518 1334 1558 τῶν
1363 1517 1623 1572 Σαρακηνῶν.
1691 1512 1762 1563 οὓς

306 1582 405 1624 ἰδὼν
433 1580 454 1625 ὅ
481 1582 670 1635 βασιλεὺς
698 1581 926 1638 (Ῥωμανὸς
946 1584 988 1626 δὲ
1005 1578 1055 1639 ἦν
1074 1582 1095 1626 ὃ
1114 1583 1264 1640 γέρων)
1295 1584 1362 1625 καὶ
1381 1583 1454 1637 τὴν
1476 1582 1815 1639 κοινοπραγίανῦο

304 1650 456 1704 μαθὼν
485 1650 684 1707 ἀκριβῶς,
718 1653 786 1693 καὶ
808 1650 862 1702 ὥς
884 1655 918 1694 εἷ
940 1657 1057 1695 τοῦτο
1076 1652 1234 1707 γένηται
1253 1649 1505 1706 κατανοήσας
1527 1650 1575 1693 οὗ
1596 1656 1761 1707 μικραῖς

307 1719 515 1776 φροντίσιν
534 1716 811 1772 ὕποπεσεῖται,
844 1722 926 1762 δεῖν
954 1719 1073 1778 ᾠήθη
1100 1717 1437 1778 μεγαλοφροσύνῃ
1465 1720 1532 1762 καὶ
1560 1718 1762 1778 εὐεργεσία

164 1795 194 1829 Ρ
215 1794 283 1831 652
305 1786 400 1838 τοὺς
419 1788 682 1844 Σαρακηνοὺς
700 1787 952 1843 ἀναχαιτίσαι
969 1794 1041 1844 τῆς
1056 1787 1263 1846 παρσῦσης
1281 1786 1422 1846 ὁρμῆς.
1488 1786 1583 1838 τοὺς
1598 1787 1672 1843 μέν
1689 1779 1760 1829 οὖν

398 1929 442 1964 11
465 1925 585 1963 πολὺν
607 1926 670 1962 καὶ
693 1938 747 1962 om
771 1927 802 1963 C
941 1929 984 1964 19
1007 1925 1290 1974 ἄποπὲμπονται
1315 1927 1347 1962 C

304 2051 454 2098 dulphus
486 2050 684 2097 intelligens
717 2052 876 2088 cosmam
908 2057 1006 2089 recte
1035 2065 1195 2098 monere,
1227 2052 1356 2098 accipit
1379 2051 1557 2087 consilium
1582 2054 1618 2086 et
1636 2050 1761 2085 foedus

304 2098 387 2133 icit:
422 2098 581 2132 hortatur
602 2098 706 2133 etiam
729 2099 905 2145 principes
926 2101 1136 2146 reliquarum
1157 2111 1247 2145 quae
1268 2100 1469 2134 defecerant
1490 2097 1761 2144 provinciarum,

305 2150 346 2178 ut
388 2144 431 2178 ad
470 2143 622 2189 priorem
655 2145 800 2180 redeant
832 2151 959 2180 statum
988 2157 1155 2190 suumque
1184 2145 1427 2191 imperatorem
1459 2147 1661 2189 agnoscant.
1706 2141 1762 2176 his

307 2189 395 2224 actis
418 2200 537 2224 rursus
560 2190 597 2224 in
621 2190 723 2225 Italia
749 2203 789 2224 ac
811 2191 1046 2237 Longibardia
1069 2192 1140 2226 alta
1162 2203 1231 2237 pax
1255 2196 1344 2226 erat.

398 2235 542 2269 Interim
575 2235 717 2271 Simeon
750 2237 978 2282 Bulgarorum
1011 2238 1175 2283 princeps
1207 2236 1320 2271 animo
1354 2236 1464 2271 elatus
1496 2234 1542 2270 ob
1570 2233 1695 2269 multas
1717 2230 1762 2267 de

305 2280 472 2315 Romanis
508 2287 704 2326 reportatas
739 2282 906 2319 victorias
941 2283 1120 2327 imperium
1155 2294 1293 2328 quoque
1324 2282 1515 2317 Romanum
1547 2280 1660 2315 animo
1693 2278 1762 2313 iam

306 2327 513 2372 occupabat.
561 2327 668 2362 mittit
703 2327 811 2372 igitur
847 2330 982 2374 legatos
1023 2330 1067 2364 ad
1109 2329 1323 2364 Phatlumum
1361 2328 1522 2364 Afrorum
1558 2326 1763 2372 principem,

306 2371 534 2417 hortaturque
568 2378 608 2407 ut
642 2373 783 2409 classem
821 2374 864 2409 ad
893 2375 1020 2422 Cpolin
1053 2375 1214 2410 adducat.
1261 2386 1300 2409 se
1332 2375 1452 2408 eodem
1480 2383 1548 2426 per
1577 2370 1763 2406 Thraciam

307 2429 383 2451 cum
406 2418 523 2452 valido
547 2430 588 2452 ac
610 2419 750 2467 copioso
773 2421 928 2456 exercitu
947 2432 1181 2456 accessurum:
1207 2419 1400 2455 coniunctis
1422 2419 1557 2452 viribus
1582 2429 1620 2452 se
1643 2417 1763 2450 urbem

305 2467 402 2497 terra
424 2464 579 2509 marique
601 2470 875 2511 expugnaturos,
906 2471 942 2501 et
963 2466 1104 2502 divitias
1129 2466 1203 2501 eius
1226 2466 1347 2510 aequis
1368 2463 1586 2510 portionibus
1609 2463 1701 2496 inter
1723 2473 1764 2496 se

305 2507 498 2553 divisuros,
527 2515 564 2544 et
587 2510 773 2547 Saracenis
799 2512 934 2547 domum
954 2513 1108 2548 reversis
1131 2524 1171 2546 se
1193 2512 1320 2557 Cpolin
1345 2515 1572 2545 retenturum.
1619 2507 1763 2552 Bulgari

305 2553 402 2587 missi
426 2554 511 2589 clam
533 2556 570 2590 in
593 2556 748 2592 Africam
770 2558 956 2604 navigant3
986 2563 1023 2594 et
1049 2557 1235 2601 Saraceni,
1260 2569 1336 2592 cum
1353 2556 1548 2591 iudicarent
1565 2553 1763 2588 Simeonem

303 2598 439 2633 utiliter
460 2602 655 2646 consulere,
680 2605 847 2648 quosdam
869 2615 1007 2639 suorum
1028 2603 1212 2650 primarios
1232 2603 1327 2638 viros
1343 2602 1482 2635 mittunt
1498 2611 1572 2634 cum
1589 2597 1763 2644 Bulgaris,

305 2643 368 2687 qui
400 2650 537 2690 pactum
571 2649 786 2684 confirment.
834 2662 876 2685 ea
898 2650 1025 2695 legatio
1047 2650 1085 2684 in
1106 2649 1223 2684 reditu
1245 2660 1267 2683 a
1290 2647 1447 2682 Calabris
1469 2646 1688 2690 intercepta,
1726 2651 1764 2680 et

303 2688 448 2743 Bulgari
479 2691 715 2740 Saracenique
742 2695 770 2729 ii
804 2696 848 2730 ab
874 2696 927 2730 his
951 2695 1078 2742 Cpolin
1100 2695 1144 2730 ad
1168 2694 1409 2740 imperatorem
1431 2693 1622 2726 Romanum
1644 2701 1763 2725 senem

303 2745 415 2788 mlssi.
462 2736 523 2780 qui
545 2749 620 2772 cum
644 2740 822 2776 consilium
844 2741 927 2776 illud
947 2742 1095 2777 hostium
1114 2742 1158 2775 de
1176 2740 1344 2774 societate
1360 2738 1514 2773 coeunda
1531 2736 1762 2782 percepisset,

303 2790 346 2814 ac
369 2780 598 2827 intelligeret,
633 2785 665 2818 si
685 2786 722 2820 id
745 2788 969 2832 succederet,
1002 2798 1161 2832 magnum
1193 2787 1298 2821 rebus
1321 2784 1392 2819 suis
1417 2783 1596 2818 imminere
1617 2781 1761 2827 pericu-

303 2824 394 2872 lum,
423 2827 634 2865 existimavit
661 2831 729 2866 sibi
758 2832 954 2869 Saracenos
978 2831 1235 2880 magnificentia
1258 2835 1294 2867 et
1315 2829 1496 2867 beneficiis
1518 2830 1564 2864 ab
1589 2839 1631 2864 eo
1654 2826 1760 2862 insti-
