1890 3236
303 192 367 240 78
773 188 1009 236 GEORGII
1040 190 1282 236 GEDRENI

303 305 470 367 φανείας
501 302 625 347 αὖτοῦ
634 334 649 355 ,
683 304 748 345 καὶ
767 307 824 360 τῷ
844 301 992 359 πλήθει
1010 307 1090 347 τῶν
1111 302 1311 359 ἑπομένων
1333 302 1747 362 δυνάμεωνέκηλῆξαί

302 393 344 418 τε
365 377 429 417 καὶ
449 373 548 429 πρὸς
568 370 725 427 εῖρῆνην
752 371 900 422 αὐτοὺς
926 373 1235 416 ἐκκαλέσασθαι.
1303 372 1325 416 ὃ
1355 376 1420 416 καὶ
1447 374 1616 430 συνέβη·
1651 373 1747 431 ἄρτι

300 444 378 499 γὰρ
404 448 485 490 τοῖς
508 438 756 495 Σαρακηνοΐς
777 439 852 495 τὴν
871 441 923 483 ἕω
945 442 1190 496 λη’ίζομὲνοις
1215 443 1412 499 αἶφνίδιος
1440 444 1644 500 ἐπιφανεὶς
1661 443 1745 495 33(-

301 513 444 564 πληξε,
473 510 539 550 καὶ
570 509 623 558 εἷς
651 506 792 563 λόγους
815 508 948 552 ἐλθών
974 510 1202 560 ἐσπείσατο,
1234 507 1504 565 ὑποσχόμενος
1525 513 1746 568 προδοῦναι

303 576 459 632 τούτοις
486 576 538 618 τὰ
560 573 766 630 Ῥωμαίων
791 576 907 634 ὅρια,
940 579 1006 620 καὶ
1034 578 1106 633 τὴν
1127 579 1258 633 αρτὦν
1277 579 1414 629 αὐτοῖς
1428 576 1654 635 ὗποχείριον
1668 579 1777 627 &bs

303 650 404 688 σθαι
427 642 566 702 ἀρχήν.
634 645 876 700 ἀπαλλαγεὶς
894 646 938 688 δὲ
957 651 1030 689 τοῦ
1051 647 1129 689 ἀπὸ
1150 646 1301 690 τούτων
1326 648 1441 697 δέους
1459 647 1629 700 βασιλέα
1649 645 1747 690 ἔαυ-
1776 691 1779 694 ⁴

251 720 280 754 B
303 713 371 756 τὸν
391 714 520 755 ἀνεῖπε
542 715 607 755 καὶ
629 711 808 768 διάδημα
826 718 874 770 τῇ
894 719 1049 771 κεφαλῇ’
1070 716 1298 772 περιέθετο,
1328 717 1395 758 καὶ
1420 714 1676 773 αὐτοκράτωρ
1703 717 1746 759 ἓν

295 783 511 840 Ἀντιοχείᾳ
532 780 810 837 ἀναγορεύεται
829 782 940 840 παρὰ
958 787 1031 825 τοῦ
1050 789 1264 838 τηνικαῦτα
1283 783 1354 838 τὴν
1375 785 1495 826 ἐκεῖσε
1512 785 1746 838 ποιμαίνον-

301 867 370 900 τος
389 851 599 904 ἐκκλησίαν
613 848 718 903 Ἰώβ.
781 857 899 907 χεῖρα
919 851 963 893 δὲ
982 852 1132 907 πολλὴν
1150 851 1270 902 αὐτός
1290 869 1330 894 τε
1350 852 1526 908 συλλέγει
1546 853 1614 894 καὶ
1633 845 1745 908 παραὶ

302 923 382 962 τῶν
406 918 633 974 ,Ἀγαρηνῶν
662 916 877 972 λαμβάνει,
912 919 958 962 οὗ
979 919 1102 974 μόνον
1125 921 1167 962 δὲ
1187 925 1266 963 τῶν
1285 922 1507 977 προσοίκων
1524 917 1619 974 ἡμῖν
1641 922 1746 963 ἀλλὰ
1757 929 1801 965 10

303 989 370 1030 καὶ
389 992 467 1030 τῶν
482 988 524 1029 ἐκ
542 991 613 1040 τῆς
630 987 799 1043 περαίας
817 989 1048 1042 Αἰγυπτίων
1066 989 1200 1031 Ἰνδῶν
1221 991 1394 1046 Περσῶν
1416 989 1636 1046 Ἀσσυρίων
1652 988 1748 1045 Ἀρ-

302 1057 446 1110 μενίων
465 1055 686 1096 Χαλδαίων
700 1054 868 1110 Ἰβήρων
887 1059 1046 1110 Ζικχῶν
1066 1059 1132 1098 καὶ
1151 1055 1368 1113 Καβήρων.
1434 1055 1591 1107 τούτοις
1621 1055 1747 1099 ἅπασι

302 1124 602 1179 κατοχυρωθεὶς
635 1124 702 1164 καὶ
732 1122 874 1166 ἑαυτὸν
892 1123 1149 1181 ,περιφράξας
1176 1124 1338 1181 ἄριστον
1363 1123 1542 1179 ἐνόμισεν
1561 1122 1658 1168 εἶναι
1678 1126 1748 1167 καὶ

301 1191 460 1246 βοηθὸν
485 1192 552 1233 καὶ
580 1190 768 1248 συνεργὸν
794 1195 868 1247 τῆς
884 1183 1022 1248 κἀρχῆς
1051 1194 1380 1250 προσλαβέσθαι,
1425 1192 1498 1248 τήν
1530 1210 1572 1236 τε
1600 1191 1747 1236 ἑαυτοῦ

235 1277 239 1285 ”
303 1264 441 1314 κλῆσιν
474 1257 732 1310 ἀλλάξασθαι
764 1262 830 1302 καὶ
860 1260 948 1303 υἱὸν
980 1259 1304 1316 εἷσποιήσασθαι.
1371 1263 1522 1304 ἐκεῖθεν
1552 1259 1748 1317 ὁρμηθεὶς
1757 1268 1800 1306 15

305 1327 465 1370 ἅπασαν
502 1325 623 1384 ἐδῄου
661 1330 727 1369 καὶ
767 1327 931 1384 ἐπόρθει
960 1329 1034 1384 τὴν
1060 1328 1269 1385 ἀνατολήν.
1337 1328 1364 1371 ἃ
1394 1329 1444 1385 δὴ
1474 1328 1497 1376 ,ὅ
1523 1327 1748 1383 βασιλεύων

252 1400 282 1435 C
306 1395 487 1451 ἀκηκοώς
511 1397 577 1437 καὶ
607 1395 728 1446 αὐτὸς
748 1396 848 1453 πρὸς
868 1396 1177 1454 ἀντιπαράταξιν
1198 1398 1462 1454 ηὖτρεπίσθη.
1528 1399 1595 1440 καὶ
1623 1413 1749 1454 στρα-

301 1464 390 1523 τιὰν
409 1466 475 1506 καὶ
497 1463 720 1520 στρατηγὸν
739 1465 811 1507 οὔκ
830 1463 1050 1520 ἀξιόμαχον
1070 1466 1171 1523 πρὸς
1187 1466 1308 1508 αὐτὸν
1326 1466 1580 1517 ἀποστέλλει,
1617 1459 1646 1522 ᾗ
1671 1466 1748 1507 τινὶ
1789 1472 1792 1477 “

302 1533 514 1589 συρραγεὶς
544 1530 564 1574 ὃ
600 1532 753 1587 Θωμᾶς
781 1532 908 1590 ἄρδην
934 1532 1104 1590 ἠφάνισε
1113 1566 1126 1586 ,
1170 1535 1293 1591 μέρος
1330 1535 1402 1589 μὲν
1443 1538 1515 1589 τῆς
1542 1531 1747 1588 δυνάμεως

303 1600 477 1652 ἀνελών,
512 1600 556 1642 τὸ
586 1601 624 1642 δ’
655 1600 753 1642 ἄλλο
780 1600 1031 1656 τρεψάμενος
1055 1604 1110 1653 εἷς
1139 1602 1282 1660 φυγήν.
1348 1604 1415 1645 καὶ
1443 1601 1582 1644 λοιπὸν
1611 1601 1802 1652 ἆδείαςξθ

302 1668 435 1723 τυχὼν
459 1670 652 1711 διετίθετο
681 1668 732 1711 τὰ
763 1670 867 1712 καθ’
903 1669 1044 1712 ἑαυτὸν
1075 1670 1377 1727 κραταιότερον,
1418 1675 1518 1721 ναῦς
1547 1668 1748 1726 ἕξαρτύων

301 1736 519 1792 πολεμικὰς
534 1739 600 1779 καὶ
617 1735 754 1794 ἑτέρας
772 1739 1019 1794 σιταγωγοῦς
1037 1741 1103 1782 καὶ
1122 1738 1388 1796 ἱππαγωγούς.
1453 1739 1600 1796 γίνεται
1620 1739 1664 1783 δὲ
1680 1740 1746 1781 καὶ

392 1867 417 1901 2
438 1863 656 1911 πανούργως
679 1864 819 1907 αὐτ-οὒς
841 1865 1117 1903 ἐπισπάσασθαι
1139 1868 1170 1903 C
1293 1869 1338 1906 10
1361 1865 1407 1913 δὴ
1431 1868 1462 1902 C
1583 1869 1628 1904 12
1650 1865 1746 1902 Χάλ-

392 1912 469 1947 ὃων
493 1912 522 1946 C
706 1913 826 1957 Ζεχῶν
856 1912 917 1947 καὶ
950 1914 1142 1959 Καβείρων
1172 1914 1203 1949 C
1382 1915 1426 1951 13
1448 1911 1694 1960 παραφράξας
1716 1914 1748 1948 C

392 1959 437 1994 21
462 1953 580 1994 αὐτὸν
603 1958 633 1992 C
767 1960 814 1995 22
838 1955 985 2003 ἑτέρους
1007 1960 1037 1995 C

304 2070 411 2107 tantis
433 2070 504 2106 suis
527 2071 637 2117 copiis
658 2072 934 2117 superveniendo
957 2075 1091 2107 terrere
1116 2072 1229 2117 adque
1251 2084 1368 2119 pacem
1387 2072 1654 2118 componendam
1671 2071 1749 2107 adi-

305 2129 390 2163 gere
413 2117 574 2152 intendit.
619 2124 723 2163 atque
754 2118 791 2153 id
820 2118 997 2152 consilium
1028 2119 1217 2153 successit:
1249 2119 1364 2153 subito
1387 2119 1478 2153 enim
1500 2117 1750 2164 superveniens

304 2163 474 2209 Agarenis
498 2163 675 2198 Orientem
698 2163 939 2210 populantibus
965 2175 1025 2198 eos
1046 2165 1193 2208 terruit,
1230 2164 1416 2209 habitoque
1437 2163 1606 2208 coiloquio
1628 2174 1750 2209 pacem

332 2209 460 2254 epigit,
494 2209 666 2254 pollicitus
699 2221 738 2244 se
770 2210 856 2244 fines
886 2210 1113 2244 Romanorum
1143 2209 1229 2256 ipsis
1257 2210 1469 2255 proditurum
1499 2209 1750 2255 imperiumque

303 2221 496 2289 Romanum
518 2255 605 2301 ipsis
626 2256 873 2290 subiecturum.
918 2255 1064 2300 proinde
1085 2261 1178 2291 metu
1197 2255 1430 2301 Agarenorum
1450 2255 1616 2290 liberatus
1636 2255 1749 2300 impe-

305 2301 433 2335 ratoris
456 2312 578 2335 nomen
601 2301 669 2336 sibi
691 2301 887 2346 arrogavit,
920 2301 1077 2336 diadema
1097 2313 1158 2336 suo
1182 2302 1289 2347 capiti
1310 2301 1489 2348 imposuit,
1524 2307 1647 2346 estque
1673 2302 1748 2335 An-

303 2346 463 2380 tiocheae
488 2347 531 2380 ab
557 2346 630 2381 eius
652 2347 817 2392 temporis
842 2351 981 2393 pastore
1004 2347 1172 2382 ecclesiae
1196 2348 1431 2382 Antiochenae
1452 2348 1539 2382 Iobo
1559 2346 1750 2392 imperator

304 2390 509 2426 declaratus.
556 2404 689 2427 manum
707 2404 810 2439 porro
835 2393 978 2428 militum
1001 2393 1149 2427 validam
1173 2405 1247 2428 cum
1270 2393 1346 2439 ipse
1369 2393 1484 2438 coegit
1502 2397 1573 2427 tum
1591 2393 1635 2427 ab
1654 2392 1751 2437 Aga-

304 2436 575 2484 renisjccepit,
610 2450 678 2473 non
702 2451 745 2473 ex
768 2439 896 2473 nostris
918 2439 1017 2473 modo
1041 2439 1165 2473 vicinis
1190 2439 1386 2482 conectam,
1413 2439 1475 2473 sed
1498 2439 1602 2473 etiam
1623 2449 1667 2472 ex
1688 2448 1748 2471 re-

306 2481 525 2526 motioribus,
557 2484 740 2529 Aegyptiis
771 2485 867 2519 Indis
897 2484 1014 2520 Persis
1046 2484 1201 2529 Assyriis
1228 2485 1399 2520 Armeniis
1430 2482 1613 2518 Chaldaeis
1635 2482 1748 2517 Iberis

306 2526 424 2561 Zicbis
460 2528 608 2564 cabiris.
656 2530 709 2564 his
745 2531 900 2565 omnibus
932 2531 1080 2565 munitus
1113 2535 1217 2575 atque
1244 2531 1392 2576 'stipatus
1423 2529 1584 2574 optimum
1617 2529 1748 2563 factum

305 2571 514 2607 existimavit
536 2585 612 2609 eum
634 2575 670 2609 in
693 2575 799 2610 filium
821 2577 1020 2622 adoptatum
1041 2577 1178 2621 imperii
1201 2576 1328 2611 socium
1352 2575 1610 2618 adiutoremque
1631 2573 1746 2608 adsci-

307 2628 406 2652 scere
429 2623 465 2652 et
487 2629 607 2654 nomen
629 2626 773 2656 mutare.
817 2623 899 2657 inde
921 2623 1097 2667 profectus
1121 2627 1228 2656 totum
1248 2622 1383 2656 ferebat
1402 2621 1594 2665 agebatque
1616 2619 1747 2653 Orien—

306 2669 387 2717 tem:
431 2663 617 2709 imperator
646 2666 698 2700 his
731 2668 898 2711 cognitis,
933 2679 972 2702 se
998 2679 1134 2713 quoque
1164 2667 1207 2702 ad
1235 2667 1460 2701 resistendum
1482 2665 1573 2700 bello
1595 2666 1746 2710 paravit,

305 2719 492 2754 copiasque
515 2721 726 2756 nequaquam
749 2714 927 2748 certamini
950 2725 1051 2758 pares
1074 2725 1147 2748 eum
1171 2713 1257 2747 duce
1280 2711 1411 2753 emisit3
1433 2722 1518 2756 quas
1541 2721 1747 2755 congressus

304 2754 438 2799 praelio
460 2754 611 2789 Thomas
635 2757 770 2801 penitus
792 2759 994 2804 dissipavit,
1015 2765 1115 2804 parte
1138 2758 1252 2793 occisa
1274 2758 1426 2803 partein
1444 2758 1560 2802 fugam
1575 2756 1745 2790 coniecta.

307 2804 387 2844 post
409 2800 494 2835 baec
514 2800 686 2836 licentiam
708 2808 828 2838 nactus
853 2815 933 2838 suas
955 2804 1102 2839 validius
1121 2803 1354 2847 confirmavit,
1390 2814 1497 2838 naves
1526 2803 1570 2837 ad
1599 2812 1746 2857 pugnam

307 2844 461 2891 aliasque
492 2846 662 2883 frumento
685 2853 723 2884 et
743 2849 842 2895 equis
863 2850 1030 2886 vehendis
1051 2854 1152 2897 aptas
1171 2853 1388 2885 construens.
1433 2848 1517 2896 quin
1539 2853 1577 2884 et
1597 2857 1747 2895 impera-
