1916 3210
440 159 833 206 HISTORIARUM
868 161 1255 208 GOMPENDIUM.
1484 160 1583 210 543

127 272 255 328 ᾁῦωῧ
279 270 506 331 δηλοῦσας,
539 277 607 319 καὶ
632 274 951 332 ὖπισχνουμένας
978 275 1128 330 παντὸς
1151 277 1226 333 μὲν
1255 276 1417 334 ἀγαθοῦ
1442 274 1588 332 βλύσιν

126 344 197 388 καὶ
226 344 456 403 παρρησίαν
485 341 620 401 πάσης
649 346 695 389 δὲ
719 347 862 397 κακίας
888 344 1112 402 ἀποτομήν.
1175 347 1415 402 μετεβίβασε
1445 347 1491 390 δὲ
1517 348 1586 389 καὶ

122 409 310 468 Ἰωάννην
333 411 405 456 τὸν
432 411 744 472 δρφανοτρόφον
761 414 864 468 μετὰ
884 413 1045 459 πάντων
1065 409 1122 459 ὧν
1142 412 1242 470 εἶχεν
1265 414 1345 459 ἀπὸ
1368 419 1440 471 τῆς
1458 419 1589 470 μονῆς

123 484 207 526 τῶν
231 481 495 537 Μονοβατῶν
514 484 570 533 εἰς
585 483 660 537 τὴν
676 487 800 537 νῆσον
820 484 1014 538 Λέσβον,
1048 485 1115 526 καὶ
1132 484 1308 540 Μιχαὴλ
1329 483 1399 527 τὸν
1416 484 1494 540 πρὸ
1513 488 1589 527 τοῦ

25 561 27 563 ’
91 549 298 606 ὖβασιλὲα
317 551 374 600 εἷς
386 551 518 603 ’Χίον,
550 551 618 594 καὶ
639 552 944 594 Κωνσταντῖνον
963 552 1033 594 τὸν
1050 554 1339 608 νωβελίσσιμον
1358 554 1415 604 εἲς
1431 550 1588 607 Σάμον.

123 619 193 662 καὶ
211 622 342 663 ταῦτα
356 619 432 674 μὲν
444 616 639 676 ’ἐπράχθη
658 619 701 663 ἔν
723 621 949 677 προοιμίοις
967 624 1025 678 τῷ
1043 619 1284 679 Μονομάχῳ
1292 653 1306 674 ,
1341 620 1445 664 κατὰ
1465 621 1538 678 τὴν
1560 618 1587 663 ι’

121 688 372 732 ἲνδικτιῶνα·
405 687 512 731 κατὰ
537 688 583 731 δὲ
613 687 687 743 τὴν
713 686 748 738 ς’
775 693 848 732 τοῦ
864 688 1113 746 Ὀκτωβριόυ
1129 689 1258 744 μηνός
1264 721 1278 741 ,
1313 694 1386 745 τῆς
1407 688 1460 732 ια’
1485 692 1586 732 ῗνδι-
1606 698 1637 732 Β

120 759 308 809 κτιῶνος,
341 759 416 799 τοῦ
446 754 580 814 ,ςφνα’
610 754 745 809 ἕτους,
780 755 909 815 ἐφάνη
934 755 1113 813 κομήτης
1132 757 1210 801 ἀπὸ
1232 762 1305 812 τῆς
1325 759 1376 802 ἕω
1393 758 1495 816 πρὸς
1514 759 1587 814 τὴν

120 822 238 870 δόσιν
256 822 495 879 ποιούμενος
514 824 588 880 τὴν
608 826 793 882 πορείαν,
821 827 890 868 καὶ
908 823 1042 884 ὥρᾶτο
1059 825 1231 882 λάμπων
1251 823 1354 884 παρ’
1374 826 1470 870 ὅλον
1487 832 1588 872 τοῦ·

65 899 112 936 10
121 909 193 937 τον
215 892 288 937 τὸν
308 897 434 948 μῆνα.
502 892 726 950 προεμήνυε
756 893 800 936 δ’
833 888 950 945 οὗτος
972 894 1047 946 τὰς
1065 893 1293 950 μελλούσας
1311 895 1584 951 ἓπισυμβήσε-

117 965 224 1007 σθαι
251 960 450 1016 κωμικὰς
477 960 708 1019 συμφοράς.
776 960 990 1020 Στεφάνου
1017 964 1096 1021 γὰρ
1117 968 1191 1007 τοῦ
1211 966 1278 1007 καὶ
1299 964 1581 1019 Βοὶσθλάβου,

117 1028 254 1088 ὥσπερ
285 1028 520 1087 ἔμπροσθεν
551 1029 732 1087 ἐρρήθη,
768 1029 1022 1089 ἀποδράντος
1049 1033 1129 1075 ἀπὸ
1158 1037 1233 1076 τοῦ
1257 1035 1482 1086 Βυζαντίου
1512 1036 1580 1077 καὶ

116 1097 171 1142 τὰ
193 1098 396 1156 Ἰλλυρικὰ
420 1097 695 1154 κατασχόντος
724 1098 800 1157 ὅρη
810 1132 825 1152 ,
851 1102 918 1143 καὶ
944 1101 1203 1158 Τριβαλλοὺς
1223 1103 1290 1145 καὶ
1308 1103 1490 1160 Σέρβους
1511 1104 1580 1145 καὶ

115 1166 170 1210 τὰ
191 1165 392 1225 πρόσοικα
417 1167 509 1224 γε’νη
534 1169 602 1210 καὶ
618 1166 832 1223 Ῥωμαίοις
851 1166 1012 1225 ὗπήκοα
1027 1170 1342 1228 κατατρέχοντος
1356 1173 1424 1214 καὶ
1442 1173 1578 1228 ληϊζο-

63 1243 108 1280 1⁵
116 1235 263 1291 μένου,
295 1236 355 1292 μὴ
385 1236 520 1295 φέρων
541 1234 563 1279 ὃ
586 1235 843 1292 Μονομάχος
862 1237 937 1289 τὰς
956 1239 1103 1282 ἐκείνου
1122 1239 1385 1297 καταδρομὰς
1407 1244 1465 1298 τῷ
1488 1238 1578 1284 τότε

116 1304 282 1363 ἄρχοντι
306 1308 381 1348 τοῦ
399 1305 638 1363 Δυρραχίου
667 1300 745 1362 (ἦν
764 1307 809 1349 δὲ
826 1307 1002 1362 Μιχαὴλ
1019 1309 1249 1366 πατρίκιος,
1275 1307 1297 1351 ὅ
1314 1308 1579 1352 Ἀναστασίου

114 1378 189 1416 τοῦ
205 1373 427 1430 λογοθὲτου
443 1374 560 1430 υἱὸς)
586 1374 823 1432 γράμμασιν
840 1373 1081 1432 ἓγκελεῦεται
1102 1376 1171 1420 τὸν
1188 1375 1264 1420 ὑπ’
1284 1377 1408 1421 αὐτὸν
1425 1378 1575 1435 ἄθροΐ-
1598 1388 1629 1421 C

116 1459 188 1486 σαι
214 1447 288 1486 τοῦ
311 1442 550 1500 Δυρραχίου
581 1443 680 1486 λαὸν
709 1442 1017 1501 στρατιωτικόν,
1052 1444 1109 1488 ἔτι
1136 1446 1181 1488 δὲ
1199 1447 1266 1488 καὶ
1288 1446 1362 1497 τὰς
1385 1447 1579 1504 στρατιὰς

112 1515 195 1555 τῶν
230 1509 461 1568 ἐγγιζόντων
499 1509 629 1570 τούτῳ
667 1510 862 1567 θεμάτων
895 1515 963 1556 καὶ
1003 1512 1116 1572 αὐτῷ
1153 1511 1450 1570 ὑποκειμένων,
1506 1518 1576 1558 καὶ

54 1576 278 1635 Ξοσυνάμα
301 1586 387 1631 τοῖς
412 1578 734 1637 ὕποστρατηγοῖς
762 1582 820 1632 εἷς
846 1581 1105 1639 Τριβαλλοὺς
1133 1581 1325 1626 ἀπελθεῖν
1351 1586 1418 1627 καὶ
1449 1601 1578 1628 κατα-

109 1652 337 1705 πολεμῆσαι
354 1647 426 1692 τὸν
442 1650 665 1708 Στέφανον.
734 1647 756 1692 ὅ
775 1650 820 1693 δὲ
837 1653 1056 1706 πολεμικῆς
1073 1649 1294 1707 ἐπιστήμης
1313 1652 1473 1707 ἀπέχων
1490 1671 1575 1708 μα-

109 1717 212 1774 κρὰν
243 1714 311 1760 οἶα
343 1718 598 1776 σκιατραφὴς
626 1717 847 1776 ἄνθρωπος
877 1721 944 1763 καὶ
973 1719 1210 1771 εὐπαθείαις
1236 1722 1573 1780 ἐντεθραμμένος,

109 1785 255 1845 ᾆφυῶς
279 1788 348 1831 καὶ
370 1785 545 1843 ἀτέχνως
566 1786 823 1846 ἐπιχειρήσας
850 1793 909 1849 τῷ
931 1787 1035 1849 ἔργῳ
1052 1787 1234 1846 μεγάλης
1255 1789 1383 1843 αἴτιος
1405 1791 1574 1848 ἀτυχίας

198 1929 244 1965 12
266 1925 305 1964 ἐκ
327 1929 358 1964 C
544 1930 590 1966 16
610 1927 701 1976 τοῦ]
724 1930 804 1971 τοῖς
826 1928 857 1965 C
1041 1930 1087 1967 18
1109 1907 1207 1965 λαὸν
1226 1930 1328 1977 στρ.]
1353 1930 1514 1977 στρατὸν
1536 1932 1568 1968 C

196 1975 244 2011 m
264 1972 462 2022 τριβολοῦς
477 1975 509 2010 C

105 2105 205 2147 rent,
244 2105 282 2137 et
312 2101 557 2148 promitterent
586 2102 664 2136 fore
696 2104 736 2136 ut
758 2101 822 2137 sub
845 2101 923 2148 ipso
947 2102 1061 2137 omnia
1084 2102 1230 2138 honesta
1253 2103 1412 2148 vigerent
1436 2103 1568 2139 omnia-

105 2158 177 2193 que
198 2147 335 2193 flagitia
355 2148 654 2183 exscinderentur.
700 2149 862 2183 Ioannem
879 2160 1018 2194 quoque
1033 2150 1350 2195 orphanotrophum
1364 2160 1439 2183 cum
1456 2150 1569 2184 omni-

105 2195 172 2229 bus
196 2203 287 2239 quae
308 2193 421 2239 ipsius
444 2199 562 2239 eraut,
597 2206 618 2229 a
648 2194 913 2229 Monobatarum
937 2195 1146 2230 monasterio
1170 2196 1206 2229 in
1228 2196 1404 2239 Lesbum,
1436 2200 1474 2230 et
1495 2196 1568 2230 Mi-

105 2239 261 2274 chaelum
291 2251 415 2274 recens
447 2239 595 2286 imperio
629 2241 801 2286 privatum
832 2240 868 2274 in
903 2240 1050 2284 Chium,
1082 2241 1419 2286 constantinumque
1448 2241 1565 2276 Nobi-

103 2285 270 2320 lissimum
302 2285 342 2320 iu
373 2286 512 2320 Samum
544 2285 755 2331 deportavit.
803 2286 870 2320 hoc
901 2298 983 2321 usus
1015 2288 1158 2322 exordio
1192 2287 1439 2322 Monomachus
1471 2288 1566 2322 indi-

103 2331 222 2367 ctione
246 2333 303 2368 10.
349 2336 450 2366 sexta
471 2343 577 2378 porro
600 2332 766 2367 Octobris
788 2331 867 2376 die,
894 2331 1090 2367 indictione
1114 2335 1175 2378 11,
1208 2345 1298 2367 anno
1325 2333 1440 2367 mundi
1463 2335 1566 2379 6551,

103 2383 240 2414 cometa
263 2377 439 2424 apparuit,
474 2378 518 2412 ab
545 2377 679 2412 oriente
701 2379 744 2412 ad
769 2389 927 2412 occasum
950 2378 1188 2424 proficiscens,
1211 2384 1356 2425 totoque
1372 2379 1431 2413 illo
1448 2391 1566 2415 mense

102 2423 213 2460 fulsit.
262 2423 292 2459 is
316 2424 547 2469 portendebat
569 2423 781 2459 calamitates
802 2425 927 2459 mundo
951 2431 1150 2460 eventuras.
1196 2436 1271 2459 cum
1298 2426 1387 2460 enim
1408 2426 1565 2470 stepha-

102 2482 188 2515 nus,
214 2469 275 2516 qui
299 2475 336 2505 et
354 2468 597 2515 Boisffilabus,
623 2471 726 2515 fuga,
752 2475 789 2504 ut
812 2477 894 2505 ante
917 2471 1115 2516 docuimus,
1141 2482 1184 2505 ex
1208 2472 1292 2506 urbe
1314 2471 1452 2517 elapsus
1474 2471 1563 2517 Illy-

99 2516 196 2552 ricos
228 2522 434 2562 occupasset
461 2522 615 2561 montes,
648 2528 689 2550 ac
713 2516 889 2551 Triballos
913 2521 949 2551 et
971 2517 1103 2551 Servos
1126 2517 1277 2563 indeque
1300 2517 1464 2553 viciniam
1490 2519 1564 2553 Ro-

102 2562 213 2597 manis
246 2562 418 2597 subditam
451 2562 734 2609 populationibus
757 2568 920 2606 vexaret,
956 2563 1204 2597 Monomachus
1229 2575 1344 2600 earum
1369 2565 1565 2609 grassatio-

102 2607 390 2654 num'impatiens
412 2608 584 2644 Michaelo
607 2609 755 2655 patricio
779 2608 955 2643 Anastasii
977 2609 1175 2654 logothetae
1198 2609 1293 2655 filio,
1329 2615 1401 2646 tum
1425 2610 1563 2656 Dyrra-

101 2653 172 2689 chii
206 2654 406 2700 praefecto,
440 2656 579 2691 mandat
603 2667 666 2701 per
686 2654 805 2689 literas
829 2661 866 2690 ut
889 2654 1042 2690 collectis
1067 2661 1101 2690 et
1123 2655 1196 2690 suis
1221 2662 1257 2691 et
1278 2656 1357 2692 aliis
1380 2656 1561 2703 militibus,

98 2705 273 2747 quotquot
293 2700 332 2735 in
353 2700 478 2736 vicinis
503 2713 544 2736 ac
566 2701 730 2736 Romanis
755 2701 904 2736 subditis
934 2702 1127 2746 provinciis
1151 2702 1314 2748 dispositi
1339 2708 1460 2747 erant,
1492 2714 1562 2739 una

97 2757 175 2781 cum
198 2746 355 2781 ordinum
376 2747 576 2783 ductoribus
600 2747 636 2782 in
659 2747 833 2783 Triballos
854 2747 1097 2793 proficiscatur
1112 2753 1146 2783 et
1163 2749 1376 2796 Stephanum
1394 2749 1559 2786 debellet.

97 2793 130 2827 is
157 2804 243 2828 vero
269 2793 462 2829 Michaelus
481 2793 535 2828 rei
559 2793 704 2829 bellicae
727 2793 986 2838 ignarissimus,
1018 2794 1149 2840 quippe
1181 2795 1218 2829 in
1250 2796 1371 2830 umbra
1401 2801 1436 2831 et
1465 2795 1560 2831 inter

96 2838 241 2875 delicias
263 2839 451 2886 educatus,
474 2839 594 2887 inepte
616 2845 652 2876 et
672 2840 798 2876 inscite
820 2851 892 2876 rem
916 2851 1103 2887 aggressus
1125 2852 1282 2887 magnam
1304 2842 1359 2879 rei
1378 2842 1556 2878 Romanae
