1916 3210
674 139 1122 184 ANNOTATIONES.
1534 139 1630 211 835

165 249 451 299 mmmm-e
478 251 680 291 creatorem
708 250 836 290 muudi
862 250 1046 300 noluisse,
1085 248 1147 290 illo
1180 250 1470 305 circumscripto,
1509 252 1631 293 iurari.

194 398 196 401 .
278 365 310 403 t.
326 361 362 402 n
389 375 428 416 p.
443 361 500 406 75
520 364 640 404 v.'11.
685 362 884 415 fraudem
900 364 1094 415 straena]
1123 365 1214 404 haec
1240 365 1354 404 verba
1377 365 1426 404 de
1451 378 1534 405 meo
1559 366 1629 405 ad-

166 418 250 469 diffi
268 418 546 467 eonnectendae
563 418 740 459 historiae
760 432 881 460 eausa.
941 422 1087 461 videtur
1113 422 1208 461 enim
1220 451 1232 472 ,
1266 422 1298 460 si
1318 423 1430 460 modo
1450 422 1540 460 nihil
1562 435 1629 462 ex·-

165 476 255 517 cidit
273 479 312 527 et
328 476 491 518 narratio
512 476 658 525 integra
680 479 758 523 est,
788 476 952 516 Thomas
970 477 1040 516 hoc
1057 478 1201 528 egisse,
1230 482 1271 516 ut
1291 491 1314 516 a
1333 479 1508 517 Romanis
1531 491 1631 518 snm-

163 544 248 574 ωδε
266 545 388 572 rerum
406 532 614 583 praefectus
632 533 808 571 exercitus
821 546 946 572 eorum
962 538 1027 572 aut
1043 535 1153 574 urbes
1169 539 1208 574 et
1226 535 1432 585 provincias
1449 534 1631 585 Agarenis

162 589 350 641 proderet.
377 588 474 628 ΧΠ..
529 587 622 626 falso
649 588 856 638 Xylander:
886 591 1172 642 imperiumque
1194 591 1427 628 Romanum
1451 592 1565 642 ipsiS,
1590 593 1630 631 id

164 648 223 685 eut
244 642 452 696 Agnetis,
479 642 760 682 subiecturum.
822 647 955 697 quibus
984 649 1081 687 enim
1107 647 1280 699 deinceps
1303 648 1493 687 Romanus
1513 649 1630 701 impe-

161 702 281 749 raret,
308 703 375 741 ant
399 713 475 752 quo
504 703 697 740 commodo
723 702 852 741 duetus
871 717 912 742 se
930 704 1125 743 Saracenis
1141 703 1358 743 subiiceret?
1385 705 1503 744 verius
1521 718 1632 757 repo-

160 757 348 807 nendum,
375 761 466 809 post
490 758 660 809 proditos
688 757 881 798 Saracenis
904 760 1093 799 Romanos
1117 761 1210 800 fines
1235 766 1431 811 tyrannum
1457 763 1629 799 Sarace-

161 825 306 852 norum
325 814 539 864 proprium
556 815 836 864 principatum
854 816 953 866 ipsis·
969 810 1213 855 solummodo
1231 816 1448 855 subiectam
1467 815 1629 856 relictic—

133 904 135 906 ,
160 883 253 909 mm
269 871 517 922 promisisse,
544 883 594 911 ne
621 883 733 924 quam
761 872 799 910 in
825 877 1014 924 posterum
1042 887 1066 914 a
1091 874 1270 914 Romanis
1294 874 1498 914 molestiam
1523 881 1629 928 pate-

157 930 296 977 tentur.
350 927 489 968 Gonu.

271 982 350 1022 t.11
375 997 414 1036 p.
433 985 488 1026 78
506 995 540 1022 v.
562 985 629 1026 12.
688 982 870 1036 Ζίκχων]
905 986 1003 1025 inter
1031 987 1220 1027 Sarmatas
1251 986 1429 1026 Asiaticos
1458 987 1629 1040 Ζίγχους

157 1043 328 1080 numerat
344 1039 578 1080 Ptolemaeus
620 1039 742 1092 Geog.
763 1041 789 1082 5
820 1041 859 1081 9.
897 1042 1052 1092 Russis,
1100 1044 1273 1083 Chasaris
1302 1048 1340 1083 et
1369 1043 1627 1083 Patzinacibus

157 1097 411 1136 Chersonesiis
436 1096 574 1137 viciuos
600 1095 698 1136 locat
723 1097 990 1138 Constantinus
1020 1113 1050 1141 c.
1072 1103 1122 1150 6,
1167 1113 1304 1152 eosque
1333 1100 1480 1152 Ζίχους
1505 1106 1626 1141 vocat.

157 1153 297 1194 Gon.

267 1208 365 1248 ibid.
426 1204 657 1263 Καβήρων]
686 1210 754 1250 hos
782 1210 928 1261 Scythis
956 1212 1122 1264 adiungit
1143 1213 1356 1266 Stephanus
1378 1226 1424 1252 ex
1444 1214 1627 1254 sententia

153 1265 312 1306 Eudoxi.
366 1265 533 1306 Cabaros
551 1271 660 1306 vocet
679 1269 943 1308 Constantinus
963 1282 991 1307 c.
1010 1271 1064 1311 39
1084 1274 1123 1309 et
1139 1267 1206 1312 40.
1265 1270 1404 1308 Gom.

267 1321 323 1368 ib.
343 1335 378 1362 v.
399 1321 463 1364 15.
519 1336 611 1361 eum
638 1325 682 1361 in
699 1323 844 1372 filium
867 1325 1129 1378 adoptatum]
1160 1325 1384 1378 quemnam?
1416 1329 1453 1364 et
1475 1327 1626 1377 quidem

152 1391 240 1419 mox
265 1391 406 1419 rursum
431 1381 571 1422 mentio
595 1380 639 1419 fit
660 1379 767 1419 huius
789 1382 955 1433 adoptati
978 1382 1054 1422 filii.
1109 1383 1177 1422 sed
1206 1396 1255 1422 ne
1281 1383 1446 1421 Zonaras
1475 1383 1625 1433 quidem

118 1464 127 1471 ·
154 1449 238 1482 eum
262 1437 444 1478 nominat.
498 1437 540 1476 id
564 1437 714 1489 quidem
743 1438 815 1488 ait,
841 1438 997 1478 Balbum
1021 1439 1092 1478 sibi
1119 1440 1352 1479 Constantini
1372 1451 1507 1478 nomen
1526 1451 1624 1478 sum«

197 1493 208 1503 ”
229 1494 282 1533 ε’θ.
337 1492 434 1532 Xn..

151 1505 228 1546 Pas
265 1552 292 1589 t.
309 1549 356 1595 11-
372 1561 412 1601 p.
429 1549 482 1592 81
503 1561 538 1588 v.
558 1550 597 1590 3.
661 1548 923 1601 Gregorium]
962 1550 994 1589 is
1025 1550 1185 1600 Leonis,
1215 1551 1285 1591 iste
1317 1552 1424 1601 Seyri
1453 1550 1622 1591 exsulans

152 1604 398 1646 consobrinus
425 1605 570 1646 videtur
594 1605 718 1645 fuisse.
774 1607 826 1646 sic
841 1607 937 1646 enim
953 1610 1057 1646 verto
1076 1603 1342 1659 ἀδελφιδοῦν,
1372 1621 1499 1647 vocem
1521 1609 1622 1647 varie

152 1662 204 1717 de
229 1662 398 1713 cognatis
423 1665 646 1715 usurpatam.
705 1664 817 1716 paulo
841 1668 929 1716 post
951 1663 1043 1704 haec
1064 1665 1189 1716 opinio
1208 1665 1403 1717 perspicue
1424 1665 1623 1704 confirma-

149 1721 234 1761 tur&
279 1718 375 1757 Xu..

265 1773 320 1813 ib.
338 1787 374 1814 v.
391 1775 430 1816 9.
482 1768 763 1828 Ἄᾰαργύρων]
792 1775 915 1827 plures
943 1788 966 1815 a
996 1776 1147 1816 Graeeis
1174 1776 1343 1816 coluntur
1367 1771 1620 1830 Ἀνᾶργυροι,

149 1830 285 1878 medici
312 1844 340 1868 a
365 1830 540 1869 mercede
568 1832 764 1882 capienda
791 1832 927 1870 alieni.
982 1834 1261 1872 nominatissimi
1290 1837 1377 1871 sunt
1405 1834 1559 1872 Cosmas
1580 1837 1622 1873 et

149 1886 372 1937 Damianns,
401 1900 555 1938 quorum
575 1887 750 1939 templum
771 1887 815 1929 ἔν
833 1892 918 1936 τοῖς
936 1891 1012 1928 τοῦ
1031 1889 1253 1930 Παυλίνου.
1311 1890 1449 1928 GoAn.

263 1942 319 1982 ib.
343 1957 379 1983 v.
400 1945 470 1986 20.
525 1940 600 1995 τήν
619 1943 773 1996 ἐσθῆτα
790 1946 863 1997 τῆς
881 1941 1092 1999 πανάγνου
1110 1941 1334 1996 θεοτόκου]
1375 1946 1424 1985 de
1448 1957 1522 1997 qua
1546 1958 1621 1985 au-

150 2002 231 2042 ctor
249 1999 389 2041 Leonis
407 2013 506 2040 anno
528 2002 593 2042 17.
652 2001 791 2046 Gom.

251 2057 342 2099 .t.11
368 2071 405 2110 p.
424 2059 479 2100 87
498 2070 532 2098 v.
551 2056 616 2100 14.
675 2054 747 2106 τοὶς
766 2056 983 2109 ἑταιρείας]
1013 2063 1158 2094 exteros
1177 2055 1273 2094 belli
1288 2058 1422 2095 socios.
1477 2057 1616 2094 Gom.

261 2117 291 2153 t.
308 2113 343 2153 ll
370 2127 407 2167 p.
423 2115 478 2156 88
496 2127 531 2153 v·
552 2115 617 2156 10.
673 2111 959 2167 παράγραπτος
993 2112 1061 2154 καὶ
1091 2110 1222 2162 νόθος
1250 2109 1366 2164 υἱός]
1407 2112 1620 2164 illegitima

135 2169 360 2221 -adoptione
389 2169 561 2209 wzomae
578 2170 818 2221 adscriptus.
882 2170 1018 2208 Gom.

134 2229 139 2236 ’
262 2231 291 2268 t.
311 2227 345 2267 11
373 2241 410 2280 p.
429 2229 482 2269 91
514 2230 636 2269 v..20.
695 2221 1010 2280 οἷμερμούμνην]
1050 2225 1290 2265 Leunelavius
1310 2226 1548 2265 Onomastico
1571 2227 1618 2266 2:

149 2283 268 2321 Emit·
296 2284 496 2330 Mumini,
524 2284 665 2334 inquit,
698 2285 882 2322 dominus·
911 2290 967 2320 est
993 2283 1324 2320 caerimoniarum
1344 2289 1418 2319 ant
1430 2283 1618 2332 princeps

148 2353 354 2378 sacrorum
379 2342 474 2379 inter
503 2341 720 2381 Saracenos.
778 2355 806 2378 a
839 2340 1006 2377 Graecis
1029 2338 1338 2376 Amermnmnes
1362 2338 1547 2376 scribitur
1573 2339 1617 2375 in

150 2409 284 2435 eorum
297 2396 484 2436 historiis.
545 2398 644 2435 idem
662 2397 765 2437 alibi:
794 2396 1119 2441 Amermnmnes,
1154 2395 1401 2433 Graecorum
1424 2396 1468 2432 in
1491 2394 1616 2432 histo-

148 2454 222 2490 riis
243 2449 560 2507 Ἀμερμόύμνης,
577 2453 745 2504 sactum
765 2461 822 2491 est
840 2467 886 2490 ex
906 2453 1023 2490 Emir
1041 2459 1079 2491 et
1097 2453 1294 2499 Mcmini5
1326 2465 1493 2503 quorum
1509 2450 1620 2490 illud

149 2509 356 2555 dominum
391 2510 595 2562 significat
621 2517 694 2547 aut
716 2511 957 2561 principem,
1004 2509 1080 2546 lzoc
1117 2509 1219 2546 ritus
1248 2510 1330 2546 sive
1357 2509 1618 2546 caerimonias

148 2567 232 2604 aive
259 2566 391 2604 cultus
420 2574 458 2604 et
485 2567 717 2619 θρησκείας.
775 2581 871 2604 narn
892 2567 1070 2616 proximi
1092 2565 1309 2604 secandum
1330 2564 1538 2615 IIaliplzas
1557 2565 1617 2602 ita

148 2622 472 2672 nominabantur,
494 2622 602 2661 velut
611 2618 816 2674 principes
834 2636 1038 2661 sacrorum
1056 2629 1129 2659 aut
1145 2635 1256 2674 reges
1273 2634 1489 2669 sacrorum,
1507 2634 1615 2658 more

148 2679 348 2717 Romano.
409 2680 547 2718 Iovino
582 2680 862 2729 interpretatur
899 2681 1043 2730 optime
1079 2679 1318 2716 credentium
1346 2680 1390 2716 in
1422 2677 1614 2729 religione

140 2736 363 2787 principes:
393 2736 464 2774 sed
480 2737 618 2787 potius
639 2736 768 2774 dicere
793 2736 940 2782 debuit,
973 2743 1099 2773 rectae
1121 2735 1324 2788 religionis
1344 2741 1417 2774 aut
1438 2730 1612 2789 ὄρθοδο-

147 2793 235 2842 ξίας
258 2799 331 2832 aut
350 2793 526 2832 virorum
548 2807 753 2833 sacrorum
768 2794 985 2845 principes.
1049 2793 1187 2836 GOAR.
