1890 3236
490 160 883 207 HISTORIARUM
915 159 1302 206 COMPENDIUM.
1532 161 1631 208 365

161 272 400 337 ὅκοφόρους
415 273 492 334 τήν
509 294 554 322 τε
574 276 618 320 ἓν
640 276 809 335 Φοινίκῃ
834 276 1032 334 Τρίπολιν
1051 277 1120 320 καὶ
1140 275 1215 332 τὴν
1232 272 1488 331 Δαμασκόν)
1523 273 1635 332 ὅμως

147 346 335 404 ,μισητός
353 346 504 404 ἐγένετο
523 345 639 405 παρὰ
658 346 811 397 παντὸς
828 343 1079 404 ἀνθρώπου,
1114 346 1182 388 καὶ
1207 343 1354 396 πάντες
1379 345 1536 400 ἐδίψων
1559 345 1634 401 τὴν

148 414 309 464 τούτου
336 414 579 461 θεάσασθαι
605 413 910 473 καταστροφήν.
976 415 1052 466 τὰς
1079 414 1124 458 δὲ
1151 414 1284 466 αἰτίας
1305 412 1585 473 ἀπαριθμήσει
1609 412 1631 458 ὅ

162 483 281 544 λόγος
303 486 345 530 ἐν
365 489 494 545 καιρῷ
515 489 573 544 τῷ
594 482 852 543 προσήκοντι.
1336 483 1340 488 ’

118 563 154 606 6
289 553 582 612 ςΥποστρέφων
602 554 645 596 δ’
669 551 691 596 ὅ
713 549 952 611 Νικηφόρος
973 552 1016 603 ἓξ
1031 550 1271 606 Ἀντιοχείας
1291 550 1393 608 πρὸς
1412 550 1488 607 τὴν
1505 555 1629 606 βασι·
1651 557 1684 592 C

159 625 279 676 λίδα,
313 625 356 668 ἓν
382 627 445 683 ’τῷ
469 624 706 680 διέρχεσθαι
734 622 807 666 τὸν
841 625 1029 678 Ταῦρον,
1064 620 1088 663 ὃ
1112 623 1296 677 Μαῦρον
1316 619 1413 677 ὅρος
1430 621 1632 680 ἔγχωρίως

159 693 339 750 λέγεται,
373 690 572 751 φρούριον
596 691 702 735 κατὰ
726 690 773 734 τὸ
801 690 927 746 μέσον
947 694 1022 733 τοῦ
1045 688 1166 746 ὅρους
1188 688 1470 745 δομησάμενος
1492 690 1533 734 ἴν
1553 709 1632 734 τινι

158 760 277 822 λόφῳ
303 759 586 820 ἐρυμνοτάτῳ,
619 759 798 816 Μιχαὴλ
825 759 896 804 τὸν
919 756 1132 817 Βούρτζην
1158 759 1368 817 πατρίκιον
1391 758 1566 815 τιμήσας
1587 761 1630 804 ἐν

157 835 218 890 τῷ
246 831 430 889 φρουρίῳ
457 830 664 882 κατέλιπε,
699 828 926 885 στρατηγὸν
953 826 1159 883 ὀνομάσας
1185 832 1330 871 τοῦτον
1351 833 1425 871 τοῦ
1443 828 1630 886 Μαύρου

104 898 305 958 moiffone,
338 897 570 954 ἐπισκήψας
594 898 833 955 προσμένειν
859 895 1074 955 ἀγρύπνως
1092 899 1160 940 καὶ
1181 897 1277 948 τούς
1288 896 1502 953 Ἀντιοχεῖς
1517 897 1630 956 πάσῃ

155 971 318 1026 μηχανῇ
334 966 501 1012 κωλύειν
518 967 661 1018 ἐξιέναι
680 969 747 1010 καὶ
767 966 819 1009 τὰ
839 966 941 1024 πρὸς
962 967 1066 1022 ζωὴν
1087 968 1388 1021 εἰσκομίζεσθαι
1410 966 1630 1022 ἐπιτήδεια.

155 1037 340 1081 κατέλιπε
370 1037 416 1080 δὲ
441 1038 510 1080 καὶ
530 1037 692 1093 Πέτρον
713 1037 782 1079 ἵνα
803 1041 884 1079 τῶν
904 1035 1053 1079 ἑαυτοῦ
1073 1034 1294 1091 εὐνούχων,
1330 1038 1475 1080 δοῦλον
1494 1035 1630 1094 ὑπάρ-

151 1123 302 1162 χοντα,
327 1104 574 1164 δραστήριον
595 1105 839 1163 ἄνθρωπον,
866 1104 913 1148 ὃν
932 1105 984 1160 δὴ
1002 1107 1069 1148 καὶ
1086 1103 1443 1162 στρατοπεδάρχην
1459 1108 1628 1162 πεποίη-

154 1193 231 1219 κεν.
251 1176 294 1219 ἓν
322 1177 510 1235 Κιλικίᾳ,
546 1177 602 1225 εἷς
622 1175 948 1232 παραχειμασίαν
968 1175 1040 1217 τὸν
1058 1174 1233 1231 στρατὸν
1251 1177 1535 1233 διασκορπίσαι
1553 1194 1617 1219 κε-
1643 1182 1677 1216 D

100 1242 324 1298 15λεῦσας,
356 1246 425 1288 καὶ
450 1244 523 1300 τὴν
551 1243 680 1301 αὐτοῦ
707 1244 840 1299 με’νειν
869 1246 926 1295 εἷς
949 1244 1114 1286 τούπιὸν
1132 1243 1220 1294 ἔτος
1239 1242 1407 1287 ἕλευσιν.
1473 1245 1627 1302 ἐλέγετο

154 1314 201 1357 δ’
231 1313 295 1358 ὅτι
323 1311 546 1368 δυνάμενος
572 1314 614 1365 ἐξ
637 1312 790 1371 ἐφόδου
816 1312 919 1356 ἱλεῖν
941 1312 1016 1367 τὴν
1028 1311 1272 1367 Ἀντιόχειαν
1294 1312 1315 1356 ὃ
1335 1314 1531 1367 βασιλεὺς
1553 1315 1626 1358 οὐκ

150 1383 375 1440 ἠθέλησεν,
410 1382 504 1426 ἀλλ’
535 1384 760 1438 ἐξεπίτηδες
789 1386 979 1439 παρεῖλκε
1007 1384 1075 1424 καὶ
1105 1384 1351 1440 παρεβιβαζε
1375 1382 1450 1438 τὴν
1477 1382 1629 1439 ταύτης

150 1450 416 1508 κατάσχεσιν,
449 1451 593 1503 δεδιώς
618 1452 689 1495 τὸν
714 1450 985 1510 φημιζόμενον
1014 1450 1159 1508 λόγον·
1199 1453 1267 1494 καὶ
1295 1451 1375 1509 γὰρ
1404 1452 1456 1507 δὴ
1486 1455 1555 1496 καὶ
1584 1455 1627 1496 ἐν

149 1527 236 1574 τοῖς
265 1519 455 1566 ἁπάντων
484 1521 650 1579 ἐφέρετο
679 1520 878 1576 στόμασιν
905 1519 961 1572 ὥς
988 1519 1077 1575 ἅμα
1105 1525 1158 1578 τῇ
1190 1518 1339 1564 ἁλώσει
1371 1526 1446 1577 τῆς
1472 1520 1629 1574 πόλεως

91 1591 386 1646 ΞθἈντιοχείας
417 1592 484 1634 καὶ
515 1588 537 1634 ὃ
565 1590 759 1645 βασιλεὺς
787 1589 1035 1646 τεθνήξεται.
1104 1590 1243 1644 ἀμέλει
1271 1592 1338 1633 καὶ
1367 1596 1425 1649 τῷ
1456 1590 1628 1650 τοιούτῳ

149 1657 259 1720 λόγῳ
280 1658 575 1716 δειλαινόμενος
593 1658 682 1704 οὔτ’
703 1659 827 1711 αὐτὸς
845 1660 1122 1717 προσεπέλασε
1141 1663 1194 1716 τῇ
1207 1660 1452 1719 Ἀντιοχείᾳ,
1482 1663 1548 1704 καὶ
1566 1666 1625 1720 τῷ

148 1729 299 1789 Πέτρῳ
321 1730 367 1772 δὲ
387 1731 455 1773 καὶ
475 1733 535 1788 τῷ
552 1726 739 1787 Βούρτζῃ
761 1728 1000 1787 παρήγγειλε
1022 1731 1226 1785 μηδεμίαν
1247 1730 1482 1787 προσβολὴν
1503 1729 1626 1787 ποιή-

148 1802 308 1842 σασθαι
335 1797 440 1843 κατ’
480 1798 620 1855 αῧτῆς.
690 1799 784 1842 ἀλλ’
816 1800 963 1850 ἐκεῖνος
986 1800 1061 1854 μὲν
1089 1803 1220 1841 ταῦτα
1253 1797 1625 1855 καταστησάμενος,

146 1865 179 1910 ιῗ
182 1885 204 1919 ς
236 1867 420 1923 εἴπομεν,
465 1867 625 1912 εἴσεισιν
652 1868 710 1921 εἷς
738 1867 813 1925 τὴν
839 1866 1164 1923 βασιλεύουσαν·
1211 1865 1233 1911 ὃ
1259 1867 1471 1928 Βούρτζης
1497 1870 1543 1913 δὲ
1569 1874 1622 1928 τῇ
1643 1876 1674 1911 Ρ
1699 1876 1766 1914 657

237 2001 284 2038 12
308 1999 447 2036 δοῦλον
464 2011 520 2036 om
546 2000 577 2036 C

144 2125 286 2162 quoque
308 2115 380 2151 sibi
402 2115 490 2152 secit
513 2114 679 2162 Tripolin
697 2114 910 2150 Phoeniciae
929 2117 1049 2151 urbem
1067 2119 1104 2152 et
1120 2115 1370 2160 Damascum),
1394 2115 1619 2152 nihilominus

141 2168 260 2197 tamen
283 2162 443 2198 omnibus
464 2162 533 2197 fuit
552 2162 688 2197 invisus
711 2162 928 2206 hominibus,
953 2175 994 2197 ac
1019 2174 1120 2198 nemo
1144 2175 1214 2198 non
1237 2163 1402 2209 cupiebat
1423 2163 1536 2208 ipsius
1559 2164 1627 2199 vi-.

142 2208 228 2243 dere
250 2208 443 2244 interitum.
490 2209 648 2243 odiorum
670 2220 792 2243 causas
815 2220 878 2243 suo
903 2209 978 2243 loco
1002 2221 1229 2255 exponemus.

233 2254 430 2290 Antiochea
459 2259 643 2290 revertens
677 2254 921 2300 Nicephorus,
968 2255 1049 2291 dum
1083 2256 1238 2291 Taurum
1270 2259 1419 2290 montem
1454 2254 1619 2299 (incolae

141 2299 303 2335 Maurum
323 2300 478 2346 vocant)
508 2300 654 2344 transit,
685 2300 722 2335 in
746 2301 860 2335 medio
884 2301 959 2335 eius
983 2301 1162 2336 castellum
1186 2302 1308 2336 condit
1329 2302 1364 2335 in
1390 2300 1478 2335 colle
1503 2302 1617 2336 muni-

142 2345 299 2390 tissim03
333 2346 371 2381 in
406 2358 518 2392 eoque
550 2346 757 2381 Michaelum
788 2348 951 2382 Burtzam
1008 2348 1133 2382 atricia
1158 2354 1315 2383 ornatum
1338 2347 1511 2391 dignitate
1533 2348 1621 2382 reli-

141 2391 241 2438 quit,
271 2391 468 2438 praesidem
490 2404 567 2427 eum
590 2393 707 2428 Mauri
731 2393 857 2428 montis
881 2393 981 2439 appel
998 2406 1081 2439 ans,
1103 2395 1266 2430 mandato
1291 2399 1329 2429 ut
1352 2394 1540 2438 diligenter
1562 2394 1622 2428 in-

143 2437 309 2483 vigilaret
330 2439 638 2485 Antiochenosque
661 2439 754 2475 omni
777 2450 886 2485 opera
908 2439 1006 2474 exitu
1029 2445 1066 2474 et
1089 2442 1194 2475 rebus
1218 2440 1426 2476 necessariis
1451 2441 1621 2486 parandis

138 2484 361 2530 prohiberet.
407 2486 551 2520 Petrum
573 2497 712 2531 quoque
735 2486 949 2532 spadonem,
974 2497 1078 2521 unum
1099 2487 1143 2521 de
1165 2487 1238 2521 suis
1262 2486 1422 2530 famulis,
1446 2486 1619 2522 hominem

138 2535 339 2578 strenuum,
371 2532 588 2578 praefectum
610 2538 801 2567 castrorum
825 2532 863 2566 in
887 2533 1012 2567 Cilicia
1035 2537 1148 2577 creat,
1173 2533 1341 2579 iubetque
1364 2533 1554 2568 exercitum
1579 2533 1618 2568 in

138 2576 287 2614 hiberna
321 2577 557 2625 distribuere,
599 2590 768 2624 suumque
803 2579 988 2614 adventum
1023 2579 1231 2625 insequente
1267 2592 1357 2614 anno
1391 2579 1617 2624 praestolari.

137 2623 259 2659 ferunt
291 2624 450 2672 potuisse
471 2638 547 2660 eum
570 2625 682 2671 primo
707 2636 851 2660 accessu
876 2626 1072 2661 Antiochea
1095 2626 1225 2672 potiri,
1261 2628 1322 2662 sed
1355 2626 1534 2670 noluisse,
1575 2637 1618 2660 ac

134 2668 257 2706 dedita
281 2683 389 2718 opera
410 2671 589 2707 distulisse
610 2672 685 2707 eius
707 2672 1030 2717 recuperationem,
1064 2673 1161 2718 quod
1183 2673 1221 2706 in
1243 2684 1305 2707 ore
1328 2671 1477 2707 omnium
1503 2672 1618 2707 homi-

136 2726 217 2751 num
251 2722 348 2752 esset
372 2717 431 2752 hic
454 2730 593 2763 rumor,
625 2724 769 2764 recepta
799 2717 992 2754 Antiochea
1014 2719 1132 2754 statim
1155 2719 1399 2764 imperatorem
1426 2719 1614 2754 obiturum.

136 2773 180 2796 eo
203 2761 364 2799 nimirum
388 2776 547 2800 sermone
568 2766 713 2801 territus
740 2776 855 2810 neque
877 2765 956 2811 ipse
978 2765 1206 2801 Antiocheam
1232 2766 1402 2811 tentavit,
1436 2770 1473 2801 et
1504 2766 1615 2800 Petro

135 2818 179 2842 ac
204 2808 359 2845 Burtzae
387 2812 566 2847 mandavit
591 2824 636 2847 no
659 2823 734 2847 eam
758 2818 1014 2858 oppugnarent.
1063 2812 1241 2847 enimvero
1273 2813 1378 2848 rebus
1402 2812 1452 2848 ita
1475 2818 1515 2847 ut
1536 2824 1613 2846 me-

135 2861 305 2892 moratum
337 2862 394 2894 est
424 2858 647 2903 constitutis,
686 2858 909 2905 Nicephorus
931 2859 970 2895 in
993 2860 1112 2895 urbem
1134 2858 1255 2894 rediit.
1304 2865 1342 2895 at
1364 2861 1515 2895 Burtzas
1537 2859 1611 2893 An-
