1916 3210
633 180 1083 227 ANNOTATIONES.
1496 179 1525 225 8
1535 179 1594 226 19

134 290 292 335 aarum
308 288 507 340 Graeciae,
535 289 666 342 Illyrici
684 292 877 343 praesecto
899 292 1087 343 quondam
1102 291 1300 332 subiectus.
1358 289 1504 331 Notitia
1524 290 1596 331 Im-

132 347 247 403 perii,
273 347 372 388 etin
390 359 473 387 eam
493 347 716 387 Panciroilus
735 349 886 389 c.103.
944 349 1079 386 GOAR.

202 419 203 422 ¹
246 416 288 456 p.
313 403 398 447 775
423 416 458 442 v.
481 402 521 447 4.
584 403 870 457 Callistratici]
898 405 1065 444 meminit
1082 404 1276 443 Zonaras·
1266 417 1303 442 in
1323 402 1457 455 Philip.
1485 404 1594 444 XYI..

246 458 303 498 ib.
334 472 373 504 v.
403 462 471 503 10.
527 460 612 498 suis
635 460 826 514 armatis]
860 457 958 528 μετιὶ
983 456 1186 514 ἁρμάτων.
1242 473 1317 498 non
1347 460 1455 498 video
1487 474 1598 510 quam

133 515 208 556 huc
221 515 407 556 commodi
425 516 561 555 fuerint
577 529 717 555 currus.
772 519 869 557 forte
893 532 1046 570 αρμων,
1076 522 1116 556 ut
1132 515 1247 556 multa
1264 516 1411 556 Latine.
1466 518 1534 556 scd
1558 521 1598 556 et

133 572 258 612 infra
245 585 286 612 m
301 571 584 612 monomacho
572 585 612 610 ιιι
628 573 787 612 Catalini
804 574 1024 614 Patzinaeae
1046 574 1200 613 historia
1225 568 1382 626 ἅρματα
1402 585 1471 625 pro
1489 574 1598 613 armis

134 629 276 669 dues-te
291 633 494 681 ponuntur,
518 641 642 678 neque
663 630 702 667 id
718 629 845 669 semel.
901 631 1004 670 ΧΠ..

246 683 303 722 ib.
335 696 371 724 v·
397 683 466 724 19.
517 685 720 750 λουτῆρα]
761 685 1032 752 baptisterium
1070 697 1228 735 magnae
1263 684 1460 736 ecclesiae,
1507 685 1598 726 alias

133 734 318 794 λουτρόν,
344 734 636 792 κολυμβήθρα,
664 738 886 812 βαπτιστήρ
910 745 1058 782 dictum.
1115 743 1250 781 Gom.

246 794 304 834 ib.
335 809 372 838 v.
399 795 468 836 21.
524 797 796 851 rfidiantur]
825 795 1054 854 ἄνασκαφῇ.
1112 799 1302 837 obscurum
1323 798 1413 849 quid
1436 799 1506 837 sibi
1531 798 1602 838 hoc

134 851 234 893 velit.
289 865 362 904 ego
383 856 508 891 tamen
528 854 683 893 arbitror
711 856 767 894 his
799 857 919 895 verbis
948 856 1146 906 significari
1174 855 1372 894 Iustiniano
1400 855 1484 894 huic
1503 854 1601 894 Rhi-

134 911 302 950 notmeto
327 908 501 961 abrogari
529 909 744 962 imperium,
782 924 905 963 neque
928 913 1025 951 volui
1050 916 1190 951 mutare
1210 911 1424 962 quicquam,
1454 913 1600 950 tametsi

134 978 254 1019 prope
273 968 419 1005 constet
439 966 614 1005 mendum
642 968 814 1017 subesse,
853 974 892 1008 et
911 982 987 1008 non
1009 970 1097 1008 satis
1119 972 1249 1019 pateat
1269 969 1359 1018 quid
1377 969 1426 1006 sit
1444 969 1599 1006 viventis

136 1035 225 1062 ossa
241 1022 376 1062 refodi.
433 1026 534 1061 certe
560 1023 613 1061 sic
639 1023 735 1062 infra
757 1028 815 1064 est
842 1026 880 1064 in
906 1027 1038 1065 eodem
1060 1026 1192 1064 iterum
1213 1025 1438 1091 imperante,
1469 1025 1599 1074 bisque

135 1079 318 1132 positum,
359 1073 598 1130 ἆνέσκαψαν
629 1076 699 1121 τόν
727 1075 1027 1131 Ἰουστινιανόν,
1077 1082 1303 1130 abrogarunt
1333 1083 1368 1119 ei
1397 1081 1600 1132 imperium.

135 1135 240 1189 quod
253 1135 365 1175 credo
383 1136 519 1175 factum
537 1136 591 1175 ita
608 1149 708 1188 esse,
748 1142 790 1176 ut
809 1142 956 1177 statuae
976 1139 1188 1190 imperatori
1209 1138 1354 1188 positae
1374 1138 1479 1176 simul
1495 1150 1603 1176 ever-

135 1195 314 1262 terentur.
342 1191 442 1232 idem
458 1193 569 1231 estin
587 1191 726 1234 Artem.
745 1200 783 1233 et
800 1194 838 1232 in
857 1194 1072 1260 Calaphate.
1103 1199 1140 1234 et
1156 1193 1215 1232 hic
1231 1193 1341 1245 paulo
1356 1198 1445 1246 post
1464 1206 1600 1233 nomen

135 1243 381 1300 ἆνασκαφῆς
400 1249 550 1301 ponitur
568 1261 638 1301 pro
659 1251 931 1301 abrogatione
921 1251 1076 1303 imperii.
1135 1250 1239 1290 Xn..

249 1318 288 1358 p.
315 1307 398 1348 776
427 1317 462 1344 ν.
487 1307 528 1347 3.
585 1305 644 1343 ad
660 1306 834 1359 Bovem]
871 1305 1026 1360 βουνόν
1054 1319 1123 1359 pro
1153 1307 1258 1358 βοῦν
1286 1304 1464 1345 mendose
1489 1304 1602 1344 habet

137 1362 276 1410 codex,
302 1361 406 1413 quod
423 1360 481 1401 vel
500 1373 546 1401 ex
565 1362 715 1402 zonara
738 1363 865 1415 liquet·
921 1364 1087 1404 meminit
1113 1363 1219 1402 huius
1244 1363 1314 1401 fori
1342 1374 1457 1413 saepe
1487 1373 1600 1413 supra

138 1419 251 1458 etiam
268 1421 407 1459 noster.
464 1418 550 1457 vide
568 1418 708 1458 Zonar.
727 1420 764 1459 in
784 1421 858 1460 fine
877 1420 1162 1460 Phocae.Xr1..
1219 1414 1380 1459 Βουνόν
1405 1419 1600 1466 Mentem,

136 1474 256 1514 locum
277 1473 402 1527 epotis
425 1474 479 1514 ita
502 1479 682 1515 vocatum.
709 1477 870 1515 vaurum
890 1478 1015 1516 scribit
1032 1475 1165 1516 Paulus
1181 1475 1381 1523 Diaconus,
1409 1475 1602 1524 Xylander

136 1531 316 1577 B‘Wssm,
344 1531 443 1570 Sed‘
433 1543 583 1582 ignare.
621 1534 786 1583 quamvis
815 1529 970 1587 βουνόν
1000 1534 1038 1572 ἰιι
1068 1537 1199 1573 neutro
1223 1531 1409 1572 modernis
1440 1543 1601 1569 carnem

137 1586 330 1627 bubalam
344 1592 461 1627 sonet.
515 1588 652 1627 GOAR.

249 1643 306 1682 ib·
338 1656 374 1683 v·
403 1646 445 1687 9.
499 1643 667 1698 Alldis]
689 1639 831 1686 Ἀλιόί.
886 1646 1073 1686 Diaconus
1096 1645 1302 1684 Senalidus.
1361 1646 1400 1683 et
1424 1656 1492 1695 pro
1514 1639 1602 1682 Ῥω-

138 1716 220 1755 μην
235 1700 336 1740 haud
354 1700 467 1740 dubie
482 1700 680 1753 legendum
697 1700 937 1754 Ῥωμανίαν,
972 1703 1028 1742 vel
1044 1702 1173 1742 saltem
1188 1702 1258 1739 hoc
1274 1713 1342 1752 per
1360 1700 1447 1738 illud
1467 1700 1603 1738 intelli-

137 1758 322 1809 gendum,
350 1761 391 1795 ut
407 1762 494 1810 post
513 1758 552 1796 in
567 1756 774 1810 Apsimaro.
830 1772 897 1812 pro
915 1755 1158 1813 πατριάρχης
1176 1757 1385 1810 πατρίκιος
1405 1769 1450 1795 ex
1469 1756 1602 1796 eodem

137 1815 266 1855 scribe.
295 1814 388 1852 er..
443 1813 645 1866 Λαζικῆς]
676 1814 857 1854 Colchidis
875 1817 1047 1866 regionis.
1102 1816 1238 1856 GoAu.

251 1868 306 1908 ib.
329 1882 363 1910 v.
386 1871 451 1911 16.
479 1871 702 1919 ταξατίωνα
725 1869 952 1912 καταλιπών
974 1873 1065 1924 quid
1087 1873 1146 1919 sit,
1174 1870 1337 1909 nondum
1355 1868 1476 1906 didici.
1496 1868 1599 1909 ΧΠ..

139 1928 380 1966 taxationem
401 1927 639 1966 Iureconsulti
659 1927 966 1979 interpretantur.
1005 1929 1072 1967 sed
1097 1928 1169 1966 alia
1197 1931 1254 1965 est
1278 1925 1337 1963 hic
1363 1925 1461 1963 vocis
1485 1924 1600 1962 inter-

135 1985 317 2038 pretatio,
356 1983 475 2035 inquit
490 1983 685 2024 Meursius.
742 1990 864 2034 certe,
900 1985 1025 2023 subdit
1051 1984 1133 2032 ille,
1173 1981 1367 2033 Xylander
1397 1992 1474 2019 non
1509 1980 1600 2017 satis

138 2042 236 2081 bene
253 2039 448 2092 legatum:
479 2041 659 2080 debuerat
672 2040 796 2091 potius
817 2040 1064 2091 ριαεείιίἰιιηι
1082 2052 1243 2092 ponere,
1270 2036 1411 2076 tuendo
1432 2036 1600 2074 nimirum

137 2098 210 2150 ipsi
227 2097 355 2136 Ioanni
371 2110 584 2137 concessum
609 2096 832 2145 ταξατίωνα
854 2097 974 2138 ἰ’.διον
1029 2097 1083 2135 sic
1105 2097 1216 2164 apud
1223 2095 1353 2134 Const.
1374 2093 1422 2132 de
1448 2091 1596 2131 Admin.

137 2154 229 2206 Imp.
245 2155 487 2220 κρατοῦντος
506 2155 579 2194 τοῦ
591 2148 792 2206 ’Λβιμὲλεχ
809 2148 1120 2206 ἐπεστράτευσαν
1141 2152 1184 2192 οἱ
1195 2147 1370 2203 ’Ἄραβες
1385 2150 1438 2204 τῇ
1459 2143 1600 2199 Ἀφρι-

137 2213 206 2266 κῇ,
232 2208 303 2250 καὶ
322 2205 473 2261 ταύτην
495 2208 734 2263 παρέλαβον,
763 2209 831 2251 καὶ
853 2209 898 2252 ἐκ
915 2211 990 2251 τοῦ
1007 2209 1160 2249 οἰκείου
1182 2207 1356 2261 στρατοῦ
1377 2189 1602 2269 ταξατίωνα

137 2266 183 2310 ἓν
201 2281 327 2323 ταυτῃ
342 2265 597 2319 κατέστησαν.
653 2266 784 2305 Gom.

249 2322 305 2361 ib.
336 2335 373 2363 v.
408 2325 469 2364 17.
522 2321 867 2374 protosymbulus]
905 2322 1007 2374 apud
1038 2320 1223 2362 Zonaram
1257 2315 1599 2372 protososymbulus

135 2380 294 2432 legitur,
319 2370 450 2419 vitiose
470 2385 575 2431 puto.
617 2381 718 2418 er..

250 2435 304 2474 ib.
337 2449 372 2478 v.
406 2439 470 2480 19.
529 2437 779 2500 φοσσατικῶς
802 2428 1036 2486 dalmatia]
1075 2433 1315 2483 interpretor:
1354 2429 1466 2466 iuxta
1487 2427 1598 2465 mili-

137 2494 217 2532 tiae
238 2493 344 2546 leges
364 2493 574 2530 exercitum
590 2493 767 2543 viresque
787 2503 919 2529 omnes
933 2490 1128 2528 admovet.
1173 2489 1308 2527 GoAR.

249 2549 306 2589 ib
338 2562 372 2588 v.
401 2552 468 2590 21.
526 2550 742 2598 drungarius
770 2553 828 2586 est
849 2547 1016 2586 tribunus
1034 2547 1212 2595 militum,
1253 2547 1293 2582 ut
1314 2555 1360 2582 ex
1380 2539 1532 2579 Aeliano
1557 2543 1596 2578 et

137 2606 263 2646 libello
294 2607 343 2645 de
372 2606 514 2645 Officiis
543 2605 672 2644 Palatii
692 2604 847 2644 Wolfius
869 2603 1071 2642 annotavit.
1126 2603 1212 2640 vide
1235 2598 1451 2640 Turnebum
1470 2597 1595 2644 etiam,

137 2662 193 2703 24
217 2662 272 2704 25
302 2662 459 2702 Advers.
484 2662 682 2713 Cibyratae
708 2662 745 2699 in
773 2661 899 2699 Cilicia
926 2665 1025 2698 sunt.
1054 2658 1153 2698 er..
1225 2650 1489 2708 δρουγγάριον
1513 2666 1596 2692 των

138 2718 470 2772 Κιβνρραιωτῶν]
500 2724 605 2758 erant
620 2719 657 2756 in
674 2718 833 2756 exercitu
850 2717 1102 2755 Romanorum
1121 2714 1269 2754 navales
1286 2717 1428 2751 turmae
1447 2710 1540 2748 sicut
1559 2713 1596 2747 et

137 2780 353 2824 terrestres,
390 2776 540 2827 proprio
566 2775 829 2826 provinciarum
859 2774 1006 2811 nomine
1030 2773 1163 2813 dictae.
1221 2766 1506 2809 nominatissima
1527 2765 1597 2803 suit

138 2832 460 2884 Cibyrraeotarum
490 2845 514 2871 a
543 2832 698 2882 Cibyrra
723 2832 800 2870 sive
824 2830 959 2880 Cibyra
988 2828 1118 2869 Cariae
1145 2828 1234 2867 urbe
1264 2836 1400 2876 magna
1422 2822 1597 2862 Straboni
