1916 3210
301 162 398 208 862
722 158 1016 203 XYLANDRI
1048 159 1120 202 ET
1155 159 1329 204 GOARI

299 272 368 312 niti
386 270 460 310 filio
481 267 624 322 cpolim
643 268 766 319 misit,
809 281 854 309 ac
869 267 1066 310 Eudoxiae
1083 269 1232 311 nomine
1250 270 1423 324 deinceps
1441 272 1582 313 audivit
1602 272 1756 324 insigni-

299 334 389 368 tam.
447 328 585 366 Gom.
1507 339 1509 342 ·

411 386 440 421 t.
459 383 495 420 ΙΙ
519 396 556 433 p.
575 381 656 422 319
675 394 712 421 V.
734 380 802 422 13.
859 379 987 433 demi]
1016 382 1056 420 id
1081 385 1139 422 est
1158 382 1267 435 pagi:
1303 382 1355 422 sic
1385 384 1483 423 enim
1512 383 1640 424 Cicero
1666 397 1757 425 con-

298 439 408 479 vertit
432 438 571 476 Atticos
604 432 771 489 δήμους.
827 443 986 477 ceterum
1017 442 1081 477 aut
1109 436 1249 492 βάθρα
1283 440 1398 491 pedes
1428 440 1658 491 significant,
1689 444 1757 480 ant

299 491 452 547 στήθεα
478 506 627 545 quoque
655 495 755 533 aliud
773 507 881 545 quam
903 495 1150 534 communiter.
1183 497 1281 537 er..
1339 495 1480 548 δῆμοι]
1509 497 1756 548 prominentes

298 555 479 590 tectorum
498 550 743 590 tabulatorum
761 555 1021 603 petrarumque
1038 563 1084 590 ex
1100 552 1274 591 aedificiis
1291 552 1424 600 facies,
1453 552 1691 603 suggrundae
1716 556 1758 593 et

299 618 457 647 coronae
474 607 646 658 parietis,
683 611 768 646 sunt
787 607 929 660 δῆμοι,
968 611 1009 646 ut
1038 608 1102 658 qui
1127 608 1302 661 populum
1324 609 1558 660 prospiciant.
1617 603 1758 660 βάθρα

301 664 459 702 diximus
485 675 595 715 supra
616 676 697 702 esse
721 669 894 715 suggesta
927 665 1108 714 sedesque
1136 664 1302 716 lapideas
1323 666 1486 717 partibus
1501 666 1759 718 imperatorem
1806 667 1809 670 ’

300 719 526 771 excepturiS,
564 719 727 771 ipsisque
747 721 988 772 excipiendis,
1026 721 1127 759 iuxta
1146 720 1321 773 palatium
1341 721 1550 773 dispositas.
1606 717 1759 773 στήθεα

300 775 512 814 columellae
531 781 618 813 sunt
632 777 761 816 ordine
781 777 978 828 dispositae
999 789 1041 815 ac
1058 777 1290 829 superposito
1312 776 1470 827 longiori
1490 776 1657 830 epistelio
1675 778 1760 816 iun·

300 837 405 880 ctae,
434 832 652 871 circumiecti
670 832 798 883 clatri,
839 833 1060 872 circumdata
1082 838 1191 886 septa
1215 837 1253 873 et
1281 833 1476 886 repagula,
1513 834 1588 873 sive
1608 833 1761 874 cancelli

302 888 535 936 humiliores,
576 890 695 940 spatio
723 903 790 928 suo
818 890 990 928 interiore
1015 894 1180 941 receptos
1204 902 1226 928 a
1246 890 1500 930 circumstante
1522 889 1580 929 vel
1600 890 1761 929 irruente

302 946 413 984 turba
429 950 720 996 propugnantes.
759 947 965 984 Germanus
986 946 1023 983 in
1040 945 1276 997 Mystagogia
1296 959 1372 985 non
1390 946 1501 997 longe
1516 947 1564 985 ab
1585 945 1759 986 exordio:

303 998 353 1042 τὰ
374 997 510 1041 κιόνια
539 999 629 1053 ἤτοι
657 999 706 1042 τοὶ
737 998 888 1054 στήθεα
911 1002 1191 1055 διαχωρίζοντα
1211 999 1254 1043 τὸ
1275 1003 1384 1054 βῆμα
1414 998 1494 1044 vind
1515 1004 1589 1043 τοῦ
1613 1003 1762 1043 λοιποῦ

303 1059 430 1108 ναοῦ,
466 1055 536 1098 καὶ
564 1054 770 1111 κάγκελλα.
827 1059 882 1097 his
914 1059 1028 1096 tribus
1053 1059 1171 1097 verbis
1196 1060 1388 1110 expositis,
1431 1061 1543 1112 plana
1570 1062 1628 1098 est
1655 1071 1759 1098 mens

301 1114 410 1154 huius
433 1115 644 1154 sententiae.
700 1114 864 1153 violenti
891 1121 1095 1157 ventorum
1119 1115 1254 1165 flatus
1285 1116 1409 1152 exorti
1436 1121 1555 1161 sunt,
1592 1127 1761 1166 quorum

302 1172 455 1221 impetu
473 1171 733 1222 snggrundae
760 1172 852 1208 teeti
875 1178 912 1208 et
931 1172 1133 1222 parietum
1154 1171 1375 1209 decidentes
1397 1178 1435 1208 et
1454 1171 1592 1223 lapsae
1610 1185 1760 1223 sugge-

303 1234 369 1265 sta
388 1227 571 1278 sedesque
592 1227 670 1265 sibi
694 1227 908 1274 subiectas,
949 1241 1021 1265 nee
1045 1241 1126 1266 non
1155 1235 1191 1265 et
1222 1228 1419 1279 repagula
1446 1228 1762 1266 comminuerunt

303 1290 343 1321 et
360 1284 640 1322 contriverunt.
701 1285 891 1337 Xylander
907 1285 1010 1335 quasi
1030 1298 1051 1324 e
1071 1297 1179 1324 scena
1203 1285 1314 1324 risum
1334 1286 1508 1325 facturus.
1565 1284 1761 1323 violentus

303 1347 445 1380 ventas
465 1341 627 1387 exstitit,
654 1342 793 1392 inquit3
823 1349 859 1378 et
877 1347 1097 1379 corruentes
1119 1343 1192 1393 qui
1207 1348 1401 1379 vocantur
1417 1341 1539 1388 demi,
1567 1341 1761 1379 contrive-

302 1403 399 1434 runt
420 1410 554 1434 eorum
574 1399 645 1449 qui
666 1398 778 1450 infra
797 1405 912 1436 erant
924 1405 1088 1448 pectora
1105 1405 1224 1450 atque
1232 1398 1371 1448 pedes.
1402 1399 1542 1439 Gonu.

414 1457 441 1492 t.
461 1454 494 1492 11
522 1468 559 1505 p.
576 1457 658 1496 320
681 1468 716 1493 ν.
739 1458 804 1497 13.
858 1455 936 1492 Elis
957 1455 1108 1493 historia
1125 1468 1170 1494 ex
1192 1455 1369 1507 principio
1386 1455 1558 1494 librorum
1575 1466 1761 1494 sacrorum

301 1509 466 1549 samueli
486 1515 542 1548 est
562 1512 761 1550 notissima.
817 1514 856 1550 et
883 1512 1043 1549 narratio
1072 1512 1121 1550 de
1140 1512 1330 1551 Edessena
1357 1512 1518 1564 imagine
1536 1515 1613 1562 cst,
1642 1522 1760 1563 quan-

303 1579 416 1618 quam
436 1567 552 1606 secius
570 1571 680 1617 atque
699 1568 777 1616 hic,
807 1580 917 1619 supra
942 1567 1118 1618 exposita.
1175 1567 1268 1606 er..

416 1621 471 1659 ib.
503 1635 540 1663 v.
566 1620 629 1662 14.
691 1620 889 1675 Πρώτην]
916 1623 1151 1674 Hellesponti
1170 1624 1219 1661 ad
1238 1622 1302 1661 ΟΡ
1321 1622 1486 1661 insulam.
1543 1623 1676 1661 GoAn.

415 1682 442 1719 t.
466 1678 499 1716 11
527 1692 564 1730 p.
579 1676 663 1719 324
688 1692 721 1718 v.
746 1680 810 1720 11.
862 1685 982 1730 poeta
1001 1678 1083 1730 ait]
1133 1692 1259 1717 sensus
1287 1683 1362 1717 est:
1409 1680 1503 1717 sicut
1539 1679 1639 1718 calor
1669 1678 1760 1718 alius

302 1734 378 1774 alio
398 1735 648 1773 vehementior
669 1739 746 1784 est,
783 1736 838 1774 ita
861 1735 1039 1786 Stephani
1056 1748 1205 1785 quoque
1228 1739 1347 1774 astum
1370 1740 1411 1773 et
1432 1739 1603 1774 conatum
1624 1735 1763 1774 maiore

303 1788 614 1842 Porphyrogeniti
641 1791 840 1831 calliditate
870 1804 913 1831 ac
942 1792 1064 1830 studio
1090 1791 1204 1831 fuisse
1233 1791 1446 1843 impeditum
1473 1795 1511 1831 et
1535 1792 1676 1830 irritum
1703 1791 1762 1830 fa-

300 1850 410 1885 ctum.
467 1848 561 1887 Xrn.

416 1901 472 1940 ib.
495 1917 532 1945 v,
554 1904 620 1945 23.
682 1898 889 1958 Πανόρμῳ
908 1899 1045 1960 νήσῳ]
1075 1903 1307 1956 Hellesponti
1324 1904 1458 1942 insula.
1513 1903 1648 1943 GoAR.

417 1963 448 2000 t.
467 1959 503 1998 II
531 1973 568 2011 p.
590 1958 671 2001 325
691 1973 725 1999 V.
748 1961 784 2000 1.
849 1961 1099 2017 Τερεβίνθῳ]
1130 1962 1168 2000 in
1189 1962 1316 2000 eadem
1335 1959 1576 2012 Propontide.
1628 1959 1760 1998 Gon.

417 2019 445 2054 t.
463 2016 499 2054 11
527 2029 564 2067 p.
583 2018 666 2058 328
684 2029 718 2055 v.
738 2019 779 2057 2.
835 2015 916 2058 ’ὕπὸ
928 2012 1129 2068 Ἰωάννου]
1151 2018 1199 2057 ab
1214 2017 1363 2056 Othone
1382 2017 1612 2068 imperatore,
1636 2016 1760 2055 scribit

307 2070 564 2124 Curopalate5‚
594 2073 651 2111 cui
669 2074 802 2112 veritas
823 2074 996 2114 historiae
1014 2075 1220 2113 subscribit.
1276 2073 1413 2112 GoAR.

419 2132 448 2170 t.
464 2129 500 2167 II
527 2142 564 2179 p-
586 2130 667 2170 329
699 2142 733 2168 V.
757 2132 796 2170 7.
852 2137 1009 2168 mortua
1038 2131 1214 2182 virgine]
1253 2129 1306 2167 ait
1335 2143 1377 2169 se
1403 2129 1443 2166 id
1472 2139 1583 2179 snpra
1610 2139 1760 2178 quoque

306 2183 452 2223 dixisse.
477 2209 479 2212 >
509 2185 576 2224 sed
595 2186 634 2223 in
654 2189 779 2224 nostro
798 2188 923 2226 codice
935 2216 946 2235 ,
986 2201 1031 2227 eo
1053 2189 1135 2239 ipso
1161 2187 1242 2225 loco
1269 2198 1343 2236 quo
1361 2198 1442 2224 eam
1459 2184 1623 2235 quinque
1642 2196 1758 2222 annos

306 2253 387 2279 cum
409 2241 578 2279 Romano
599 2242 729 2281 vixisse
746 2242 896 2291 dicitur,
923 2243 1089 2282 librarius
1111 2243 1305 2294 quaedam,
1333 2246 1437 2294 puto,
1461 2242 1642 2288 omiserat,
1663 2252 1760 2290 quae

307 2297 356 2335 ab
380 2297 451 2335 alio
476 2298 613 2336 deinde
634 2302 738 2347 sunt,
767 2302 808 2336 ut
825 2303 864 2338 et
882 2300 960 2338 aliis
981 2301 1090 2348 locis,
1119 2300 1268 2338 inserta.
1325 2302 1423 2337 certe
1442 2297 1532 2336 haec
1549 2309 1630 2335 cum
1649 2308 1760 2347 supe-

307 2353 464 2391 rioribus
500 2366 576 2391 non
603 2359 827 2405 congruunt,
870 2357 971 2406 quod
999 2358 1087 2394 satis
1119 2356 1230 2394 habui
1261 2359 1448 2393 annotare.
1505 2356 1543 2392 et
1573 2352 1675 2403 quod
1701 2351 1759 2390 hic

304 2409 412 2460 paulo
433 2414 519 2448 ante
537 2410 693 2449 Ioannes
713 2412 934 2451 Francorum
954 2413 1030 2451 sive
1051 2425 1119 2450 rex
1141 2414 1216 2450 sive
1239 2412 1437 2462 imperator
1458 2409 1602 2456 dicitur,
1628 2407 1759 2446 horum

306 2470 473 2504 neutrum
494 2465 663 2506 historiae
683 2470 885 2517 consentit,
930 2482 1011 2507 cum
1030 2482 1095 2520 per
1117 2469 1155 2507 id
1169 2472 1312 2519 tempus
1334 2468 1580 2505 Romanorum
1602 2465 1760 2516 impera-

306 2524 405 2559 tores
429 2523 564 2560 fuerint
584 2523 764 2563 Henricus
786 2524 931 2577 Auceps
960 2530 998 2564 et
1022 2526 1112 2564 Otto
1119 2552 1132 2572 ,
1171 2525 1270 2563 cuius
1299 2522 1410 2575 paulo
1435 2526 1520 2574 post
1543 2521 1586 2560 fit
1607 2520 1759 2568 mentio,

307 2576 494 2669 {azzonem
519 2579 557 2617 in
576 2578 696 2620 Gallia
710 2585 833 2621 autem
850 2582 1035 2633 regnarint
1055 2581 1264 2620 Ludovicus
1283 2584 1320 2619 et
1340 2580 1418 2619 eius
1434 2577 1528 2617 filius
1549 2576 1758 2616 Letharins.

345 2647 401 2672 Yn.

421 2689 475 2727 ib.
506 2703 540 2728 v.
571 2693 636 2734 16.
691 2695 764 2735 τοῦ
790 2696 1043 2746 σημαντῆρος
1067 2695 1137 2745 τῆς
1162 2691 1369 2744 ἐκκλησίας
1396 2689 1440 2731 ἐν
1468 2683 1589 2744 αὐτῇ]
1627 2686 1758 2727 excidit

309 2746 521 2784 vocabulum
548 2747 647 2787 haud
675 2750 802 2790 dubie:
830 2763 916 2789 nam
943 2763 1115 2801 quorsum
1142 2751 1296 2788 refertur
1318 2748 1408 2786 illud
1429 2745 1471 2788 ἓν
1490 2741 1623 2800 αὐτῇ.)
1650 2742 1757 2794 quale

309 2801 370 2838 vel
394 2801 620 2843 instrumenti
645 2805 702 2846 vel
728 2819 912 2846 armorum
938 2819 1053 2858 genus
1078 2806 1288 2858 arripuerit,
1315 2817 1391 2844 non
1410 2814 1560 2856 possum
1581 2801 1754 2840 divinare.
