1890 3236
295 229 360 276 70
760 225 995 275 GEORGII
1027 226 1269 272 CEDRENI

293 342 476 399 μάθησιν
504 340 559 392 ὥς
586 339 635 384 τᾶ
665 338 790 382 αὖτοῦ
819 338 1089 396 ἂνατρὲποντα
1118 340 1185 382 καὶ
1214 337 1414 395 δυνάμενα
1427 339 1730 395 μεταδιδάσκειν

243 419 275 454 D
298 413 349 456 τὰ
376 411 578 468 κρείττονα
605 406 848 462 ἄπεβάλλετο
871 409 937 450 καὶ
958 407 1159 463 ἠτίμαζεν.
1225 409 1340 463 ἐτίμα
1362 410 1405 452 δὲ
1425 410 1476 452 τὰ
1496 412 1620 453 uiscera
1637 413 1728 456 δια-

292 477 515 538 φερόντως·
551 475 603 519 τὰ
627 477 670 519 δὲ
687 471 749 531 ἦν,
793 479 901 519 συῶν
922 476 995 531 μὲν
1016 481 1096 518 τῶν
1117 473 1335 533 ἆρτιτόκων
1355 479 1556 534 προλέγειν
1577 477 1666 524 ὅσοι
1684 496 1727 524 τε

292 547 447 590 ἔσονται
475 544 683 602 εὐτραφεῖς
710 545 776 587 καὶ
803 541 1001 598 σωμάτων
1022 544 1221 601 μεγέθους
1249 544 1321 586 οὐκ
1338 545 1625 603 ἄμοιρήσουσι,
1658 552 1726 591 καὶ

289 614 377 657 ὅσοι
395 619 478 663 τοῖς
494 613 683 663 ἐναντίοις
700 610 1056 669 περισχεθήσονται
1066 643 1080 664 ,
1111 614 1178 654 καὶ
1191 613 1325 656 ἵππων
1343 614 1417 667 μὲν
1433 614 1547 670 ἐγγὺς
1563 613 1724 659 ἑστάναι
1736 622 1759 658 ⁵

290 685 371 725 τῶν
387 678 646 732 λακτιζόντων
669 682 834 732 εἰδέναι,
867 679 984 731 ὅνους
1011 681 1055 723 δὲ
1082 680 1177 731 τοὺς
1205 682 1458 733 λακτίζοντας
1485 680 1540 734 ὥς
1563 699 1727 742 πορρω-
1777 691 1780 694 ⁴

289 748 398 792 τάτω
415 749 680 806 ..ἐκτρέπεσθαι
701 748 872 806 εὐφυῶς.
935 746 1111 803 ἡμιόνων
1138 765 1181 792 τε
1210 749 1348 806 κριτὴς
1375 749 1538 807 ἄριστος
1561 746 1624 807 ἦν,
1658 754 1726 795 καὶ

289 815 442 860 τούτων
469 816 556 867 ὅσοι
583 818 657 871 μὲν
686 817 787 874 πρὸς
813 814 964 873 φόρτον
989 815 1204 871 ἐπιτήδειοί
1220 819 1293 860 εἶσι
1316 819 1542 874 διακρίνειν,
1574 817 1662 862 ὅσοι
1679 820 1730 863 δὲ.

289 885 384 935 τοὺς
401 884 593 938 ἐπιβάτας
616 883 797 942 εὐφόρως
812 885 945 941 φέρειν
964 884 1176 937 δύνανται,
1219 887 1286 928 καὶ
1303 884 1362 940 μή
1379 903 1455 928 τινι
1475 888 1594 946 πτοία
1610 905 1727 945 περι-

285 954 387 1003 δεεῖς
417 950 612 1008 γινόμενοι
641 954 966 1009 ἐκτραχηλίζοιεν.
1045 953 1092 996 οὔ
1117 953 1199 1008 μὴν
1226 953 1331 995 ἀλλὰ
1357 956 1424 996 καὶ
1453 954 1548 1005 τοὺς
1573 956 1723 1007 ἵππους
1734 967 1778 1002 10

284 1020 513 1078 ὀφθαλμῶν
532 1018 655 1075 μόνον
675 1022 819 1078 κρίνων
838 1021 1060 1074 ἐπιβολαῖς,
1099 1020 1187 1064 ὅσοι
1205 1039 1248 1064 τε
1274 1021 1376 1079 πρὸς
1399 1021 1552 1079 δρόμον
1571 1022 1723 1066 εὸτονοι

149 1098 179 1132 Ρ
201 1098 268 1136 497
289 1090 357 1131 καὶ
376 1095 508 1143 ταχεῖς
521 1091 588 1130 καὶ
605 1087 692 1131 ὅσοι
710 1088 810 1145 πρὸς
827 1087 1000 1142 πόλεμον
1016 1089 1062 1131 τὸ
1079 1089 1310 1146 καρτερικὸν
1331 1089 1591 1143 διασώζουσι·
1619 1108 1723 1149 προ-

281 1155 419 1210 βάτων
448 1173 490 1198 τε
518 1158 586 1199 καὶ
615 1160 725 1210 βοῶν
752 1157 953 1208 εὖτοκίας,
999 1158 1067 1199 καὶ
1084 1157 1156 1212 τὴν
1174 1162 1246 1200 τοῦ
1265 1157 1461 1214 γάλακτος
1481 1158 1575 1202 ὅσαι
1593 1160 1722 1214 δαψί-

283 1227 391 1267 λειαν
414 1224 457 1266 ἐκ
486 1222 644 1281 φύσεως
670 1223 836 1278 ἔλαχον·
869 1228 950 1267 τῶν
975 1241 1017 1267 τε
1046 1223 1260 1282 ἀρτιγενῶν
1289 1224 1541 1281 γεννημάτων
1560 1229 1720 1271 εῗδέναι
1760 1270 1762 1272 ,

282 1293 496 1349 διακρίνειν
512 1299 624 1336 ποῖον
639 1290 778 1342 ὁποίας
794 1293 876 1335 ἐστὶ
892 1290 1057 1349 μητρός.
1103 1294 1170 1335 καὶ
1190 1293 1242 1336 τὰ
1261 1294 1334 1347 μὲν
1352 1298 1424 1348 τῆς
1445 1292 1607 1351 πρώτης
1625 1293 1715 1351 ἧλι-
1728 1295 1772 1339 15

282 1360 392 1411 κιάς,
421 1361 539 1402 εἰπεῖν
568 1360 611 1402 δὲ
637 1362 703 1402 καὶ
729 1365 801 1415 τῆς
828 1362 1074 1411 τελευταίας,
1116 1365 1245 1404 ταῦτα
1266 1362 1316 1416 δὴ
1335 1361 1386 1404 τὰ
1402 1360 1633 1417 μαθήματα
1651 1366 1724 1406 καὶ

280 1425 633 1483 σεμνολογήματα·
675 1426 730 1479 ὧς
760 1429 803 1470 δὲ
828 1427 1000 1483 ἤκμαζεν
1031 1427 1133 1483 ἤδη,
1171 1429 1242 1471 τὸν
1260 1430 1407 1484 πένητα
1423 1431 1514 1483 βίον
1535 1433 1719 1475 διαθλῶν

280 1496 347 1537 καὶ
367 1500 581 1552 καρτερῶν,
608 1495 769 1539 ἔσπευδε
786 1500 927 1539 τοῦτον
950 1494 1059 1553 πάσῃ
1079 1496 1389 1554 ἀποτρίψασθαι
1409 1502 1582 1555 μηχανῇ.
1649 1502 1722 1542 καί

278 1579 373 1606 ποτε
403 1567 462 1621 τῷ
489 1561 632 1607 favvo&
660 1563 871 1621 παραστὰς
901 1569 1112 1621 στρατηγῷ
1138 1563 1280 1607 ἑαυτὸν
1310 1563 1524 1622 ὑπέφαινε,
1569 1570 1620 1624 τῇ
1645 1572 1717 1623 τῆς

271 1629 450 1686 γλώττης
468 1630 705 1688 τραυλότητι
726 1633 796 1675 τὸν
815 1631 990 1689 ἄρχοντα
1010 1630 1308 1687 ἐκκαλούμενος.
1361 1638 1442 1676 τῶν
1462 1634 1507 1676 δὲ
1525 1634 1771 1691 Ἇθιγγά-ΞΟ

230 1707 260 1743 Β
283 1715 361 1740 νων
377 1715 449 1750 τις,
478 1700 653 1755 γνωστὸς
665 1698 857 1757 ὑπάρχων
873 1704 931 1757 τῷ
947 1703 1168 1757 στρατηγῷ,
1195 1699 1317 1743 αὐτόν
1329 1718 1372 1743 τε
1387 1705 1529 1744 τοῦτον
1543 1701 1613 1744 τὸν
1624 1706 1717 1746 Μι-

272 1766 382 1820 χαὴλ
401 1768 472 1808 καί
484 1785 572 1810 τινα
589 1768 720 1825 ἕτερον
740 1767 1001 1825 περιβοήτους
1017 1767 1182 1811 ἔσεσθαι
1197 1769 1288 1822 μετ’
1311 1769 1358 1811 οὗ
1376 1768 1480 1814 πολὺ
1497 1769 1716 1828 διηγόρευε,

277 1836 343 1875 καὶ
363 1835 569 1887 βασιλείας
589 1836 712 1891 αὐτῆς
733 1837 925 1890 ἐπιτυχεῖν
949 1835 1020 1877 οὗκ
1043 1837 1083 1878 ἐν
1108 1840 1253 1893 μακρῷ
1274 1841 1330 1894 τῷ
1345 1835 1494 1895 χρόνῳ.
1559 1838 1717 1891 τούτοις

277 1898 298 1943 ὅ
321 1902 540 1960 στρατηγὸς
558 1902 630 1959 τὴν
654 1903 793 1959 ψυχὴν
818 1904 1128 1961 ἐκθερμανθείς,
1175 1905 1241 1946 καὶ
1262 1904 1307 1947 τὸ
1332 1906 1479 1959 μέλλον
1499 1903 1631 1964 ὥσπερ
1651 1909 1716 1950 ἐν-

363 2030 388 2065 6
407 2039 447 2065 τε
469 2029 528 2065 CP
661 2032 685 2067 8
707 2031 891 2077 διακρῖναι
911 2031 940 2066 Ρ
960 2082 963 2085 ¹
1073 2029 1120 2067 24
1136 2030 1426 2077 διαθερμανθεὶς
1449 2033 1481 2068 C

272 2141 365 2174 omni
387 2141 544 2177 doctrina
566 2147 602 2179 et
624 2143 806 2190 disciplina
825 2143 1052 2189 ignominiose
1073 2143 1267 2190 repudiata,
1296 2145 1389 2189 quod
1413 2144 1494 2180 inde
1515 2155 1578 2180 sua
1599 2147 1714 2182 everti

273 2189 310 2220 et
332 2198 371 2220 se
392 2188 512 2231 melius
534 2188 664 2235 aliquid
687 2189 805 2225 doceri
826 2202 931 2236 posse
954 2195 1134 2224 metueret.
1182 2201 1245 2225 sua
1273 2202 1359 2225 vero
1390 2190 1528 2226 maximi
1550 2192 1712 2236 ducebat,

271 2242 363 2276 quae
394 2239 493 2268 erant
520 2236 723 2280 praedicere
754 2247 935 2281 porcorum
957 2246 1080 2270 recens
1100 2240 1259 2270 natorum
1280 2235 1340 2281 qui
1361 2236 1540 2281 praeclare
1561 2238 1714 2273 ndultnri

274 2281 389 2312 essent
409 2284 472 2314 aut
486 2286 617 2325 contra,
640 2292 742 2327 posse
761 2281 861 2326 equis
883 2281 1139 2316 calcitrantibus
1186 2292 1272 2326 rope
1293 2281 1478 2327 assistere,
1501 2282 1617 2318 asinos
1639 2284 1712 2318 eel-

273 2321 437 2358 citrantes
459 2330 535 2360 arte
554 2337 654 2372 quam
675 2326 872 2371 longissime
894 2327 1027 2370 vitare3
1049 2326 1093 2360 de
1115 2337 1169 2360 mu
1183 2326 1214 2360 is
1238 2327 1365 2371 optime
1386 2327 1552 2372 iudicare,
1579 2334 1615 2364 et
1636 2329 1711 2364 dis-

273 2377 415 2402 cernere
439 2370 498 2414 qni
520 2372 681 2407 oneribus
704 2378 764 2407 aut
784 2372 844 2417 qui
868 2373 997 2407 sessori
1020 2372 1288 2407 commodissime
1308 2373 1453 2408 ferendo
1485 2374 1558 2418 apti
1581 2375 1711 2420 forent,

273 2416 313 2445 ut
337 2412 426 2447 nullo
450 2427 580 2459 pavore
602 2418 812 2452 consternati
844 2429 919 2452 eum
953 2422 1174 2459 excuterent3
1206 2429 1313 2463 equos
1335 2418 1408 2453 solo
1432 2419 1559 2454 intuitu
1584 2420 1711 2464 ‹ligno-

273 2467 390 2501 scere,
423 2461 481 2504 qui
513 2462 557 2496 ad
589 2475 722 2498 cursum
756 2463 890 2499 robusti
912 2468 947 2498 et
970 2463 1102 2498 celeres
1124 2463 1182 2498 vel
1202 2463 1327 2499 bellica
1347 2464 1552 2499 fortitudine
1574 2465 1709 2500 nobiles

273 2507 390 2537 essent
410 2504 536 2549 futuri;
566 2507 648 2543 item
671 2510 715 2543 de
738 2509 852 2544 ovium
877 2514 912 2544 et
939 2510 1041 2544 boum
1073 2509 1286 2544 fecunditate
1314 2521 1356 2543 nc
1375 2509 1476 2544 lactis
1498 2510 1710 2545 abnndantia

272 2551 310 2580 et
331 2548 375 2582 de
396 2552 528 2585 recenti
548 2554 622 2587 fetu
644 2553 809 2599 iudicare,
833 2555 931 2590 cuius
954 2554 1071 2599 quivis
1094 2554 1211 2589 matris
1233 2559 1339 2589 esset.
1365 2555 1450 2589 haec
1472 2554 1547 2589 eius
1567 2555 1717 2590 fuerunt

272 2592 383 2636 prima
406 2601 520 2630 aetate
542 2598 673 2643 studia,
710 2600 834 2645 quibus
857 2606 893 2635 et
919 2599 1100 2645 postremis
1122 2599 1195 2634 suis
1217 2610 1295 2634 sese
1315 2599 1461 2634 iactavit
1481 2601 1708 2645 temporibus.

272 2648 345 2672 cum
368 2644 479 2674 autem
503 2653 654 2688 paupere
675 2645 749 2679 vita
770 2646 950 2680 toleranda
973 2645 1193 2689 adolevisset,
1219 2645 1311 2679 omni
1333 2650 1456 2679 conatu
1478 2645 1579 2680 nixus
1593 2651 1647 2680 est
1665 2657 1708 2681 ea

270 2693 350 2717 sese
371 2684 538 2728 liberare3
573 2693 609 2722 et
628 2690 806 2734 aliquando
830 2702 927 2725 suum
949 2691 1121 2726 tribunum
1145 2689 1251 2734 adiit,
1282 2689 1400 2733 balba,
1434 2694 1473 2724 ut
1495 2695 1589 2735 erat,
1619 2703 1708 2726 voce

270 2739 347 2763 eum
368 2729 494 2765 iccirco
518 2734 734 2778 compellans.
766 2735 815 2770 ibi
839 2736 1052 2781 Athinganus
1076 2734 1212 2781 quidam
1235 2738 1337 2769 notus
1356 2735 1495 2770 tribuno
1519 2737 1708 2772 affirmavit

269 2775 371 2827 paulo
395 2782 474 2821 post
495 2777 585 2812 hunc
607 2779 813 2815 Michaelum
835 2786 872 2815 et
893 2782 1061 2826 quendam
1083 2780 1184 2815 alium
1207 2779 1370 2815 illustrem
1392 2782 1482 2825 fore,
1505 2793 1546 2816 ac
1560 2781 1705 2827 imperio

269 2830 346 2863 ipso
369 2821 595 2858 Romanorum
620 2824 819 2870 potiturum.
866 2827 909 2860 ad
933 2838 1033 2871 quam
1056 2825 1325 2871 praedictionem
1347 2826 1506 2861 tribunus
1529 2827 1640 2862 animo
1655 2828 1706 2862 ita

202 2904 204 2906 ,
267 2864 411 2902 incaluit
441 2873 478 2904 ut
507 2869 567 2914 qui
599 2870 749 2906 futurum
780 2871 846 2906 iam
878 2872 977 2917 quasi
1000 2873 1038 2907 in
1059 2871 1198 2918 speculo
1221 2876 1303 2907 ante
1325 2871 1441 2907 oculos
1461 2878 1639 2916 cerneret3
1671 2878 1709 2908 et
