1916 3210
338 188 436 234 900
945 188 1190 231 FABROTI

337 299 515 346 καλοῦσι,
544 297 612 335 nisi
633 291 805 348 δημόσια
824 307 892 347 pro
912 296 1058 336 tributis
1076 299 1243 350 accipias,
1271 296 1442 350 Theoph.
1463 299 1502 338 in
1518 295 1782 341 Constantino:

337 350 409 394 τόν
433 368 473 393 τε
504 350 709 392 Θεόδωτον
736 348 804 391 τόν
826 350 1000 404 μοναχὸν
1029 353 1096 393 καὶ
1127 351 1287 406 γενικόν
1317 354 1545 408 λογοθέτην.
1600 357 1684 399 hine
1705 354 1784 399 ἆπό

336 410 525 463 γενικῶν,ι
548 408 610 459 qui
629 421 673 446 eo
694 420 840 446 munere
858 410 1012 448 functus.
1051 411 1207 449 Ioannes
1228 411 1403 460 Scylitzes
1421 413 1455 453 in
1476 412 1651 464 principio
1667 413 1782 458 histo·

337 467 434 504 riae:
473 460 709 515 Νικηφόρον
737 462 929 515 βασιλέως
955 467 1030 505 τοῦ
1051 461 1130 506 «ind
1155 468 1337 519 γενικῶν.
1393 467 1778 518 Chronologiavetus:

338 515 573 574 Νικηφόρος
591 518 616 560 o‘
635 517 714 560 ἀπὸ
729 523 908 573 γενικῶν.
964 523 1093 561 eadem
1119 524 1230 562 verba
1259 524 1297 562 in
1325 525 1353 565 8
1381 524 1533 574 Synodo
1556 536 1596 576 p.
1618 523 1780 568 maed.

335 577 444 616 Rom.

450 624 674 682 δεήσεις,
711 628 733 670 ὁ
761 629 827 671 ἐπὶ
853 632 934 671 τῶν
965 628 1153 684 δεήσεων.
1209 632 1341 682 libelli,
1368 633 1572 673 libellorum
1595 634 1780 684 magister.
1803 663 1806 667 «

337 687 519 737 Georgius
538 685 802 725 Alexandrinus
820 688 857 726 in
878 689 954 726 vita
977 689 1017 727 S.
1039 689 1304 740 Chrysostomi:
1345 686 1445 738 δούς
1462 687 1533 738 τοίς
1553 686 1709 744 δεήσεις
1725 691 1783 745 τῷ

337 745 500 796 βασιλεῖ.
559 742 722 780 Graecus
745 747 872 782 auctor
890 757 969 793 ms,
1020 757 1127 796 quem
1147 746 1235 783 citat
1254 746 1515 785 eruditissimus
1531 746 1686 786 Allatius
1701 748 1786 786 dis-

337 803 424 838 sert.
442 801 469 838 2
490 799 537 836 de
553 797 614 835 lib.
635 798 753 837 Ecel.:
780 795 965 840 Ἰωάννου
989 802 1202 854 μαγίσι-ρον
1224 800 1292 840 καὶ
1315 800 1379 842 ἐπὶ
1402 804 1483 842 τῶν
1503 798 1690 855 δεήσεων.
1731 804 1788 843 de.

335 853 580 894 referendario
599 858 637 892 et
655 856 872 904 regendario
887 857 1004 895 dicam
1024 857 1062 895 in
1083 858 1204 895 Gloss.
1221 857 1369 897 Nomic.
1648 900 1650 902 ,

449 911 472 949 δ
483 909 656 949 εκανοί
683 911 826 949 decani.
878 925 911 950 v.
928 913 988 950 tit.
1010 913 1051 950 C.
1071 914 1120 952 de
1138 914 1298 953 decanis.
1340 914 1385 954 B.
1407 913 1597 964 Chrysost.
1616 914 1655 953 in
1673 913 1781 966 epist.

333 966 438 1005 Pauli
459 965 508 1003 ad
528 966 645 1004 Hebr.
663 980 693 1004 c.
712 969 739 1008 7
759 967 856 1006 hom.
877 967 930 1008 13
943 982 982 1019 p.
1004 968 1086 1009 505
1106 970 1166 1009 ed.
1185 971 1346 1019 Anglic.:
1375 969 1443 1010 καὶ
1461 972 1541 1010 ταῖν
1560 969 1781 1024 λεγομένων

334 1023 515 1063 δεκανῶν
533 1017 657 1061 τόπον
678 1021 879 1074 ἐπέχοντες
899 1023 942 1064 ἐν
960 1028 1044 1073 τοῖς
1062 1025 1274 1076 βασιλείοις
1293 1026 1381 1065 εἰσί.
1435 1026 1594 1065 Flotilda
1611 1026 1649 1064 in
1667 1026 1781 1065 visio·-

334 1080 458 1117 nibus:
487 1077 750 1129 audiebatque
775 1093 907 1117 vocem
927 1080 1134 1127 dicentem,
1173 1082 1280 1132 quod
1297 1082 1343 1119 lzi
1365 1089 1489 1119 essent
1508 1081 1782 1120 archidiaconi

334 1142 373 1171 et
396 1134 615 1184 praepositi
641 1134 865 1186 iudicesque
888 1143 925 1172 et
955 1138 1119 1174 maiores
1146 1145 1265 1189 atque
1288 1138 1442 1176 decani.
1501 1139 1550 1180 B.
1571 1138 1780 1177 Ambrosius

333 1191 358 1229 l.
380 1191 406 1231 5
428 1190 532 1240 epist.
554 1190 628 1232 35:
667 1191 776 1241 quod
792 1193 851 1230 ad
868 1193 1105 1230 Portianam
1133 1192 1341 1232 basilicam
1368 1194 1417 1232 de
1435 1194 1591 1246 palatio
1610 1194 1779 1232 decanos

334 1245 552 1284 mittebant.

445 1297 602 1352 δηλοὲτ
614 1316 696 1354 ωρ,
724 1302 912 1353 δηλατο
924 1300 1007 1357 ρεύ
1021 1320 1108 1345 ειν.
1147 1305 1298 1344 delator.
1336 1305 1515 1358 Ulpianus
1534 1306 1574 1345 in
1587 1305 1780 1346 Timocra-

334 1363 433 1398 team
454 1355 526 1397 τόν
553 1357 808 1411 προσαγωγὲα
838 1360 1095 1411 interpretatur
1123 1358 1341 1415 δηλᾶτωρα.
1397 1362 1652 1402 Theodoretus
1671 1363 1778 1414 epist.

333 1416 406 1456 43:
435 1412 504 1453 καὶ
527 1412 755 1467 δηλάτωρος
777 1413 892 1467 ἔργον
915 1413 1139 1468 δεξάμενος.
1177 1420 1292 1457 utitur
1309 1419 1415 1458 etiam
1432 1419 1537 1470 epist.
1553 1418 1621 1460 45.
1657 1418 1779 1456 Geor-

333 1471 415 1520 gius
430 1469 696 1508 Alexandrinus
715 1472 753 1508 in
771 1472 844 1509 vita
859 1472 901 1513 S.
920 1472 1193 1524 chrysostomi:
1224 1474 1329 1526 ἔτυχε
1354 1472 1397 1514 δὲ
1422 1471 1523 1514 κατά
1549 1488 1638 1514 τινα
1668 1469 1779 1524 φθό-

333 1540 408 1565 νον
430 1523 659 1577 διαβολικόν
684 1527 1028 1580 δηλατορενθῆναι
1053 1526 1203 1582 ταύτην
1224 1528 1299 1583 τήν
1321 1527 1454 1584 ἄωρον
1475 1527 1684 1584 χήρανείς
1708 1527 1779 1577 ταὶς

332 1577 458 1629 οἶκοὰς
478 1582 693 1622 Θεοδοσίου
709 1585 782 1623 τοῦ
799 1582 1001 1634 βασιλέως.

445 1634 733 1691 διαιτάριος
770 1639 948 1678 atriensis.
1005 1640 1230 1679 Glossarium
1249 1641 1457 1680 Philoxeni:
1484 1640 1651 1680 atriensis
1675 1640 1780 1680 διαι-

331 1690 487 1746 τοὶριος,
518 1691 754 1746 διαιτοῖρχης.
812 1695 1071 1746 Theophanes:
1100 1693 1348 1748 Εὕτυχιανός
1375 1696 1419 1736 δέ
1439 1712 1498 1745 τις
1523 1699 1678 1750 πρῶτος
1698 1698 1779 1736 τῶν

331 1748 572 1799 διαιταρίων..
601 1755 672 1789 vet.
691 1751 856 1801 Inscript.
876 1764 915 1802 p·
934 1752 1015 1793 576
1043 1753 1090 1792 7:
1120 1753 1372 1790 diaetarehzis
1390 1753 1530 1790 domas
1547 1752 1790 1803 Augustae„

331 1805 425 1843 etin
446 1804 638 1843 Heraclio:
676 1803 958 1859 ἐκρατήθησαν
986 1806 1029 1847 δὲ
1057 1807 1123 1849 καὶ
1151 1809 1194 1849 ἐκ
1216 1811 1298 1849 ταῖν
1315 1810 1544 1861 διαιταρίων
1564 1811 1638 1849 τοῦ
1654 1811 1780 1848 παλα-

330 1861 420 1900 τίου
439 1861 592 1900 πολλοί.
647 1861 895 1912 Menologium
910 1865 946 1904 d.
969 1865 1023 1905 30
1043 1865 1142 1902 Iulii:
1167 1862 1249 1905 ὕπὸ
1269 1867 1349 1905 τῶν
1372 1865 1602 1917 διαιταρίων
1619 1866 1690 1904 τοῦ
1713 1878 1780 1916 με·

330 1913 453 1968 yon-ov
482 1917 674 1957 παλατίου
703 1914 992 1970 οἷποκομίζεται.
1049 1921 1352 1971 Martyrologium
1378 1922 1550 1960 Notkeri:
1593 1921 1665 1971 qui
1686 1934 1779 1957 cnm

332 1979 429 2008 esset
445 1974 643 2010 zaetarius
654 1975 822 2023 palatii,
850 1988 917 2026 pro
938 1976 1151 2026 diaetariUS‚
1181 1981 1222 2015 ut
1239 1978 1391 2016 zabolus
1406 1991 1476 2030 pro
1493 1977 1656 2016 diabolus
1676 1977 1778 2029 apud

331 2029 582 2067 Phoebadium
599 2034 725 2068 contra
741 2030 927 2082 Arrianos,
956 2036 992 2070 et
1009 2033 1109 2070 Gild.
1130 2034 1219 2084 Sap.

446 2084 470 2123 δ
480 2084 555 2124 ικέ
565 2100 651 2137 ρατ
662 2101 683 2126 ο
694 2102 719 2126 ν
748 2087 921 2124 tributum
949 2093 1109 2126 veterum
1134 2101 1315 2127 murorum
1333 2088 1610 2127 reficiendorum
1627 2101 1737 2127 causa
1753 2100 1778 2127 a

331 2137 459 2178 Leone
483 2142 715 2180 iconomacho
738 2144 956 2182 institutum.
1012 2145 1096 2182 vide
1114 2148 1238 2183 tamen
1259 2145 1451 2183 Constant.
1473 2143 1636 2184 Manass.
1660 2157 1700 2196 p.
1721 2146 1777 2186 93

330 2195 369 2232 in
394 2196 614 2247 Nicephoro.
671 2198 917 2249 Theophanes
933 2200 1027 2237 infra
1044 2201 1080 2238 in
1101 2196 1316 2252 διοικητής.
1373 2200 1586 2239 Anastasius
1607 2199 1777 2238 Biblioth.

327 2251 367 2288 in
396 2251 477 2290 hist.
506 2253 648 2291 eccles:
687 2262 752 2291 ast
773 2256 984 2304 imperator
1007 2256 1206 2294 allocutus
1231 2264 1289 2294 est
1308 2256 1507 2307 populum
1535 2256 1669 2293 dicens
1686 2254 1777 2292 “vos

330 2320 410 2343 non
427 2308 568 2345 valetis
591 2310 800 2358 aedificare
819 2325 968 2356 muros,
1005 2313 1078 2350 sed
1100 2327 1171 2350 nos
1187 2315 1458 2364 praecipimus
1479 2311 1777 2349 administrato-

331 2362 469 2408 ribus,
512 2372 548 2401 et
568 2366 647 2415 ipsi
663 2368 816 2419 exigent
834 2369 876 2404 in
899 2368 1081 2418 regulam
1100 2383 1177 2419 per
1205 2370 1384 2420 singulos
1413 2382 1539 2406 annos
1569 2381 1775 2405 nummum

330 2426 562 2469 argenteum
581 2436 723 2469 anum,
745 2437 821 2475 quo
839 2425 1047 2474 imperium
1067 2432 1224 2475 accepto
1244 2426 1473 2474 aedificavit
1491 2438 1622 2461 muro-s·
1631 2439 1648 2471 ,·
1670 2425 1775 2460 etita

320 2474 444 2525 sacta
464 2483 521 2512 est
542 2481 777 2517 consuetudo
800 2480 929 2517 dandi
947 2480 1060 2517 binas
1078 2482 1245 2533 siliquas
1264 2481 1660 2519 administratoribus.

444 2529 692 2588 δικτάτωρ
721 2537 890 2576 dictator.
948 2537 1077 2586 Polyb.
1091 2552 1126 2588 p.
1145 2541 1227 2578 237
1250 2539 1288 2585 d,
1313 2540 1395 2580 238
1417 2551 1450 2575 c.
1489 2538 1642 2575 Diodor.
1660 2535 1774 2582 Sicul-

330 2599 371 2637 p.
389 2588 468 2629 127
491 2589 528 2626 in
550 2590 610 2628 fin.
633 2595 658 2632 t.
682 2594 708 2632 2
728 2596 764 2631 et
782 2606 818 2642 p.
838 2594 930 2633 919.
963 2597 1002 2631 et
1019 2596 1056 2634 2.
1088 2594 1220 2632 Paean.
1237 2594 1387 2645 Eutrop.
1405 2597 1489 2632 met.
1513 2607 1552 2644 p.
1578 2596 1643 2634 67.

445 2643 468 2682 δ
478 2659 618 2697 ιοικη
630 2643 689 2698 τή
696 2663 716 2694 ς
759 2648 991 2699 publicanus,
1036 2650 1248 2688 tributorum
1279 2654 1436 2688 exactor.
1506 2649 1769 2700 Theophanes:

329 2695 519 2740 ἐντεῦθεν
539 2697 613 2741 οὖν
629 2702 888 2756 ἐπεκράτησεν
907 2704 937 2757 ἦ
951 2701 1147 2757 συνήθεια
1167 2706 1292 2746 ὃιὸεῖν
1311 2704 1358 2745 τοὶ
1377 2703 1559 2756 δικέρωτα
1577 2708 1659 2750 τοῖς
1678 2705 1773 2743 διοι-

328 2757 476 2803 κηταῖς.
513 2758 841 2799 administratorem
858 2762 965 2799 vertit
984 2761 1196 2800 Anastasius
1215 2762 1295 2800 loco
1319 2775 1429 2813 supra
1446 2762 1571 2800 citato.
1611 2760 1772 2798 Hadria-

327 2819 395 2845 nus
414 2809 476 2848 PP
497 2811 664 2864 Epistola
692 2817 740 2853 ad
761 2817 932 2857 Cat-olum
950 2817 1024 2856 M.:
1066 2819 1202 2865 missi,
1241 2820 1378 2869 inquit,
1425 2817 1665 2855 Graecorum
1691 2815 1769 2852 duo
