1890 3236
287 180 385 226 320
635 202 637 204 >
757 175 993 220 GEORGII
1019 175 1262 220 GEDRENI

423 289 542 334 Κατὰ
558 286 709 338 ταύτας
725 289 800 338 τὰς
825 285 978 345 ἡμέρας
1001 289 1044 339 ἐξ
1065 286 1272 346 Ἀρμενίας
1290 287 1472 346 ἐφοίτησε
1487 289 1736 348 τέρας-ἐνῇ

287 357 580 416 βασιλευούσῃ,
613 358 754 407 παῖδες
783 355 945 414 ἄρρενες
965 364 1164 414 συμφυεῖς
1194 357 1236 399 ἐκ
1261 361 1357 412 μιᾶς
1376 347 1737 415 προελθόντες-γα-

286 426 419 485 στρός.
487 423 744 480 ἐξηλάθησαν
768 426 813 467 δὲ
836 430 908 480 τῆς
928 423 1080 475 πόλεως
1101 423 1157 476 ὡς
1182 425 1357 482 πονηρὸς
1379 424 1563 476 vaurde«.
1597 426 1738 483 mxu

287 495 591 539 Κωνσταντίνου
611 491 729 535 πάλιν
753 495 959 548 εῗσῆλθον.
1025 494 1107 536 ἐπεὶ
1132 493 1176 536 δὲ
1197 494 1342 549 συνέβη
1367 494 1436 542 τὸν
1463 494 1535 537 ἕνα
1551 497 1739 550 πλωτῆ-

149 587 176 620 p
199 584 266 621 532
288 582 379 615 σαι,
419 559 693 618 ἐπειράθησαν
723 561 760 603 οἳ
782 560 1054 618 ἐμπειρότεροι
1081 565 1162 605 τῶν
1189 557 1340 618 ἰατρῶν
1369 562 1580 618 ἀποτεμεῖν
1606 555 1772 610 &lm-¹³

288 632 447 689 κρωθὲν
466 631 611 688 μέρος
652 624 701 673 οὗ
727 631 954 687 τμηθέντος
979 631 1026 675 τὸ
1047 632 1124 683 ζῶν
1145 630 1405 686 ἐπιβεβιωκὸς
1425 627 1742 688 μικρὸνέτελεύψ
1768 661 1772 666 ι

286 717 418 756 τησεν.
1532 749 1535 753 .
1554 746 1559 756 ³
1727 733 1731 739 ,

421 765 470 810 Ὅ
500 766 544 809 δὲ
572 764 764 821 βασιλεὺς
780 763 987 822 Ῥωμανὸς
1007 768 1075 810 καὶ
1097 751 1250 818 πάντας
1270 767 1345 823 μὲν
1366 767 1482 822 ἐτίμα
1500 756 1598 832 τούς
1613 775 1743 821 μονα-.-

287 835 411 893 χούς,
446 833 719 893 διαφερόντως
748 834 792 877 δὲ
821 834 891 877 τὸν
917 836 1093 892 μοναχὸν
1117 837 1282 893 Σέργιον
1301 836 1370 879 τὸν
1390 836 1559 891 ἀνεψιὸν
1579 835 1742 878 Φωτίου

291 910 366 949 τοῦ
387 902 661 961 πατριάρχου,
696 903 855 960 ἀρεταῖς
876 901 972 946 ὄντα
994 903 1248 959 κατάκοσμον
1268 907 1335 947 καὶ
1350 908 1448 948 πᾶσι
1469 901 1742 959 κοσμούμενον
1753 908 1798 945 10

291 980 376 1024 τοῖς
399 976 558 1024 καλοῖς,
599 971 645 1022 ὃς
666 972 735 1014 διὰ
757 971 905 1023 παντὸς
923 971 1090 1031 παρῄνει
1111 978 1168 1032 τῷ
1187 977 1351 1027 βασιλεῖ
1370 977 1452 1017 τῶν
1478 974 1635 1019 παίδων
1652 972 1745 1014 ἐπι-

291 1046 505 1098 μελεῖσθαι
540 1042 607 1083 καὶ
636 1040 693 1095 μὴ
724 1039 991 1092 ἀπαιδεύτους
1022 1040 1189 1093 τούτους
1220 1043 1313 1094 ἐᾶν,
1353 1040 1411 1097 μή
1432 1059 1518 1092 πως
1535 1042 1602 1084 καὶ
1622 1038 1746 1088 αὐτὸς

292 1109 412 1168 πάθῃ
434 1110 480 1152 τὸ
510 1113 584 1153 τοῦ
607 1109 733 1152 Ἠλεί.
805 1113 857 1166 τῇ
878 1109 921 1152 δὲ
939 1110 1043 1168 αὐτῇ
1062 1112 1273 1153 ἷνδικτιῶνι
1293 1108 1516 1166 κατήγαγον
1533 1109 1746 1163 τὸνβασι-

295 1180 366 1222 λέα
384 1178 590 1232 Ῥωμανόν
615 1181 688 1220 τοῦ
716 1179 912 1221 παλατιόυ
941 1180 1008 1221 καὶ
1030 1181 1084 1229 εἷς
1102 1178 1173 1234 τὴν
1192 1177 1371 1235 Πρώτην
1392 1176 1606 1235 ἀγωγόν-τες
1625 1181 1747 1232 νῆσον

296 1248 507 1304 ἅπέκειραν
522 1242 730 1302 μοναχόν.”
768 1247 870 1297 τίνες
890 1247 934 1289 δὲ
954 1247 992 1290 οἳ
1011 1252 1153 1290 τοῦτον
1173 1244 1500 1298 κατασπάσαντες
1519 1250 1592 1302 τῆς
1605 1245 1746 1302 ἀρχῆς,
1759 1245 1802 1283 15

245 1334 274 1368 B
300 1319 365 1359 καὶ
383 1318 470 1359 τίνα
490 1314 652 1372 τρόπον,
687 1315 729 1357 ἐν
747 1322 831 1365 τοῖς
850 1316 1107 1371 ἐπαγομένοις
1123 1317 1333 1366 λελέξεται.

435 1384 741 1427 Κωνσταντίνου
769 1388 842 1426 τοῦ
861 1385 1059 1438 βασιλέως
1076 1386 1118 1427 ἐν
1136 1387 1283 1441 κομιδῇ
1302 1384 1371 1444 νέᾳ
1393 1387 1444 1441 τῇ
1465 1381 1598 1442 ἡλικία
1619 1381 1750 1437 ἀπορε-

298 1454 580 1511 φανισθὲντος,
605 1454 671 1494 καὶ
693 1456 773 1495 τῶν
792 1451 1040 1509 πραγμάτοιν
1058 1451 1136 1496 ὗπό
1155 1470 1197 1496 τε
1219 1458 1293 1508 τῆς
1312 1452 1465 1510 μητρὸς
1485 1452 1751 1503 αὐτοῦ-Ζωῆς

298 1523 364 1564 καὶ
387 1526 466 1565 τῶν
489 1520 711 1577 ἐπιτρόπων
742 1520 812 1571 οὓς
840 1521 1070 1578 ἔμπροσθεν
1099 1520 1425 1578 ἠριθμησάμεθα
1455 1520 1751 1574 διοικουμένων,

297 1589 320 1632 ὁ
341 1587 701 1646 παρακοιμιῦμενος
719 1590 1022 1640 Κωνσταντΐνος
1041 1589 1197 1646 μεγάλα
1217 1590 1329 1647 παρὰ
1353 1595 1402 1648 τῇ
1420 1590 1600 1643 βασιλίδι
1622 1585 1806 1630 δυνά-20

299 1675 442 1713 μενος,
477 1658 544 1700 ἐπ’
575 1658 731 1715 ἀδελφῇ
762 1674 804 1700 τε
826 1659 1010 1715 γαμβρὸν
1031 1658 1131 1714 ἔχων
1158 1658 1228 1701 τὸν
1253 1657 1475 1714 μάγιστρον
1489 1657 1655 1701 Λέοντα
1680 1655 1759 1699 τὸν»

303 1730 454 1768 Φωκᾶν
489 1726 722 1780 δομέστικον
753 1725 849 1769 ὄντα
882 1731 962 1769 τῶν
989 1730 1145 1781 σχολῶν
1175 1732 1246 1782 τῆς
1276 1728 1495 1782 ἀνατολῆς,
1540 1728 1607 1768 καὶ
1638 1723 1752 1781 παρὰ

300 1799 419 1838 τοῦτο
443 1795 517 1844 τὰς
537 1793 650 1849 ἡνίας
673 1792 834 1846 ἁπάσας
857 1800 929 1850 τῆς
947 1797 1156 1848 βασιλείας
1182 1795 1260 1853 ὅπῃ
1291 1797 1357 1838 καὶ
1376 1794 1564 1850 βούλοιτο
1586 1792 1753 1851 περιφέ-

302 1880 397 1921 ρων,
431 1861 586 1919 νύκτωρ
614 1865 682 1905 καὶ
709 1863 811 1917 μεθ’
836 1862 990 1919 ἡμέραν
1023 1864 1186 1918 ἐμελέτα
1217 1866 1272 1914 εἷς
1303 1864 1372 1907 τὸν
1400 1862 1546 1907 ἑαυτοῦ
1571 1860 1754 1919 γαμβρὸν

396 1949 416 1983 1
441 1945 620 1992 ἁρμενίων
644 1948 674 1982 C
766 1948 808 1984 11
833 1950 972 1993 καλοῖς]
996 1945 1144 1993 ἀρεταῖς
1165 1960 1282 1994 margo
1299 1949 1330 1983 P
1445 1948 1490 1985 16
1510 1943 1704 1991 ἑπομένοις
1724 1946 1754 1980 C

395 2017 463 2051 His
486 2016 575 2062 ipsis
599 2016 722 2051 diebus
744 2029 788 2052 ex
809 2019 972 2053 Armenia
1003 2018 1141 2053 allatum
1175 2022 1230 2053 est
1263 2020 1451 2052 monstrum
1479 2015 1622 2062 cpolin,
1655 2015 1758 2060 pueri

305 2063 449 2099 masculi
467 2063 632 2108 concreti,
658 2064 798 2098 uterini.
821 2064 929 2110 iique,
952 2069 990 2099 ut
1009 2065 1132 2099 infelix
1154 2076 1264 2108 omen,
1288 2065 1375 2098 urbe
1395 2066 1476 2098 sunt
1498 2062 1614 2097 eiecti.
1639 2061 1757 2095 redie-

306 2116 387 2143 runt
410 2110 473 2143 sub
497 2109 744 2152 Constantino;
770 2115 806 2144 et
828 2122 903 2145 cnm
926 2111 1014 2145 alter
1037 2117 1189 2146 mortuus
1211 2116 1316 2155 esset,
1340 2109 1526 2154 peritiores
1550 2106 1675 2143 medici
1697 2118 1757 2142 ca-

308 2157 416 2190 daver
441 2167 462 2190 a
485 2155 566 2189 vivo
591 2161 833 2191 resecuerunt:
859 2168 979 2202 parum
1002 2162 1117 2191 tamen
1138 2158 1198 2191 diu
1222 2157 1311 2191 alter
1332 2155 1540 2200 supervixit.
1689 2177 1692 2179 Δ

397 2202 572 2243 Κοῐηωιυε
596 2201 784 2247 imperator
808 2214 883 2237 cum
906 2202 993 2237 alios
1014 2204 1196 2237 monachos
1216 2203 1254 2236 in
1277 2203 1408 2236 honore
1428 2201 1561 2245 habuit,
1584 2203 1656 2235 tum
1671 2199 1759 2233 Ser-

306 2247 398 2292 gium
428 2247 616 2292 praecipue
647 2248 867 2292 monachum,
902 2248 1143 2283 consobrinum
1166 2248 1283 2283 Photii
1305 2247 1546 2292 patriarchae,
1577 2247 1760 2282 florentem

306 2292 494 2327 virtutibus
525 2299 562 2328 et
583 2294 740 2328 omnibus
766 2300 921 2329 ornatum
952 2295 1053 2330 bonis
1080 2296 1198 2332 rebus.
1245 2294 1277 2329 is
1300 2294 1445 2338 Sergius
1463 2291 1652 2327 identidem
1676 2291 1758 2326 hor-

307 2340 448 2373 tabatur
478 2339 723 2383 imperatorem
756 2346 796 2374 ut
827 2341 918 2375 filios
947 2342 1011 2375 sub
1041 2341 1225 2386 disciplina
1247 2340 1461 2383 contineret,
1496 2349 1542 2373 ue
1568 2338 1660 2372 idem
1690 2335 1761 2383 ipsi

307 2385 400 2429 qnod
424 2384 483 2418 Eli
507 2385 680 2420 eveniret.
729 2387 848 2421 eadem
878 2387 1070 2421 indictione
1093 2387 1268 2421 Romanus
1298 2387 1488 2432 imperator
1512 2383 1642 2430 palatio
1673 2384 1760 2417 edn-

309 2438 385 2464 otus
410 2436 482 2474 est,
509 2435 544 2464 et
566 2431 604 2465 in
625 2432 767 2467 Protam
790 2432 934 2467 insulam
958 2433 1113 2478 relegato
1136 2432 1279 2477 capillus
1302 2443 1421 2475 rasus,
1443 2429 1672 2474 monachique
1694 2428 1761 2462 im-

309 2476 422 2521 posita
446 2476 616 2513 condicio.
664 2489 686 2512 a
709 2479 834 2525 quibus
859 2484 895 2514 et
924 2490 992 2524 quo
1015 2480 1116 2514 modo
1140 2479 1343 2513 deturbatus
1364 2476 1511 2523 imperio
1531 2476 1659 2518 fuerit,
1693 2474 1761 2508 iam

309 2533 398 2556 nunc
422 2534 644 2567 exponemus·

402 2567 650 2603 Constantinus
682 2569 873 2615 imperator
894 2570 1026 2605 Leonis
1056 2570 1148 2605 filius
1180 2568 1359 2604 admodum
1391 2578 1480 2613 puer
1511 2569 1676 2602 amiserat
1696 2576 1763 2611 pa—

310 2617 418 2654 trem3
442 2619 477 2647 ct
497 2620 605 2648 mater
621 2615 696 2650 Zoe
719 2627 760 2650 ac
782 2620 928 2661 tutores,
953 2628 1039 2662 quos
1061 2615 1223 2661 superius
1244 2612 1594 2657 commemoravimus,
1612 2612 1763 2646 omnium

310 2669 423 2692 rerum
445 2659 734 2696 administrationi
755 2663 992 2707 praefuerant.
1040 2675 1081 2697 eo
1115 2674 1230 2697 rerum
1263 2667 1355 2696 statu
1374 2659 1634 2694 ‘Constantinus
1663 2657 1763 2692 cubi-

314 2704 463 2738 cularius
494 2716 636 2748 magnae
665 2708 758 2752 apud
787 2708 892 2742 Zoam
928 2709 1127 2754 potentiae,
1161 2708 1259 2742 cuius
1291 2717 1444 2741 sororem
1475 2705 1514 2740 in
1546 2703 1764 2740 matrimonio

316 2750 467 2784 habebat
489 2750 563 2784 Leo
586 2751 720 2787 Phocus
744 2754 908 2798 magister
928 2761 965 2789 et
985 2755 1178 2789 scholarum
1199 2753 1408 2788 domesticus
1431 2751 1668 2793 orientalium,
1699 2749 1764 2784 im-

314 2795 406 2840 perii
438 2796 589 2830 habenas
627 2809 690 2832 suo
722 2800 894 2834 arbitratu
922 2806 1109 2845 torquens,
1156 2800 1231 2834 dies
1263 2804 1453 2843 noctesque
1486 2797 1664 2842 cogitabat
1696 2806 1765 2841 quo

317 2842 416 2876 modo
440 2842 476 2876 in
499 2842 648 2878 Phocam
673 2846 803 2880 sororis
834 2846 992 2881 maritum
1016 2846 1244 2884 Constantino
1277 2845 1413 2881 sublato
1438 2844 1618 2890 imperium
1651 2848 1765 2878 trans-
