1916 3210
435 133 829 178 HISTORIARUM
864 131 1251 176 COMPENDIUM.
1478 128 1578 174 565

120 249 319 305 κεδονικαὶ
346 249 414 292 καὶ
442 247 643 309 Θρᾳκικαῖ
668 244 803 299 πόλεις
826 243 1171 305 προσχωρήσασαι
1198 239 1350 303 τούτῳ,
1398 239 1500 299 αὕτη
1533 243 1579 287 δὲ

118 315 225 375 μύση
249 316 406 361 εὔνοιαν
431 315 561 375 ἕτήρει
580 321 640 375 τῷ
661 320 827 371 βασιλεῖ’
838 317 998 373 σπουδῇ
1018 319 1091 359 τοῦ
1111 311 1260 371 ταύτης
1277 311 1490 370 ἀρχιερέως
1508 312 1580 356 καί

118 403 228 438 τινος
243 387 437 444 ἐγχωρίου
456 383 656 429 δυνάστου
670 390 742 428 τοῦ
760 384 974 442 λεγομένου
993 381 1181 439 Βατάτζη
1191 414 1205 436 ,
1232 385 1446 438 συγγενοῦς
1461 379 1576 433 δ’ντος

7 494 17 503 ,η
116 458 192 499 τοῦ
225 456 453 514 Τορνικίου.
521 453 578 505 ὥς
611 453 653 497 δ’
684 452 928 504 ἀπελθόντες
960 453 1100 496 ἓκεΐνοι
1131 453 1200 495 καὶ
1225 453 1580 509 χρονοτριβοῦντες

0 499 21 573 ,ξᾶ
85 523 237 568 5οὖδέν
264 522 412 580 ἤνυον,
457 521 563 580 ἄρας
593 525 660 566 καὶ
694 522 816 573 αὐτὸς
845 521 1001 565 ἄπεισιν
1033 521 1157 564 ἐκεῖσε
1188 520 1292 576 μετὰ
1321 518 1472 570 παντὸς
1502 521 1579 562 τοῦ

0 592 21 635 4·
115 596 318 651 στρατοῦ,
349 593 418 636 καὶ
443 595 582 635 πᾶσαν
606 590 841 649 προσβολὴν
861 591 929 633 καὶ
947 590 1137 646 Ιμηχανὴν
1157 587 1369 646 ἐπαγαγὼν
1390 592 1441 647 τῇ
1463 585 1575 631 πόλει
1597 593 1627 630 13

0 629 17 723 ξ
116 663 185 704 καὶ
211 658 415 705 πάντοθεν
444 659 740 718 ἀποκρουσθεὶς
766 656 956 715 εὐψύχως
980 662 1061 702 τῶν
1092 657 1206 702 ἔνδον
1243 656 1578 715 ἀποκρουομένων

2 725 12 740 ”
114 729 191 782 τὰς
211 729 398 787 μηχανὰς
422 726 650 787 ὑπέστρεψε
678 726 800 771 πάλιν
819 729 862 771 ἐν
874 725 1204 785 Ἀρκαδιουπόλει
1214 758 1228 779 ,
1263 724 1389 777 λύσας
1408 725 1482 781 τὴν
1499 742 1577 768 πο-

0 853 3 860 .
115 799 311 857 λιορκίαν.
376 794 470 855 ἅρτι
494 798 538 840 δὲ
553 799 620 840 καὶ
640 802 722 840 τῶν
742 793 853 856 ἑῴων
872 794 1184 854 στρατευμάτοιν
1202 793 1579 854 διαπεραιωθέντων

2 907 6 910 ,
61 875 107 912 10
117 866 161 911 ἴκ
185 884 229 912 τε
252 865 580 925 Χρυσουπόλεως
605 867 674 908 καὶ
692 864 869 919 Ἀβύδου
894 864 997 923 πρὸς
1020 863 1211 926 Θρᾴκην,
1244 862 1470 922 στρατηγὸν
1489 863 1578 906 ἐπι-

113 933 268 992 στήσας
294 935 432 987 αὖτοῒς
456 932 478 978 ὃ
502 933 696 990 βασιλεὺς
717 933 893 990 Μιχαὴλ
912 932 1134 992 μάγιστρον
1154 933 1225 977 τὸν
1239 932 1412 988 Ἰασίτην
1430 931 1578 986 πέμπει

113 1003 219 1049 κατὰ
245 1008 328 1048 τῶν
355 1003 609 1047 ἀποστατῶν.
676 1003 881 1062 ἀθροίσας
911 1001 952 1045 δ’
988 997 1104 1054 οὗτος
1125 1001 1203 1061 ὑφ’
1227 998 1271 1045 ἓν
1290 1001 1365 1052 τὰς
1385 998 1577 1056 δυνάμεις

111 1074 181 1117 καὶ
201 1070 665 1132 παραστρατοπεδεύσας
694 1078 780 1123 τοῖς
805 1069 1053 1122 ἀποστάταις
1076 1069 1212 1127 μάχης
1237 1069 1311 1126 μὲν
1336 1069 1409 1113 οὔκ
1438 1063 1575 1128 ἦρχεν,

111 1139 274 1198 ἓκήδετο
303 1142 349 1185 δὲ
371 1145 528 1197 μᾶλλον
551 1145 633 1185 τῶν
658 1138 888 1197 ἀνηκόντων
912 1141 1074 1199 χωρίων
1098 1146 1183 1191 τοῖς
1209 1136 1479 1191 ἀποστάταις,
1506 1139 1576 1180 καὶ

60 1218 104 1256 15
113 1217 198 1263 τοῖς
212 1208 491 1266 ἁλισκομένοις
507 1207 812 1269 φιλανθρώπως
827 1209 990 1268 ἐφέρετο
999 1240 1013 1261 ,
1039 1211 1106 1255 καὶ
1120 1205 1342 1267 γράμματα
1360 1207 1572 1265 λαθραίως
1594 1213 1627 1250 G

111 1278 261 1336 ἔπεμπε
277 1278 381 1339 πρὸς
397 1278 547 1331 αὖτοὺς
563 1279 787 1335 ἀμνηστίαν
805 1276 1143 1334 ἐπαγγελλόμενος
1163 1281 1297 1321 κακῶν
1316 1276 1384 1318 καὶ
1404 1276 1575 1332 ἀγαθῶν

112 1350 342 1405 δαψίλειαν.
394 1349 477 1391 ἐπεὶ
498 1349 542 1391 δὲ
559 1350 626 1391 καὶ
645 1346 667 1390 ὃ
680 1347 834 1404 χειμών
853 1347 996 1402 ε’πὲστη
1017 1349 1085 1390 καὶ
1104 1350 1184 1390 τῶν
1204 1345 1433 1402 ἀναγκαίων
1448 1342 1576 1387 ἐσπά-

109 1420 218 1471 νιζον
238 1417 358 1462 αὖτοί
371 1434 414 1461 τε
431 1417 471 1460 οἱ
488 1414 714 1460 ἀποστάται
735 1418 803 1459 καὶ
819 1415 871 1459 τὰ
888 1414 1086 1472 ὑποζύγια
1105 1418 1172 1458 καὶ
1193 1415 1232 1458 οἱ
1247 1417 1362 1457 ἵπποι
1372 1445 1387 1466 ,
1419 1413 1478 1469 μὴ
1498 1415 1574 1456 δυ-

0 1538 2 1542 ,
110 1485 274 1543 νάμενοι
294 1483 397 1545 πρὸς
412 1502 456 1530 τε
475 1485 522 1530 τὸ
542 1489 679 1542 ψῦχος
696 1487 764 1529 καὶ
784 1484 855 1528 τὸν
876 1483 994 1539 λιμὸν
1021 1486 1088 1527 καὶ
1115 1483 1211 1535 τοὺς
1235 1483 1436 1533 ἐναντίους
1460 1481 1576 1526 ἀντι-

53 1556 416 1608 Ἂκαθίστασθαι,
449 1554 555 1598 κατὰ
579 1554 726 1613 μικρὸν
751 1555 1115 1611 προσερρυ“ι’·σκοντο
1137 1557 1195 1612 τῷ
1215 1552 1440 1610 μαγίστρῳ.
1496 1552 1577 1594 »καὶ

107 1624 227 1683 με’χρι
243 1624 318 1680 μὲν
335 1628 416 1670 τῶν
435 1623 603 1683 ἀφανῶν
621 1619 672 1680 ἦν
690 1622 913 1679 αὖτομολιά
929 1623 997 1664 καὶ
1016 1622 1089 1665 οὐκ
1106 1619 1312 1678 ἐπισήμων
1319 1652 1333 1673 ,
1368 1619 1575 1677 ἐκαρτέρει

109 1695 176 1737 καὶ
193 1699 283 1745 ταῖς
299 1693 453 1738 ἐλπίσιν
470 1692 657 1751 ἐτρέφετο
670 1706 683 1717 ·
712 1692 796 1735 ἐπεὶ
813 1692 858 1734 δὲ
875 1690 1097 1748 Μαριανός
1115 1689 1137 1734 ὃ
1159 1693 1327 1748 Βρανᾶς
1343 1690 1410 1732 καὶ
1427 1688 1575 1739 Πολὺς

108 1763 176 1806 καὶ
199 1761 415 1820 Θεόδωρος
434 1760 456 1805 ὅ
477 1759 772 1821 Στραβομύτης
792 1762 859 1804 καὶ
880 1760 919 1803 οἳ
937 1761 981 1804 ἐκ
1000 1765 1072 1805 τοῦ
1091 1760 1230 1818 γένους
1248 1762 1322 1802 τοῦ
1339 1759 1380 1799 Γ
1376 1762 1488 1814 λαβᾶ·
1504 1756 1577 1800 καί

198 1881 223 1919 4
242 1881 392 1926 τορνίιιη
415 1881 447 1916 C
539 1882 584 1918 12
599 1881 670 1918 τοῦ
685 1878 900 1916 ἀποστᾶτου
915 1880 946 1914 C
1041 1879 1084 1916 13
1099 1874 1527 1923 περιστρατοπαιδεύσας
1541 1876 1575 1910 C

198 1929 242 1966 15
264 1927 515 1975 προσεφέρετο
535 1928 566 1963 C
667 1929 715 1964 22
737 1927 800 1963 καὶ
823 1927 844 1964 o‘
868 1924 987 1968 πολὺς
1008 1926 1038 1962 Ρ
1139 1926 1186 1961 23
1207 1924 1271 1960 καὶ
1292 1929 1375 1960 ante
1398 1923 1437 1958 οἱ
1460 1935 1515 1958 om
1540 1923 1573 1957 C

105 2033 189 2068 urbs
221 2043 296 2067 cum
326 2031 485 2077 reliquae
508 2042 626 2067 omnes
648 2031 899 2072 Macedonicae
921 2034 1027 2076 atque
1050 2027 1247 2064 Thracicae
1270 2028 1376 2062 urbes
1399 2024 1572 2061 Tornicio

102 2078 356 2124 accessissent,
380 2079 483 2113 fidem
505 2089 574 2113 una
595 2079 758 2113 servabat
781 2090 889 2124 opera
915 2075 1073 2124 episcopi
1097 2081 1133 2110 et
1155 2075 1331 2109 cuiusdam
1356 2073 1393 2107 in
1418 2084 1461 2107 ea
1484 2073 1573 2106 urbe

103 2135 234 2160 summa
260 2123 416 2170 potentia
438 2125 589 2170 praediti
611 2123 799 2168 Batatzae‚
832 2124 892 2170 qui
915 2130 950 2159 et
971 2123 1051 2168 ipse
1075 2120 1353 2166 consanguineus
1377 2123 1454 2153 erat
1474 2117 1574 2151 Tor-

104 2170 203 2206 nicii.
249 2171 287 2205 hi
320 2181 396 2205 cum
430 2169 516 2204 nihil
549 2171 733 2206 efficerent
766 2170 942 2216 aliquanto
975 2169 1014 2203 in
1047 2168 1123 2203 eius
1155 2165 1277 2212 oppidi
1309 2164 1573 2211 oppugnatione

103 2221 218 2252 tracto
250 2222 426 2262 tempore,
462 2216 541 2261 ipse
573 2217 678 2251 etiam
711 2216 899 2251 Tol-nicius
935 2227 977 2250 eo
1011 2218 1153 2248 cunctas
1186 2223 1268 2247 suas
1303 2211 1399 2246 ducit
1434 2210 1571 2255 copias.

103 2274 251 2309 cumque
281 2262 373 2297 omni
404 2266 642 2307 oppugnasset
670 2266 796 2296 conatu
818 2267 854 2296 et
877 2260 1109 2296 machinarum
1133 2269 1234 2294 omne
1254 2269 1364 2302 genus
1388 2255 1570 2291 adhibuis-

103 2313 180 2353 set,
203 2308 388 2355 oppidania
408 2308 550 2343 fortiter
571 2308 837 2343 defendentibus
862 2307 963 2354 profli
991 2312 1086 2350 atus,
1110 2305 1223 2340 soluto
1243 2303 1378 2339 obsidio
1397 2302 1571 2337 Arcadio-

103 2355 200 2403 polin
222 2354 344 2389 rediit.
390 2353 530 2389 interim
553 2354 801 2389 Monomachus
822 2353 948 2388 Orient
984 2364 1020 2387 es
1037 2351 1228 2395 exercitus,
1255 2350 1315 2395 qui
1330 2349 1397 2384 iam
1414 2360 1434 2383 a
1450 2348 1570 2392 Chry-

103 2400 219 2447 sopoli
249 2405 286 2436 et
312 2399 439 2445 Abydo
464 2399 501 2434 in
525 2399 712 2435 Thraciam
736 2400 966 2445 traiecerant,
1001 2399 1090 2433 duce
1121 2397 1165 2432 iis
1189 2397 1369 2443 praefecto
1391 2394 1568 2429 Michaelo

101 2447 212 2483 Iasita
234 2446 400 2492 magistro
423 2446 552 2481 emittit
573 2446 609 2480 in
633 2446 794 2481 rebelles.
841 2446 898 2480 hic
924 2444 1113 2480 contractis
1135 2443 1292 2478 omnibus
1316 2442 1352 2475 in
1377 2452 1480 2475 unum
1504 2451 1568 2474 co-

103 2494 173 2541 piis
195 2498 311 2528 castra
333 2492 492 2527 hostibus
515 2493 682 2538 opponit,
718 2503 904 2538 pugnaque
927 2491 1107 2526 abstinens
1129 2501 1271 2535 operam
1293 2488 1354 2522 dat
1376 2499 1421 2521 ne
1446 2498 1567 2522 eorum

127 2539 250 2575 taedia
270 2538 472 2574 maleficium
497 2539 693 2585 patiantur,
727 2545 918 2585 captosque
942 2537 1136 2572 humaniter
1156 2540 1304 2580 tractat,
1335 2533 1480 2578 reliquis
1500 2543 1566 2578 per

116 2588 224 2621 ‘teras
255 2585 391 2620 occulte
419 2584 544 2620 missas
572 2585 709 2619 veniam
739 2585 860 2620 delicti
889 2588 926 2618 et
957 2583 1106 2618 omnium
1129 2583 1296 2617 bonorum
1322 2580 1454 2626 copiam
1479 2590 1566 2626 pro-

103 2633 256 2667 mittens.
302 2631 372 2666 iam
395 2637 432 2666 et
453 2631 562 2667 hiems
585 2632 794 2678 appetebat,
829 2635 865 2666 et
888 2629 1102 2677 perduelles,
1137 2639 1212 2663 cum
1236 2633 1272 2662 et
1294 2626 1364 2673 ipsi
1388 2630 1425 2660 et
1445 2636 1565 2660 eorum

102 2679 256 2714 iumenta
288 2676 463 2712 alimentis
494 2676 789 2723 destituerentur,
848 2676 906 2712 uia
933 2677 1046 2722 frigus
1075 2676 1200 2710 famem
1228 2674 1431 2717 hostemque
1461 2670 1564 2706 simul

100 2724 277 2760 sustinere
299 2735 369 2758 non
391 2729 577 2771 poterant,
612 2724 776 2770 paulatim
801 2689 845 2758 ag
868 2723 1066 2768 magistrum
1089 2721 1324 2756 desciverunt.
1371 2717 1563 2753 Tornicius

103 2782 206 2817 vero,
241 2769 404 2816 quamdiu
434 2770 574 2806 obscuri
604 2775 735 2805 tantum
769 2769 994 2813 deficiebant,
1031 2772 1205 2813 utcunque
1231 2765 1372 2801 duravit
1401 2769 1436 2799 et
1463 2775 1562 2810 spem

100 2817 204 2853 fovit.
251 2827 328 2852 cum
360 2821 476 2853 autem
511 2816 691 2853 Marianus
731 2817 887 2861 Branas,
923 2815 1051 2861 Polys,
1088 2814 1298 2849 Theodorus
1335 2811 1562 2856 Strabomyta
