1916 3210
308 200 406 249 854
728 200 1027 246 XYLANDRI
1059 201 1133 245 ET
1167 201 1346 248 GOARI

307 311 398 363 quid
418 311 486 359 sit,
517 309 638 348 dicere
655 309 773 361 possit
794 323 840 349 eo
862 309 1023 351 liberius.
1079 309 1150 349 hoc
1169 310 1292 359 addo,
1320 316 1602 362 cognomentum
1621 315 1767 370 epictae,

307 368 400 407 iufra
421 367 509 418 poni
537 366 755 406 Christifero
776 365 975 404 Andronici
995 365 1028 404 F
1056 367 1094 404 in
1117 367 1253 405 Basilio
1274 367 1433 407 Romani
1449 369 1482 407 F
1503 371 1551 410 de
1566 370 1670 411 Duro
1692 385 1764 425 op-

292 424 447 475 presso·
504 422 552 460 de
576 422 761 460 Samonae
781 426 819 461 et
841 423 1000 461 omnium
1019 422 1319 462 calumniatorum
1347 425 1537 476 privilegio
1563 426 1622 466 hic
1643 439 1765 479 neque

307 479 432 529 quaeri
452 477 548 525 volo,
572 490 693 528 neque
713 479 887 530 exemplis
906 479 1093 530 productis
1114 491 1190 518 rem
1212 480 1328 531 qualis
1348 481 1395 519 sit
1414 481 1606 534 explicare.
1653 479 1767 524 ΧΠ..

306 534 488 586 ἐπείκτης
508 534 569 583 qui
592 533 665 571 alio
686 534 831 573 nomine
849 530 1125 586 ἐξουσιαστής,
1158 535 1206 574 de
1232 549 1308 586 quo
1335 541 1461 575 auctor
1481 551 1518 589 p.
1538 535 1622 580 442
1645 542 1684 578 et
1697 552 1767 580 nos

306 591 453 686 gidem.
511 590 676 629 Zonaras
697 591 824 629 scribit
842 585 1020 644 πήκτης,
1054 590 1135 630 Leo
1156 587 1349 645 ἐπήκτης,
1387 598 1543 646 uterque
1572 594 1766 637 mendose.

347 657 444 685 oAn.

419 718 448 753 t.
467 712 502 750 Π
528 725 566 763 p.
585 713 667 754 259
687 724 721 751 v.
739 714 778 754 8.
818 710 1068 764 προκοῖτων]
1094 711 1466 766 παρακοιμωμένων
1484 717 1560 758 τοῦ·
1575 717 1769 769 κοιτῶνος

307 771 402 811 sacri
422 769 573 809 cubiculi
595 769 807 820 custodum,
836 769 960 807 scribit
982 768 1160 808 eodinus.
1218 770 1358 810 Gom.

420 845 474 884 ib.
510 858 546 886 V.
580 847 646 886 11.
704 842 902 899 διανομὴν
930 847 1117 897 ψυχικῶν
1146 845 1199 885 sic
1227 848 1323 886 verti
1345 849 1383 888 in
1406 863 1564 901 genere,
1604 863 1651 892 ea
1673 863 1771 903 quae

307 908 395 958 post
418 906 571 954 mortem
591 916 659 953 pro
681 903 797 941 salute
817 903 961 941 animae
978 902 1140 941 defuncti
1158 916 1181 940 a
1197 904 1410 955 propinquis
1427 907 1569 946 fierent.
1602 909 1770 947 fortassis

308 963 380 1000 fuit
400 961 522 1010 aliqua
544 958 797 1009 eleemosynae
816 959 1046 1007 distributio,
1085 959 1186 1008 quod
1206 959 1402 1013 διανομῆς
1421 963 1637 1002 vocabulum
1661 965 1772 1004 vide-

309 1024 370 1056 tur
392 1016 498 1055 velle.
557 1019 596 1053 et
622 1018 710 1066 quia
739 1028 816 1055 non
840 1019 898 1054 est
922 1027 1131 1066 expressum
1156 1027 1229 1064 quo
1258 1018 1376 1066 gradu
1395 1020 1623 1069 cognationis
1648 1020 1770 1060 zoam

310 1073 479 1125 attigerit
497 1071 677 1120 Basilius,
717 1072 851 1123 speciei
880 1071 1114 1120 vocabulum,
1143 1075 1186 1109 ut
1205 1072 1362 1122 assolet,
1393 1077 1633 1115 communiter
1652 1076 1770 1128 posui.

309 1134 410 1169 certe
436 1132 598 1167 nostram
621 1128 864 1166 coniecturam
889 1127 938 1166 de
957 1128 1095 1165 musico
1119 1126 1178 1165 hic
1197 1127 1295 1166 locus
1323 1130 1471 1169 videtur
1494 1131 1604 1174 valde
1628 1144 1770 1185 appro-

309 1187 413 1225 bare.
444 1185 550 1222 XYL.
615 1184 823 1234 Xylander:
867 1189 913 1221 ut
947 1183 1054 1220 iusta
1079 1182 1411 1234 persolverentur.
1470 1188 1684 1228 emendate:
1725 1195 1773 1227 ut

312 1242 574 1292 eleemosynas
593 1254 620 1277 a
639 1241 718 1277 Zoe
734 1241 861 1278 amita
879 1245 1106 1276 testamento
1123 1239 1283 1279 relictas
1291 1242 1540 1293 pauperibus
1559 1242 1772 1283 distribue-

311 1305 384 1336 ret.
445 1292 618 1349 ψυχικόν
641 1298 737 1336 enim
756 1296 986 1346 eleemosyna
1007 1299 1064 1335 est
1083 1299 1120 1334 et
1141 1298 1387 1349 quodcunque
1409 1300 1556 1351 pietatis
1580 1314 1672 1353 opus
1700 1313 1771 1353 pro

310 1357 434 1393 anima
456 1354 617 1392 curanda
640 1358 861 1406 susceptum.
916 1364 987 1392 vox
1013 1364 1162 1405 quoque
1189 1353 1387 1409 διανομῆς
1411 1357 1579 1408 ignarum
1605 1357 1772 1410 quemvis

309 1412 443 1451 erudit.
499 1411 639 1453 GoAn.

424 1477 479 1516 ib.
512 1492 548 1521 v,
577 1479 648 1520 21.
705 1476 732 1519 ὅ
751 1473 959 1532 μυστικός]
1000 1477 1184 1518 Meursius
1207 1477 1346 1519 civilem
1376 1479 1631 1530 magistratum
1658 1482 1772 1522 inter·

309 1539 490 1589 pretatur,
509 1542 726 1573 senatorem
744 1537 911 1574 nimirum
927 1535 1140 1573 secretioris
1159 1535 1331 1582 consilii,
1354 1535 1478 1575 Iunius
1498 1538 1768 1576 secretarium.-

310 1593 398 1631 mihi
418 1596 549 1630 neuter
570 1592 731 1640 arridet,
770 1592 853 1631 licet
873 1593 920 1630 ab
942 1593 994 1631 eis
1016 1605 1061 1631 ex
1082 1592 1227 1642 integro
1253 1604 1329 1630 non
1357 1592 1568 1632 dissideam.
1622 1593 1771 1645 longius

309 1654 433 1687 autem
454 1661 477 1686 a
495 1648 680 1687 senatorio
701 1650 758 1686 est
775 1650 968 1700 μυστικοῦ
983 1660 1126 1698 munus,
1146 1661 1212 1686 cen
1230 1647 1387 1687 militare
1403 1652 1441 1687 et
1459 1649 1675 1689 militaribus
1690 1650 1770 1690 aliis

309 1717 333 1743 a
354 1705 500 1742 Codino
521 1718 552 1744 c.
577 1706 604 1743 2
630 1707 924 1753 annumeratum,
962 1704 1044 1756 ipse
1069 1704 1214 1741 nonnisi
1243 1704 1394 1742 militiae
1418 1705 1662 1756 impenditur,
1701 1718 1772 1746 ceu

312 1756 504 1813 μυστικὸς
530 1761 612 1799 τῶν
638 1762 790 1811 σχολῶν
819 1759 985 1797 militiae
1012 1758 1316 1810 scholar-nmque
1345 1761 1544 1810 mysticus.
1606 1763 1772 1802 eiusdem

311 1829 460 1867 quoque
482 1816 592 1855 vestis
613 1829 647 1855 c.
667 1813 694 1855 4
713 1829 751 1854 n.
770 1816 824 1856 33
846 1817 898 1855 nil
915 1819 1086 1855 senatore
1104 1817 1256 1866 dignum
1274 1816 1408 1863 refert3
1443 1821 1481 1856 et
1509 1818 1540 1856 si
1563 1818 1702 1857 functio
1721 1818 1772 1858 ab

311 1874 446 1912 eodem
474 1873 619 1910 Codino
650 1877 868 1922 quaeratur,
912 1885 957 1911 ex
987 1873 1158 1921 nomine,
1193 1873 1312 1922 inquit
1340 1885 1371 1910 c.
1389 1872 1416 1914 5
1442 1885 1478 1912 n.
1497 1871 1573 1922 41,
1601 1875 1771 1926 patescit.

309 1941 386 1967 uno
400 1929 514 1966 verbo
527 1925 710 1980 μυστικὸς
723 1930 803 1968 τῶν
822 1931 975 1981 σχολῶν
993 1934 1049 1967 est
1066 1929 1131 1979 qui
1147 1924 1286 1967 secreta
1304 1928 1477 1980 principis
1490 1930 1540 1968 ad
1554 1931 1771 1982 stipatorum

310 1986 563 2035 exercitusque
586 1984 727 2022 scholas
750 1985 890 2033 defert,
933 1985 997 2035 qui
1020 1986 1180 2035 quietem
1199 1988 1238 2023 et
1254 1985 1422 2023 ordinem
1443 1985 1593 2033 indicit,
1635 1987 1698 2037 qui
1717 1987 1772 2025 si-

307 2040 514 2080 lentiarium
539 2044 723 2079 vetustum
750 2041 846 2079 inter
874 2039 1072 2080 modernas
1092 2040 1232 2079 scholas
1258 2041 1347 2090 agit.
1403 2041 1501 2092 idem
1522 2042 1613 2080 Iuris
1638 2042 1771 2084 Graec.

308 2098 335 2135 1.
359 2099 387 2137 2
408 2096 588 2135 Manuelis
620 2097 800 2135 Comneni
825 2096 981 2136 Novella
1002 2100 1027 2139 3
1055 2100 1092 2136 et
1110 2096 1227 2136 Alexii
1249 2097 1430 2136 Comneni
1454 2101 1482 2140 2
1511 2098 1589 2137 fisci
1607 2099 1700 2149 regii
1724 2111 1771 2138 ex

308 2156 417 2204 parte
435 2166 508 2191 una
525 2157 564 2192 et
584 2152 755 2192 ecclesiae
782 2154 965 2192 ministros
994 2166 1039 2192 ex
1065 2153 1183 2192 altera
1212 2153 1260 2192 de
1285 2153 1422 2191 iuribus
1449 2154 1523 2192 suis
1547 2155 1770 2194 dissidentes

310 2208 506 2247 conciliare
527 2210 690 2248 iubetur:
736 2206 924 2260 εἰδήσεως
954 2205 1238 2262 ἀκριβεστάτης
1261 2207 1473 2261 διδομένης
1495 2211 1552 2264 τῷ
1573 2207 1674 2251 aava*
1694 2207 1772 2263 τὴν

309 2263 465 2317 ἡμέραν
485 2268 672 2321 μυστικῷ,
699 2262 744 2314 ὃς
763 2265 831 2306 καὶ
849 2261 1003 2316 ὀφείλει
1024 2265 1089 2306 καὶ
1109 2263 1232 2318 ἄμφω
1253 2265 1492 2318 οἰκονομεῖν,
1521 2268 1624 2317 regia
1636 2280 1770 2318 nempe

313 2326 350 2360 et
367 2321 610 2360 ecclesiastica
631 2324 719 2362 iura.
780 2324 811 2361 si
837 2323 1028 2362 violentius
1055 2335 1100 2361 ex
1122 2322 1353 2361 ecclesiarum
1380 2323 1541 2374 praediis
1565 2323 1702 2374 aliquid
1718 2322 1771 2372 illi

312 2379 519 2428 exegerint,
560 2376 669 2431 παραὶ
698 2381 771 2419 τοῦ
796 2376 897 2419 noeto?
914 2376 988 2430 τὴν
1007 2376 1160 2431 ἡμέραν
1178 2374 1612 2431 μεγαλεπιφανεστᾶτου
1633 2390 1770 2431 μυστι-

311 2437 391 2474 κοῦ
421 2434 813 2486 καταναγκαζόμενος
841 2435 900 2484 εἰς
925 2432 999 2487 τήν
1028 2434 1308 2486 ἐπενεχθεῖσαν
1338 2433 1417 2475 τινὶ
1445 2437 1528 2476 ταῖν
1555 2432 1637 2487 v‘ap'
1663 2434 1771 2489 ὑμᾶς

310 2486 490 2543 κτήσεων
510 2488 666 2543 βλάβην
687 2487 1092 2545 ἄποθεραπεύσουσιν
1111 2486 1228 2547 αὐτῇ.
1284 2491 1420 2532 Gom.

424 2558 479 2596 ib.
512 2573 546 2599 v.
575 2563 643 2602 22.
700 2556 748 2600 to?
776 2556 877 2599 κατα
905 2554 1035 2599 τύπον
1063 2555 1291 2611 κληταῖρια]
1334 2554 1485 2606 τύπους
1510 2572 1592 2598 esse
1616 2562 1769 2607 statuta,

310 2614 413 2664 leges
434 2620 506 2654 etc.
562 2617 664 2667 apud
681 2616 748 2654 hos
770 2617 967 2667 scriptores
986 2628 1097 2667 saepe
1121 2617 1349 2654 observatum
1371 2619 1438 2654 est.
1466 2611 1663 2669 κλητῶρια
1679 2616 1769 2654 haec

312 2677 402 2721 puto
425 2672 536 2711 fuisse
558 2673 723 2711 solennia
743 2672 906 2711 convivia
927 2673 1003 2711 sive
1022 2674 1161 2723 epulaS‚
1189 2673 1320 2722 quibus
1339 2670 1527 2721 Augustus
1545 2676 1583 2711 et
1602 2673 1770 2722 Augusta

312 2731 351 2764 et
371 2741 540 2777 proceres
563 2730 794 2768 interessent.
849 2729 887 2766 in
911 2728 1110 2766 Iustiniano
1140 2741 1273 2778 magno
1299 2728 1348 2766 ad
1369 2741 1503 2766 annum
1526 2728 1602 2766 eius
1625 2727 1770 2777 trigesi-

311 2795 410 2820 mum
431 2785 566 2823 mentio
589 2785 632 2822 fit
652 2784 871 2837 κτητορίων
895 2782 1227 2836 δωδεκαημέρων,
1261 2797 1356 2835 quae
1374 2784 1540 2822 hocloco
1560 2784 1708 2831 collato,
1738 2783 1769 2820 si

309 2838 415 2888 legas
446 2841 688 2895 κλητορίων,
743 2842 937 2881 duodecim
969 2842 1048 2881 dies
1077 2841 1248 2879 durantia
1279 2841 1442 2879 convivia
1469 2841 1583 2879 videri
1613 2839 1767 2892 possint.
