1916 3210
336 189 434 250 544
802 148 1037 237 GEORGII
1068 187 1309 235 CEDRENI

334 309 391 363 τῷ
416 299 622 356 Ῥωμαίων
650 297 798 356 ἐγένετο
825 298 1099 356 πολιτεύματι.
1167 300 1368 359 ἀθροίσας
1395 301 1473 360 γὰρ
1508 300 1567 355 ἃς
1583 303 1778 362 ,προσετέα

335 387 455 416 τακτο
486 366 693 422 δυνάμεις,
729 366 854 425 οἷίσας
883 371 982 426 περὶ,
1000 368 1074 420 τὰς
1096 366 1284 424 ἑξήκοντα
1301 362 1510 425 χιλιάδας,
1544 369 1702 417 εἴσεισιν
1726 374 1781 424 εἷς

286 447 317 481 D
343 434 619 495 Τριβαλλούς,
653 434 863 487 διοδεύσας
881 434 1001 488 ὁδοὺς
1021 433 1199 488 ἄνάντεις
1219 438 1293 480 καὶΙ
1308 439 1494 494 τραχείας
1514 440 1581 486 καὶ
1602 438 1782 497 ἀποκρή-

336 523 461 561 μνους
488 506 554 547 καὶ
584 501 853 562 στενοχῶρους
883 503 938 559 ὥς
970 505 1028 560 μὴ
1059 505 1100 548 ἓν
1128 505 1261 565 ταύτῷ
1285 504 1488 549 δύνασθαι
1513 504 1586 550 δύο
1611 506 1783 559 ἱππότας

337 575 536 628 βαδίζειν,
569 569 761 626 ἐνδόντων
792 573 1033 628 ἐξεπίτηδες,
1067 570 1282 632 ὥςιφασι,
1317 575 1382 616 καὶ
1410 578 1491 618 τῶν
1519 574 1688 632 Σέρβων
1713 578 1815 621 καὶὸ

339 636 680 697 συγχωρησάντων
717 639 790 695 τὴν
826 640 1002 694 εἴσοδον,
1047 639 1148 697 μήτε
1178 647 1251 697 τῆς
1280 640 1542 701 ὑποστροφῆς
1569 643 1811 701 φροντίσας»

338 706 438 764 μήτε
473 707 656 765 φυλακὴν
684 706 898 763 ἐπιστήσας
925 707 1143 764 ἀξιόμαχον
1170 714 1259 760 ταῖς
1287 712 1578 768 στενοχωρίαις.
1643 710 1788 763 ἔκεῖνος

339 777 413 832 μὲν
432 770 502 818 οῧν
521 775 714 819 εἰσελθὼν
733 775 852 833 ἐδῄου
870 776 944 828 τὰς
960 777 1155 829 πεδιάδας
1173 780 1240 821 καὶ
1256 777 1490 836 ἓπυρπόλει,
1525 778 1564 822 οἳ
1579 779 1624 823 δὲ
1639 779 1788 837 Σέρβοι

340 841 635 898 καταλαβόντες
654 841 876 902 ἐφύλαττον
894 846 945 889 τὰ
964 845 1082 890 στενὰ
1100 847 1166 888 καὶ
1187 844 1424 904 ἀπόκρημνα
1440 852 1513 902 τῆς
1528 847 1697 905 τρίβου,
1721 849 1789 892 καὶ

340 914 582 970 προσέμενον
607 912 681 967 τὴν
705 910 978 971 ὑποστροφήν.
1047 911 1101 965 ὥς
1130 914 1174 956 δὲ
1201 913 1289 966 ἅλις
1312 919 1371 973 τῷ
1393 915 1569 970 Μιχαὴλ
1591 913 1720 959 ἐδόκει
1737 915 1788 960 τὰ
1800 922 1844 959 10

339 985 411 1036 τῆς
441 980 676 1035 λεηλασίας,
707 976 778 1024 καὶ
804 978 916 1024 ’λείαν
940 982 1093 1038 πολλὴν
1113 984 1184 1041 καὶ
1214 984 1491 1038 αῗχμαλωσίαν
1517 982 1788 1040 περιεβάλετο,

340 1050 408 1092 καὶ
435 1048 575 1105 καιρὸς
594 1046 721 1106 ἐφάνη
743 1049 977 1106 ἀναζυγῆς,
995 1050 1176 1110 κάπιμτςιῖς
1194 1052 1471 1108 στενοχωρίαις
1489 1049 1791 1109 ὁδοιποροῦντες

341 1117 539 1173 ἐγένοντο,
572 1114 661 1160 τότε
690 1117 744 1172 ,δὴ
774 1117 851 1176 ἀφ’
884 1116 1020 1174 ὕψους
1047 1117 1086 1162 οἱ
1115 1118 1297 1173 πολέμιοι
1319 1119 1497 1175 χέρμασί
1515 1136 1559 1163 τε
1574 1118 1791 1173 βάλλοντες

341 1187 409 1228 καὶ
431 1183 562 1235 τόξαις
581 1186 648 1228 καὶ
669 1187 871 1237 παντοίοις
895 1184 1101 1242 ἑκηβόλοις
1122 1185 1305 1244 ὀργάνοις
1325 1187 1391 1238 καὶ
1411 1189 1555 1238 λίθους
1574 1185 1791 1245 ὑπερμεγέ-

343 1257 434 1304 θεις
467 1254 667 1304 κυλίοντες
698 1252 895 1312 ἀνῄρουν,
927 1259 1008 1299 τῶν
1031 1256 1120 1312 περὶ
1144 1255 1212 1298 τὸν
1232 1256 1407 1309 Μιχαὴλ
1425 1253 1525 1310 μήτε
1543 1257 1660 1312 χερσὶ
1678 1254 1788 1311 μήθ’
1803 1261 1846 1296 15

344 1319 482 1371 ὅπλοις
511 1319 754 1378 χρήσασθαι
786 1322 1037 1389 δυναμένων,
1079 1320 1177 1378 μήτ’
1212 1324 1357 1381 ἀρετῆς
1384 1322 1488 1374 ὅλως
1517 1323 1793 1375 ἐπιδείξασθαι

205 1393 232 1428 Ρ
256 1392 322 1429 755
345 1388 476 1447 ἔργον.
542 1391 610 1432 καὶ
632 1389 670 1432 οἱ
686 1390 760 1444 μὲν
780 1376 1184 1455 αὖτόθιρζαλλόμενοι
1204 1390 1387 1444 ἔπιπτον,
1416 1391 1454 1434 οἳ
1473 1391 1517 1434 δὲ
1531 1393 1796 1448 κατεκρημνί-

349 1460 460 1511 ζοντο
479 1459 549 1500 καὶ
567 1459 742 1508 ἐλεεινῶς
758 1458 1028 1514 ἀνηλίσκοντο,
1053 1457 1390 1522 ὡςῃιληρωθῆναι
1408 1463 1558 1516 νεκρῶν
1572 1458 1646 1510 τὰς
1660 1477 1795 1517 παρα-

352 1526 532 1580 κειμένας
555 1523 769 1583 φάραγγας
789 1529 855 1569 καὶ
877 1526 971 1578 τοὺς
991 1522 1144 1585 ῥύακας
1161 1529 1234 1570 καὶ
1245 1527 1377 1581 βατάς
1391 1528 1579 1584 γενέσθαι
1598 1533 1681 1578 τοῖς
1697 1526 1795 1571 διώ-

352 1611 503 1637 κουσιν.
562 1593 700 1637 ἔπεσον
722 1589 791 1638 οὖν
809 1595 903 1652 περί
914 1611 992 1637 που
1012 1592 1146 1657 τᾶς.μ’
1158 1593 1367 1650 χιλιάδας,
1394 1595 1650 1652 ἀνῃρέθησαν
1668 1596 1713 1638 δὲ
1728 1597 1850 1638 amieo

352 1663 568 1720 στρατηγοὶ
601 1660 715 1705 ἑπτά.
782 1663 821 1705 οἶ
853 1664 897 1705 δὲ
927 1665 1057 1706 λοιποὶ
1088 1664 1130 1706 ἐν
1159 1669 1246 1714 ταῖς
1268 1662 1437 1717 λόχμαις
1456 1665 1523 1706 καὶ
1543 1669 1632 1714 ταῖς
1650 1661 1797 1714 νάπαις

353 1732 420 1773 καὶ
438 1736 525 1780 ταῖς
542 1728 790 1786 συναγκείαις
811 1731 1019 1787 κρυβέντες
1039 1734 1119 1775 τῶν
1139 1731 1262 1788 ὀρέων
1269 1762 1282 1783 ,
1318 1733 1383 1774 καὶ
1403 1730 1497 1782 τοὺς
1514 1734 1594 1773 τῶν
1611 1732 1797 1775 ἐναντίων

354 1797 591 1854 διαδράντες
610 1796 854 1855 ὀφθαλμούς
862 1830 875 1850 ,
908 1800 975 1842 καὶ
999 1800 1067 1842 διὰ
1090 1803 1170 1843 τῶν
1191 1803 1379 1856 κορυφῶν
1398 1797 1550 1842 τούτων
1570 1797 1799 1856 ἀναρριχώ-

350 1883 464 1922 μενοι
473 1898 487 1919 ,
514 1866 656 1917 νυκτὸς
680 1865 937 1922 διεσώθησαν
962 1869 1069 1920 πεζοὶ
1090 1869 1157 1910 καὶ
1175 1869 1316 1924 γυμνοὶ
1335 1869 1402 1910 καὶ
1419 1874 1501 1917 τοῖς
1519 1864 1643 1924 δρῶσι
1658 1867 1799 1923 θέαμα

442 1996 466 2032 2
490 1995 570 2032 δυν.
594 1992 646 2035 ὥς
669 1993 783 2040 φασὶν
804 1990 919 2037 οὔσας
942 1995 974 2031 C
1077 1993 1102 2032 3
1122 1994 1296 2043 τριβολόν
1318 1995 1349 2031 C
1455 1996 1499 2032 10
1519 1992 1742 2042 ἐπιστροφήν
1767 1996 1798 2032 C

445 2043 488 2077 13
510 2038 694 2086 χερμάδας
714 2041 745 2076 C
881 2043 924 2078 19
945 2039 1014 2082 τὰς
1034 2040 1065 2076 C

355 2153 584 2189 calamitatem
617 2153 766 2190 invexit.
813 2154 1001 2191 contractis
1032 2155 1121 2191 enim
1152 2159 1191 2190 ut
1223 2154 1338 2189 iussus
1364 2157 1441 2190 erat
1463 2153 1574 2203 copiis
1607 2153 1677 2198 (ad
1698 2164 1802 2190 sexa-

355 2201 453 2244 ginta
475 2200 568 2237 milia
591 2200 733 2235 militum
757 2212 821 2236 eae
843 2202 1090 2246 continebant)
1117 2201 1153 2235 in
1178 2200 1351 2236 Triballos
1371 2199 1470 2235 duxit
1490 2199 1672 2235 itineribus
1697 2199 1803 2234 accli-

357 2246 460 2280 vibus
492 2245 626 2291 asperis
658 2245 843 2282 salebrosis
873 2259 915 2282 ac
945 2248 998 2283 ita
1029 2247 1183 2292 angustis
1214 2251 1253 2281 ut
1287 2258 1332 2281 ue
1367 2245 1440 2281 bini
1469 2245 1607 2291 quidem
1628 2244 1730 2280 simul
1750 2245 1804 2280 ire

358 2291 494 2336 equites
524 2296 683 2337 possent,
717 2292 860 2337 Servis,
889 2297 929 2328 ut
957 2294 1087 2338 fertur,
1117 2289 1236 2327 dedita
1256 2302 1363 2338 opera
1385 2291 1588 2327 cedentibus
1611 2302 1652 2326 ac
1672 2291 1804 2326 intrare

359 2348 436 2371 eum
469 2337 682 2382 sinentibus,
717 2349 830 2383 neque
853 2339 897 2373 de
919 2340 1034 2375 reditu
1057 2339 1225 2373 solicitum
1245 2349 1359 2383 neque
1381 2336 1669 2382 iustopraesidio
1695 2347 1804 2382 augu-

359 2382 444 2416 stias
480 2390 718 2428 occupantem.
764 2384 814 2418 ita
847 2384 1023 2429 ingressus
1057 2384 1262 2430 campestria
1292 2383 1544 2429 direptionibus
1566 2381 1807 2427 incendiisque

359 2430 535 2463 vastabat.
584 2434 622 2463 at
654 2429 758 2463 Servi
789 2430 907 2465 fauces
938 2431 1098 2466 itinerum
1131 2442 1172 2465 ac
1202 2433 1391 2476 praerupta
1418 2428 1572 2463 insidere
1598 2432 1634 2463 et
1657 2427 1806 2463 reditum

360 2473 436 2507 eius
475 2474 693 2519 praestolari.
739 2475 930 2511 Michaelus
966 2481 1006 2511 ut
1042 2476 1126 2511 satis
1163 2476 1315 2521 praedae
1353 2475 1636 2520 captivorumque
1668 2477 1805 2519 partum

361 2524 564 2564 tempusque
596 2520 730 2555 domum
759 2522 948 2556 reducendi
972 2522 1130 2567 putavit,
1166 2526 1201 2555 et
1223 2521 1260 2554 in
1281 2520 1396 2555 reditu
1417 2519 1454 2554 iu
1477 2518 1653 2564 angustias
1677 2529 1806 2565 perve-

361 2564 432 2608 nit,
466 2565 516 2599 ibi
547 2577 631 2600 vero
663 2566 768 2600 Servi
792 2567 836 2602 de
858 2567 1111 2602 sublimioribus
1134 2566 1220 2601 locis
1243 2567 1416 2600 Romanos
1439 2565 1532 2600 saxis
1554 2563 1726 2610 lapidibus
1748 2575 1808 2598 sa-

360 2609 458 2653 gittis
491 2610 669 2656 omnisque
699 2613 839 2657 generis
871 2613 1055 2648 missilibus
1085 2613 1271 2659 impetere,
1303 2622 1418 2657 neque
1439 2610 1541 2645 armis
1563 2620 1676 2654 neque
1698 2608 1807 2644 mani·

363 2656 426 2688 bus
454 2656 505 2690 uti
535 2657 710 2701 valentes,
746 2663 805 2692 aut
835 2658 901 2693 ullo
934 2660 1034 2693 modo
1063 2670 1134 2693 rem
1167 2668 1302 2702 gerere.
1348 2657 1400 2698 ita
1429 2655 1489 2690 alii
1513 2654 1700 2691 missilibus
1723 2665 1807 2700 pro-

362 2701 492 2743 sterni,
516 2701 577 2736 alii
599 2714 662 2747 per
683 2704 890 2750 praecipitia
913 2704 1071 2748 devolvi,
1094 2703 1281 2738 miserabili
1300 2702 1416 2747 clade,
1440 2702 1526 2736 adeo
1549 2705 1590 2736 ut
1609 2700 1807 2736 adiacentes

363 2747 537 2781 convalles
570 2754 674 2792 atque
707 2750 876 2785 cavitates
907 2750 1133 2785 cadaveribus
1162 2749 1322 2794 impletae
1354 2746 1644 2793 persequentibus
1665 2743 1808 2792 perviae

364 2797 494 2826 essent.
538 2793 718 2838 perierunt
741 2795 785 2830 ad
807 2794 852 2829 40
876 2796 970 2830 milia
995 2800 1031 2830 et
1052 2797 1074 2831 7
1097 2795 1223 2829 duces=
1261 2793 1388 2839 reliqui
1418 2804 1483 2838 per
1505 2791 1613 2828 saltus
1637 2802 1680 2826 ac
1700 2789 1807 2824 silvas

364 2838 526 2872 montium
549 2838 709 2885 dissipati
732 2845 768 2876 et
788 2841 988 2888 conspectui
1009 2840 1157 2877 hostium
1179 2839 1341 2877 subducti
1357 2838 1395 2875 in
1416 2837 1592 2875 cacumina
1610 2840 1806 2879 evaserunt,
