1916 3210
52 10 64 28 ’ἱ

29 56 44 74 ’ζ
54 62 57 74 ι
66 55 67 58 ’

42 138 47 154 ε

25 170 39 188 S·

39 256 47 270 e

29 284 34 291 ,

21 304 27 319 4
37 311 39 314 .

19 327 43 356 ει

27 381 43 396 ,1,

19 403 41 428 -12

32 429 42 452 ἶ

0 897 30 947 Ψ.

0 938 34 958 ’.ἥτ’

0 957 26 1023 -322

2 1057 29 1096 ,ᾖ

11 1100 18 1110 2

714 164 1168 213 ANNOTATIONES.
1582 170 1681 216 853

205 270 296 374 ggii:
323 269 462 316 ἐπάνω
491 274 632 329 τίθησι
661 277 735 330 τῆς
760 274 967 331 τραπέζης.
1025 277 1096 317 hoc
1126 277 1305 331 dapiferi
1334 277 1457 318 officio
1476 278 1680 320 Bassorum

236 339 237 342 ’
291 360 306 382 ,
344 331 377 371 si
395 331 508 372 fidem
531 336 718 374 mereatur
733 332 969 387 Nicephoms
989 334 1178 387 Gregoras
1198 336 1224 376 l.
1247 339 1276 379 7
1298 348 1322 375 a
1343 336 1590 376 Constantino
1610 339 1680 377 suit

201 391 369 430 ornatus.
425 390 566 428 GoAn.

317 449 348 486 t.
365 445 400 484 Il
425 459 464 499 p.
485 447 571 489 253
591 457 627 484 v.
649 445 716 489 16.
745 441 1081 501 βασιλεοπᾶτορα]
1110 461 1246 489 nomen
1264 448 1354 488 illud
1373 449 1514 489 dudum
1529 448 1621 488 Iulio
1637 454 1679 490 et

202 499 368 542 Tatiano
386 502 576 542 benevolis
597 501 666 541 sibi
689 503 863 542 fratribus
883 503 1109 555 imposuerat
1128 506 1358 546 Marcianus:
1389 502 1461 547 ἐοέν
1484 507 1604 547 τοῦτο
1632 505 1678 547 ἐκ

201 561 310 610 θεοῦ
326 556 491 614 γένηται
507 556 680 612 πατέρας
698 556 807 610 ὑμᾶς
824 556 1012 614 α’-νακηρύ
1015 561 1082 609 ξω.
1141 566 1179 602 et
1196 563 1306 615 paulo
1324 563 1437 602 infra:
1479 560 1677 604 Τατιανόν

201 614 272 656 καὶ
299 610 472 657 Ἰούλιον
502 611 866 669 μεταπεμψάμενος
893 616 1066 670 πατέρας
1085 613 1238 668 αὐτούς
1256 614 1489 673 ἀνεκήρυξε.
1547 633 1676 660 verum

200 672 486 718 benevolentiae
503 673 812 724 gratitudinisque
828 686 918 724 erga
938 675 1094 726 fratres,
1134 688 1210 716 non
1235 678 1395 716 muneris
1416 681 1456 716 et
1483 677 1677 728 dignitatis

199 727 294 779 illis,
323 729 422 768 velut
443 729 632 778 Zautzae,
661 729 734 768 fuit
751 731 962 782 appellatio.
1020 732 1160 771 GoAn.

314 789 344 826 t.
361 785 396 824 11
424 799 464 838 p.
481 785 565 827 255
586 798 620 825 v.
636 786 676 826 3.
735 799 891 837 quorum
911 787 949 826 h.
972 787 996 826 l.
1014 789 1153 828 mentio
1175 789 1218 827 fit
1239 789 1454 840 Ungrorum
1481 785 1596 843 (nam
1623 788 1675 828 sic

198 843 395 895 perspicue
411 843 666 895 appellantur,
700 846 742 881 ut
766 847 805 882 et
827 856 850 882 a
867 842 1037 890 Zonara,
1069 846 1235 896 quamvis
1264 847 1324 884 alii
1352 847 1479 896 Ugros
1504 845 1676 896 legant),

199 899 226 938 ii
246 899 346 938 baud
366 899 479 939 dubie
502 903 589 938 sunt
608 900 673 950 qni
696 899 808 939 hodie
826 900 972 951 Ungari
995 902 1177 941 dicuntur.
1205 901 1312 942 ΧΠ..
1355 902 1501 942 Turcos
1520 902 1579 940 hic
1592 915 1675 941 cum

198 956 365 1007 Ungaris
393 956 587 995 confundit
612 957 822 1008 interpam,
859 969 954 1008 quos
980 962 1109 997 auctor
1135 960 1318 1011 particula
1348 959 1578 998 coniunctiva
1605 958 1677 999 καί

197 1014 326 1067 prodit
344 1014 522 1053 diversos.
581 1025 644 1052 eos
671 1017 794 1052 autem
815 1013 978 1064 intellige
996 1015 1155 1066 Scythas
1176 1016 1352 1055 Chazaris
1371 1015 1534 1065 vicinos,
1576 1029 1675 1066 quo-

197 1082 278 1109 rnm
295 1070 517 1110 contribules
535 1069 783 1109 Monomacho
800 1076 980 1121 regnante
999 1071 1164 1111 Persiam
1186 1072 1254 1112 sibi
1275 1073 1517 1112 subiecerunt.
1545 1076 1674 1112 auctor

198 1127 248 1167 dc
261 1126 331 1166 illis
350 1126 459 1178 fuse„
486 1140 556 1167 nec
575 1128 658 1165 non‘
671 1127 937 1166 Constantinus
956 1128 1005 1167 de
1023 1127 1170 1168 Admin.
1192 1131 1284 1180 Imp.
1307 1143 1337 1168 c.
1355 1128 1422 1170 38.
1453 1129 1593 1170 GoAn.

312 1182 368 1222 ih.
399 1196 439 1224 v.
471 1186 535 1226 12.
593 1180 666 1224 τόν
688 1183 952 1237 κοιαίστωρα]
991 1185 1040 1224 de
1059 1199 1128 1234 eo,
1152 1190 1263 1238 prout
1283 1187 1419 1225 ultimis
1438 1186 1669 1239 temporibus

197 1240 357 1282 officium
382 1241 675 1290 administrabat,
706 1241 765 1279 lus
783 1241 871 1279 GR.
890 1245 998 1293 parte
1016 1243 1044 1282 2
1065 1241 1250 1282 latissime.
1309 1243 1447 1284 Gom.

309 1297 365 1337 ib.
405 1311 441 1341 v,
479 1298 549 1339 13.
623 1294 1029 1352 Κωνσταντινᾶκιον]
1068 1299 1308 1340 Constantini
1344 1294 1668 1355 ὑποκοριστικόν,

194 1355 297 1408 quod
313 1354 458 1395 Latinis
475 1355 791 1394 Constantinulus.
848 1355 990 1396 GoAn.

307 1416 335 1451 t.
350 1413 384 1452 11
412 1426 450 1464 p.
469 1412 553 1463 258
571 1425 608 1452 v,
627 1412 665 1453 9.
714 1412 818 1460 filia
838 1411 1084 1464 Babylonis]
1124 1413 1338 1466 imprecatio
1357 1425 1403 1452 ex
1422 1411 1590 1465 psalmo,
1627 1413 1669 1450 ut
1709 1409 1713 1412 ’

193 1469 360 1522 videtur,
390 1467 473 1511 134
493 1469 705 1521 desumpta.
761 1469 866 1508 Xn.

306 1525 366 1566 ib.
394 1540 430 1568 v.
466 1525 536 1568 10.
592 1525 765 1577 epeicta]
795 1525 989 1578 ἐπείκτης.
1045 1525 1117 1565 hoc
1133 1526 1302 1566 vocabuli
1319 1527 1409 1577 quid
1430 1526 1666 1577 significaret,

191 1595 270 1624 non
287 1584 536 1636 assequebar,
560 1595 774 1635 quanquam
795 1585 827 1622 si
845 1583 1024 1622 coniicere
1049 1583 1163 1622 libeat
1179 1588 1350 1635 putarem
1379 1596 1462 1622 esse
1489 1578 1598 1633 παροῖ
1624 1577 1668 1621 τὸ

191 1639 390 1696 ἐπείγειν,
430 1641 600 1679 fortassis
628 1652 824 1692 operarum
853 1643 1072 1681 exactorem.
1129 1653 1215 1679 nam
1245 1640 1292 1679 ab
1319 1640 1486 1690 urgendo
1513 1638 1666 1689 quidem

192 1699 347 1738 dicitur:
379 1698 448 1738 sed
466 1710 560 1749 quos
574 1697 743 1737 homines
764 1701 830 1736 aut
849 1709 942 1748 quas
962 1710 1021 1736 res
1042 1698 1198 1746 urserit,
1227 1698 1344 1735 sciant
1365 1696 1437 1735 alii.
1494 1696 1664 1734 Zonaras

191 1751 354 1808 πκὴκτην
372 1755 529 1807 scripsit.
586 1755 677 1806 qnid
707 1758 830 1794 autem
864 1758 921 1793 est
940 1749 1127 1807 πήκτηςΡ
1181 1754 1325 1793 fabrum
1355 1754 1415 1792 vix
1440 1756 1548 1805 puto.
1607 1752 1666 1790 hic

191 1825 314 1852 meam
341 1813 589 1851 coniecturam
616 1823 800 1862 exponam
825 1810 940 1850 libere
966 1811 1005 1849 in
1028 1825 1069 1850 re
1092 1810 1224 1850 nullius
1253 1814 1317 1849 aut
1342 1823 1419 1848 non
1446 1809 1595 1860 magni,
1625 1812 1665 1846 ut

189 1872 373 1924 apparet,
410 1868 602 1907 momenti.
657 1867 801 1919 πηκτίς
819 1868 1099 1907 instrumentum
1120 1872 1176 1907 est
1195 1869 1273 1906 sive
1289 1867 1483 1906 multarum
1508 1866 1666 1904 chorda-

187 1939 271 1966 rum
288 1925 367 1966 sive
383 1925 473 1964 alias
490 1924 633 1963 varium
651 1928 868 1963 concentum
886 1925 1025 1975 edens3
1064 1925 1167 1975 quod
1188 1937 1263 1962 non
1288 1928 1364 1962 tam
1387 1936 1431 1962 ex
1455 1923 1578 1961 lexicis
1603 1922 1664 1959 di-

190 1984 285 2031 dici,
314 1975 545 2035 quibns'non
566 1985 707 2020 temere
733 1981 862 2030 credo,
895 1993 1008 2032 quam
1029 1993 1075 2020 ex
1100 1980 1193 2019 Plat.
1217 1983 1242 2021 3
1265 1981 1489 2020 πολιτειῶν,
1546 1978 1664 2017 verba

189 2046 296 2080 sunt:
323 2034 531 2094 τριγώνων
550 2034 630 2093 ἄρα
647 2036 716 2078 καὶ
731 2038 938 2090 πηκτίδων
961 2036 1031 2077 καὶ
1049 2034 1217 2078 πάντων
1234 2033 1416 2090 ὀργάνων
1438 2031 1514 2076 ὅσα
1532 2029 1663 2075 πολύ-

190 2097 316 2151 χορδα
342 2095 412 2138 καὶ
436 2090 718 2149 πολυαρμόνια
746 2091 1017 2148 δημιουργούς
1046 2089 1096 2134 ου’
1126 2093 1350 2146 θρέψομεν.
1419 2094 1491 2130 iam
1516 2105 1559 2131 ea
1592 2092 1664 2130 fuit

191 2152 355 2195 Cedreni
377 2157 418 2194 et
442 2153 549 2191 huius
569 2153 712 2191 farinae
733 2155 951 2204 scriptorum
971 2151 1118 2190 licentia
1136 2151 1254 2189 dicam
1271 2163 1318 2189 an
1335 2150 1511 2199 audacia,
1551 2152 1592 2186 ut
1612 2148 1663 2186 ci·-

189 2212 409 2252 tharoedum
426 2214 493 2250 aut
510 2210 686 2249 musicum
708 2209 816 2247 facile
832 2207 901 2246 illis
921 2209 1032 2247 suerit
1050 2203 1208 2260 πήκτην
1226 2209 1430 2247 nominare.
1488 2206 1565 2245 eius
1583 2204 1663 2243 vitii

189 2268 287 2318 (non
305 2270 403 2310 enim
423 2272 482 2307 est
505 2267 576 2306 nisi
591 2267 739 2317 vitium)
766 2265 933 2318 exempla
952 2265 1108 2304 subinde
1134 2266 1177 2303 iis
1196 2265 1365 2316 legendis
1388 2263 1662 2316 deprehendes.

190 2327 281 2378 quid
307 2328 340 2366 si
371 2338 464 2376 ergo
493 2324 525 2363 is
555 2321 713 2376 πηκτής
741 2324 899 2361 musicus
924 2323 1011 2372 fuit,
1049 2326 1161 2373 atque
1190 2324 1286 2361 adeo
1311 2321 1373 2360 ille
1399 2321 1479 2374 ipse
1502 2319 1659 2358 musicus

189 2383 378 2424 eunuchus
398 2383 476 2432 (cui
493 2394 630 2420 nomen
651 2380 776 2419 musici
794 2378 902 2419 facile
917 2380 965 2418 ab
981 2387 1061 2419 arte
1076 2380 1197 2431 potuit
1219 2380 1319 2428 fieri,
1360 2378 1391 2416 si
1411 2377 1560 2429 quidem
1584 2376 1661 2414 Co-

187 2453 372 2494 pronymo
398 2439 642 2479 iconomacho
669 2442 708 2477 et
738 2436 817 2475 aliis
844 2437 971 2488 potuit
996 2437 1277 2488 imperatoribus
1303 2439 1340 2475 et
1365 2435 1445 2473 aliis
1464 2436 1659 2486 praeterea

189 2498 339 2537 summis
359 2497 445 2536 viris
466 2497 514 2535 ab
534 2495 659 2546 aliqua
674 2494 818 2534 actione
836 2493 987 2545 imponi,
1017 2498 1081 2532 aut
1100 2506 1188 2532 vero
1203 2495 1415 2534 καλεῖσθαι
1433 2505 1501 2544 pro
1520 2502 1659 2540 cogno-

188 2555 322 2596 minari
350 2554 440 2607 poni
468 2554 516 2592 ab
545 2552 693 2591 homine
722 2550 813 2589 nihil
841 2551 961 2589 minus
991 2563 1100 2602 quam
1119 2551 1355 2604 proprietatis
1379 2549 1564 2596 studioso)
1595 2545 1659 2596 qui

188 2613 420 2652 occasionem
439 2610 635 2660 Bulgarico
657 2607 756 2648 bello
773 2619 841 2646 sua
856 2608 1008 2647 avaritia
1025 2609 1213 2660 praebuit,
1251 2608 1367 2646 fretus
1387 2606 1504 2657 gratia
1524 2605 1562 2642 in
1584 2615 1658 2654 qua

188 2669 290 2721 apud
310 2668 408 2707 hunc
426 2667 607 2706 Zautzani
627 2666 717 2714 fuit;
755 2665 856 2716 quod
884 2678 929 2703 eo
958 2670 1041 2703 erat
1063 2665 1222 2711 facilius,
1251 2665 1282 2703 si
1299 2678 1381 2703 eum
1400 2663 1546 2714 generis
1567 2672 1659 2712 pro-

187 2726 398 2779 pinquitate
417 2725 616 2775 attigisset.
673 2723 764 2762 haec
782 2722 868 2761 ideo
889 2721 993 2760 libuit
1011 2726 1213 2772 annotare,
1259 2721 1359 2773 quod
1382 2720 1458 2758 scio
1482 2719 1550 2757 hac
1573 2717 1659 2755 dili-

188 2782 319 2833 gentia
337 2782 502 2822 adhibita
521 2782 651 2820 doctos
671 2781 770 2819 viros
798 2792 910 2831 saepe
936 2780 1079 2830 magnis
1104 2780 1281 2818 bonorum
1300 2778 1515 2829 scriptorum
1534 2775 1660 2813 vulne-

186 2840 290 2880 ribus
308 2840 527 2880 medicinam
546 2839 692 2882 secisse.
749 2836 894 2878 interim
915 2837 1003 2877 nihil
1020 2838 1182 2888 mutavi,
1210 2841 1252 2876 ut
1270 2837 1301 2875 si
1319 2836 1400 2888 quis
1419 2834 1512 2874 sciat
1528 2832 1661 2885 Epicta
