1916 3210
322 153 420 199 598
789 147 1021 193 GEoRGn
1054 148 1293 193 GEDRENI

323 267 444 316 ζωνος
462 263 651 305 ἀπελθεῖν
671 262 739 304 καὶ
758 263 954 315 συμμῖξαι
975 266 1059 312 τοῖς
1081 261 1295 316 ἐναντίοις.4
1349 259 1455 321 ᾤετο»
1473 260 1552 319 γὰρ
1568 260 1764 318 *attestant

276 337 306 372 C
329 329 515 388 ἀφρόνως
542 327 708 378 τούτους
736 327 936 385 αἱρήσειν,
970 330 1036 371 καὶ
1062 329 1200 372 ἐδεδίει
1224 330 1290 371 καὶ
1313 330 1508 387 φροντίδα
1530 329 1683 374 ἐτίθετο
1704 328 1764 386 μῆ

324 416 384 448 τις
414 396 554 439 λαθὼν
586 393 836 451 διαδράσειε,
870 398 938 439 καὶ
967 396 1039 439 οὐκ
1067 396 1188 447 αὐτὸς
1206 395 1330 451 μόνος
1349 397 1452 439 ἀλλὰ
1476 397 1542 439 καὶ
1562 393 1585 440 ὅ
1605 395 1766 452 σόμπας

325 463 515 522 στρατός·
545 463 780 520 ἐπεφέροντο
797 463 875 521 γὰρ
894 464 961 506 καὶ
978 462 1158 507 καλώδια
1175 467 1243 506 καὶ
1261 462 1415 521 λιόρους
1430 463 1531 521 πρὸς
1544 461 1766 520 τὸδεῖνμεῖν

328 533 423 582 τοὺς
460 529 755 584 ἁλισκομένους.
821 535 939 575 τοῦτο
973 532 1018 574 δέ
1046 532 1180 574 ἐδίδου
1210 530 1366 583 τούτοις
1394 529 1574 575 ὑπονοεῖν
1599 531 1800 576 vai-³·m'5

328 598 456 656 ἀρχὰς
485 596 755 654 ἐπιγενόμενον
776 600 832 650 εἰς
856 599 1002 650 αὐτοὺς
1021 599 1084 641 ἐπὶ
1103 604 1175 642 τοῦ
1195 599 1390 655 Κεγένους
1408 603 1567 653 πτῶμα.
1633 598 1770 654 ἀμέλει
1797 647 1800 650 Δ

328 669 394 709 καὶ
423 667 685 721 συναίσθησιν
713 666 918 721 λαβόντων
943 671 1025 711 τῶν
1050 665 1313 719 Πατζινάκων
1338 671 1411 722 τῆς
1433 663 1670 718 ἐπελεύσεως
1690 670 1773 711 τῶν

323 733 530 788 Ῥωμαίων
565 733 672 793 (ἤδη
701 734 780 791 γὰρ
811 736 879 778 καὶ
911 732 932 777 ὅ
968 733 1112 791 Τυράχ
1141 736 1208 778 καὶ
1237 735 1275 777 οἳ
1304 734 1378 778 σὺν
1399 734 1511 792 αὗτῷ
1529 739 1602 790 τῆς
1620 732 1773 786 πόλεως

331 801 600 852 ἀπολυθέντες
627 801 817 859 ἄρχοντες
846 800 1060 852 ἕνωθέντες
1080 797 1184 857 ἦσαν
1207 802 1342 853 αὐτοῖς
1360 804 1427 845 καὶ
1446 801 1496 845 τὰ
1517 802 1775 860 συμφέροντα

327 867 484 921 τούτοις
504 868 772 922 ἐσπούδαζον,
799 869 938 928 μακρὰ
956 871 1108 927 χαίρειν
1127 867 1299 921 εἲπόντες
1317 876 1405 921 ταῖς
1423 870 1526 926 πρὸς
1540 869 1611 914 τὸν
1626 871 1828 918 Mam-10

328 935 457 992 μάχον
470 936 734 993 ὑποσχέσεσι)
768 939 835 981 καὶ
851 937 1166 996 προδραμόντων
1181 942 1262 981 τῶν
1283 939 1583 996 ἀλκιμωτέρων,
1617 939 1683 981 καὶ
1700 941 1775 981 τοῦ

281 1010 313 1045 D
337 1005 596 1060 Κεκαυμὲνου
627 1006 812 1061 μέγιστον
842 1006 1096 1059 ἀναβοῶντος
1126 1007 1194 1049 καὶ
1225 1010 1551 1063 παρακαλοῦντος
1575 1010 1648 1050 νῦν
1676 1004 1776 1049 εἶναι

331 1073 471 1130 καιρὸν
490 1074 746 1128 συμπλοκῆς,
781 1072 950 1129 ὁπηνίκα
974 1071 1173 1131 σποράδες
1192 1075 1266 1116 εἶσὶ
1287 1075 1353 1116 καὶ
1374 1073 1674 1131 διεσπαρμένοι,
1707 1075 1776 1116 καὶ

331 1137 390 1196 μὴ
418 1141 634 1197 περιμένειν
662 1141 708 1183 τὸ
741 1140 849 1184 ἅπαν
880 1141 1114 1197 ἄθροισμα,
1147 1141 1219 1184 οὐκ
1240 1139 1370 1198 ἐπῄνει
1391 1141 1464 1195 μέν
1484 1142 1551 1184 καὶ
1569 1141 1616 1185 τὸ
1637 1141 1776 1184 λοιπὸν

334 1213 494 1263 πλῆθος
511 1213 591 1251 τῶν
605 1206 811 1263 Ῥωμαίων
826 1209 920 1260 τοὺς
936 1210 1082 1252 ἐκείνου
1100 1207 1260 1265 λόγους,
1290 1207 1312 1252 ὁ
1335 1209 1379 1251 δὲ
1397 1208 1568 1266 ραίκτωρ
1587 1210 1655 1252 καὶ
1673 1224 1774 1265 προ-
1787 1211 1830 1248 15

336 1281 473 1334 φανῶς
497 1277 708 1332 κατεγέλα,
742 1275 956 1320 “wewam'’
993 1273 1139 1333 λέγων,
1175 1271 1240 1319 “ιῖι
1266 1275 1542 1333 στρατηλάτα,
1584 1278 1652 1319 καὶ
1677 1277 1777 1330 ἐμοῦ

335 1349 649 1401 στρατηγοῦντος
677 1344 799 1396 αὐτὸς
827 1344 886 1399 μὴ
915 1342 1254 1401 παραστρατήγει·
1295 1345 1342 1387 οὗ
1362 1345 1446 1405 χρὴ
1473 1344 1553 1401 γὰρ
1586 1345 1776 1401 διεσπαρ-

335 1413 469 1466 μένοις
497 1409 768 1466 ἐπιθήσεσθαι
796 1419 880 1463 τοῖς
907 1411 1195 1464 Πατζινάκοις,
1237 1409 1295 1466 μή
1327 1429 1412 1462 πως
1440 1411 1649 1468 πτυρέντες
1677 1410 1778 1455 ὕπο-

338 1479 537 1523 δύσωνται
557 1479 630 1529 τὰς
649 1478 814 1533 λόχμας.
880 1480 967 1534 ἐμοὶ
988 1481 1032 1522 δέ
1054 1480 1366 1532 ἀκολουθοῦντι,
1401 1475 1435 1522 ὦ
1453 1484 1550 1531 τᾶν,
1585 1480 1632 1523 οὗ
1652 1480 1778 1536 παρέ-

338 1564 481 1589 πονται
512 1549 725 1603 θηρατικοὶ
753 1546 869 1598 κύνες
876 1579 890 1599 ,
924 1549 1062 1597 οἵτινες
1090 1547 1388 1604 ῥινηλατοῢντες
1406 1546 1610 1598 ἐξάξουσιν
1631 1547 1834 1598 αὖτοὺς20

340 1619 420 1658 τῶν
450 1614 740 1672 καταφυγών.”
808 1617 875 1657 καὶ
903 1616 954 1658 τὰ
982 1615 1055 1669 μὲν
1083 1620 1162 1657 τῶν
1186 1613 1393 1668 Ῥωμαίων
1417 1610 1520 1669 ἦσαν
1545 1615 1587 1657 ἐν
1611 1614 1780 1667 τούτοις,

343 1682 382 1724 οἳ
402 1683 444 1725 δὲ
464 1681 686 1740 πρόδρομοι
705 1687 785 1726 τῶν
802 1681 1066 1735 Πατζινάκων
1086 1683 1252 1738 πλησίον
1266 1681 1464 1739 γενόμενοι
1482 1686 1554 1737 τῆς
1573 1687 1782 1741 παρεμβο-

433 1836 456 1871 3
480 1832 699 1878 α’ποδροὲσειε
721 1835 752 1870 C
907 1834 931 1871 4
951 1834 1013 1870 καὶ
1036 1837 1117 1881 post
1136 1833 1205 1881 γὰρ
1228 1846 1282 1869 om
1305 1834 1335 1869 C
1495 1835 1538 1870 13
1560 1833 1693 1877 καιρὸν
1714 1834 1783 1879 τῆς

433 1883 563 1925 συμπλ.
586 1882 616 1916 C
751 1881 795 1917 18
816 1878 1056 1927 ἐπιβήσεσθαι
1076 1883 1106 1916 C
1240 1882 1287 1917 20
1309 1876 1378 1915 ov’n
1397 1877 1586 1923 ἐξάξουσιν
1607 1881 1638 1916 G

344 2016 510 2051 accedere
533 2020 568 2052 et
590 2028 738 2062 pugnam
760 2028 956 2052 conserere.
1001 2016 1106 2052 stulte
1139 2016 1227 2052 enim
1256 2015 1322 2051 sibi
1345 2018 1567 2062 persuaserat
1588 2016 1699 2062 primo
1722 2027 1783 2051 eos

343 2062 474 2105 impetu
506 2063 725 2108 profligatum
754 2063 819 2106 iri3
852 2074 960 2109 eaque
985 2074 1068 2097 cura
1088 2063 1199 2107 ipsum
1223 2064 1390 2106 angebat,
1425 2074 1470 2096 ne
1491 2061 1568 2107 quis
1591 2063 1675 2106 fuga
1698 2073 1782 2096 eva-

344 2108 456 2142 deret.
504 2119 616 2152 neque
649 2108 727 2153 ipse
756 2113 904 2152 tantum,
939 2109 1001 2143 sed
1033 2108 1133 2142 etiam
1164 2108 1345 2143 universus
1369 2107 1559 2141 exercitum
1589 2108 1784 2142 afferebant

345 2153 435 2186 enim
458 2165 571 2187 secum
597 2158 633 2187 et
653 2154 754 2188 funes
776 2159 812 2188 et
834 2154 926 2198 lora,
963 2153 1086 2198 quibus
1110 2160 1230 2199 captos
1253 2153 1480 2187 devincirent.
1527 2152 1592 2186 hoc
1613 2152 1701 2197 ipsis
1725 2163 1786 2187 su-

343 2196 533 2241 spicionem
556 2199 683 2243 movit,
717 2204 753 2234 et
773 2201 867 2244 quod
887 2199 987 2234 initio
1007 2200 1134 2233 factum
1158 2200 1226 2234 fuit
1246 2210 1330 2243 erga
1352 2211 1410 2242 se,
1443 2204 1477 2232 et
1499 2197 1652 2242 Kegenis
1671 2209 1786 2233 casus.

345 2244 391 2277 ad
415 2247 599 2278 extremum
624 2255 698 2278 cum
721 2245 975 2290 persensissent
995 2244 1203 2279 Patzinacae
1226 2245 1408 2279 adventum
1435 2244 1662 2278 Romanorum
1697 2244 1786 2288 (inm

346 2289 435 2322 enim
461 2293 495 2323 et
518 2289 678 2334 Tyrach‚
707 2296 744 2325 et
767 2291 827 2335 qui
849 2302 924 2325 cuin
946 2291 1022 2335 ipso
1046 2295 1145 2325 erant
1167 2291 1359 2336 principes,
1386 2291 1429 2324 ab
1451 2290 1537 2323 urbe
1559 2288 1689 2323 dimissi
1711 2299 1788 2323 cum

344 2333 433 2378 ipsis
466 2346 544 2368 sese
576 2335 846 2380 coniunxerant,
882 2341 917 2370 et
945 2336 1107 2380 quicquid
1131 2336 1181 2375 eis
1204 2336 1385 2381 expediret
1406 2335 1559 2369 studiose
1584 2335 1787 2378 curabant),

346 2379 481 2413 omissis
503 2380 546 2414 iis
567 2392 657 2426 quae
679 2381 905 2416 Monomacho
931 2381 1076 2426 polliciti
1094 2382 1252 2423 fuerant,
1290 2387 1325 2415 et
1355 2380 1607 2415 confluentibus
1631 2379 1788 2414 fortiori-

344 2424 410 2458 bus
434 2425 646 2471 quibusque,
682 2438 719 2461 se
743 2428 871 2473 optime
891 2427 1145 2469 instruxerant3
1179 2431 1214 2461 et
1236 2428 1423 2460 Combusto
1446 2425 1537 2459 clara
1560 2436 1646 2459 voce
1671 2425 1788 2458 excla-

346 2476 462 2503 mante
497 2475 531 2505 et
563 2472 765 2507 admonente
799 2485 889 2507 nunc
920 2483 1054 2517 pugnae
1081 2477 1215 2516 tempus
1246 2483 1342 2515 esse,
1379 2482 1452 2505 cum
1483 2469 1554 2514 ipsi
1576 2470 1724 2515 dispersi
1746 2480 1788 2504 ac

347 2514 507 2559 dissipati
527 2523 625 2561 sunt,
649 2529 761 2562 neque
784 2519 1047 2563 exspectandum
1072 2519 1185 2562 quoad
1208 2529 1324 2551 omnes
1346 2516 1444 2551 simul
1466 2521 1688 2560 cogerentur,
1709 2515 1787 2549 lau-

348 2560 452 2593 dabat
482 2561 615 2606 reliqua
647 2564 876 2597 Romanorum
910 2563 1087 2596 multitudo
1118 2563 1192 2597 eius
1223 2562 1411 2596 consilium.
1457 2567 1494 2596 at
1523 2567 1638 2595 rector
1667 2566 1790 2605 aperte

348 2604 528 2640 irridebat.
574 2604 739 2641 “desine'’
764 2609 895 2653 inquit,
917 2605 962 2641 “o
987 2609 1108 2642 ductor
1132 2608 1323 2650 exercitus,
1358 2613 1392 2640 et
1415 2618 1468 2641 me
1491 2606 1660 2640 exercitui
1679 2606 1791 2651 impe-

347 2655 447 2683 rante
471 2663 514 2684 ne
540 2659 658 2686 contra
679 2653 847 2698 imperes:
882 2666 948 2687 non
974 2653 1061 2687 enim
1085 2653 1235 2697 dispersi
1260 2653 1466 2686 Patzinacae
1492 2656 1572 2686 sunt
1591 2650 1789 2694 invadendi,

349 2705 393 2726 ne
426 2695 516 2729 forte
548 2699 740 2740 perturbati
776 2699 880 2733 silvas
914 2700 1071 2732 subeant.
1119 2710 1172 2731 me
1204 2703 1315 2733 autem
1340 2702 1524 2741 sequentes
1548 2708 1568 2730 o
1591 2697 1699 2730 amice
1721 2706 1791 2729 non

349 2739 474 2773 adsunt
499 2742 651 2789 yenatici
681 2755 804 2786 canes,
841 2744 899 2788 qui
930 2743 1133 2787 indagantes
1165 2744 1261 2788 ipsos
1291 2755 1310 2777 e
1334 2743 1438 2786 locis,
1469 2754 1538 2786 quo
1561 2741 1787 2785 confugerint,

350 2783 532 2827 educant,''
577 2794 612 2822 et
633 2799 691 2822 res
714 2790 943 2825 Romanorum
960 2789 1010 2825 ita
1028 2801 1067 2824 se
1085 2790 1268 2824 habebant.
1315 2787 1532 2834 antesignani
1546 2792 1656 2822 autem
1671 2785 1788 2821 Patai-
