1890 3236
268 171 365 219 392
740 167 976 213 GEORGII
1009 167 1253 213 GEDRENI

266 286 380 334 τ’ίκα,
414 280 628 336 ἐμποδίσαι
653 280 712 334 μὴ
740 281 982 335 δυνηθείσης
1005 283 1077 334 τῆς
1099 276 1282 337 κόρυθος
1303 283 1354 337 τῇ
1372 280 1446 341 βίᾳ
1465 285 1538 336 τῆς
1555 285 1724 337 πληγῆς,

268 355 412 400 ἐκεῖνος
440 350 485 391 δὲ
513 348 776 404 ἀποστρέψας
793 347 863 390 τὸν
877 348 1045 404 χαλινὸν
1070 347 1194 403 εἴχετο
1214 352 1287 403 τῆς
1308 345 1421 392 ὁδοῦ.
1487 349 1526 391 οἱ
1552 349 1598 394 δὲ
1625 347 1726 392 διώ-

268 436 403 468 κοντες
431 413 597 459 κατόπιν
625 414 858 471 ἐρχόμενοι,
892 417 959 458 καὶ
990 415 1093 459 ἔνθα
1124 413 1146 459 ὅ
1178 415 1334 474 Χάρων
1365 414 1572 471 τεθνηκὼς
1600 415 1722 461 ἵκει-το

268 485 469 544 γενόμενοι
478 515 492 536 ,
526 485 592 527 καὶ
613 487 670 541 τῷ
689 483 951 541 ἀνυποστάτῳ
974 488 1047 526 τοῦ
1064 481 1280 539 πτώματος
1298 481 1606 540 ἐκπληττόμενοι
1618 481 1725 529 mh·-

219 564 248 599 B
272 571 336 605 τες
355 556 480 596 ἵστων
498 551 570 607 τὴν
589 551 722 603 δίωξιν
734 584 747 604 ,
779 552 953 607 μηδενὸς
972 556 1200 606 τολμῶντος
1218 552 1460 610 προσωτέρω
1477 551 1592 596 ἰέναι.
1656 552 1758 610 καὶὸ

271 621 399 672 οὕτως
415 620 551 671 ἀδείας
569 619 791 676 λαβόμενος
809 619 831 664 ὅ
854 623 1004 671 Φωκᾶς
1021 620 1171 663 ἄνεισιν
1189 622 1243 671 εἲς
1259 620 1305 665 τὸ
1323 618 1535 678 φρούριον.
1600 635 1730 677 nape-
1772 667 1775 671 4

269 691 399 747 γε’νετο
422 689 526 744 μετὰ
545 693 675 731 ταῦτα
695 691 762 732 καὶ
785 687 806 731 ὁ
827 689 1033 745 Σκληρός,
1060 693 1236 745 συνεχῶς
1257 688 1360 746 πρὸς
1378 690 1524 732 ἐκεῖνον
1545 687 1729 743 πέμπων,

270 760 337 801 καὶ
358 755 557 812 κήδεσθαι
577 757 680 811 μεθ’
708 756 840 814 ὅρκων
861 757 1030 816 γράφων
1052 756 1107 808 ὡς
1128 760 1325 813 κηδεστοῦ
1352 754 1544 814 (νύμφην
1563 755 1643 813 γὰρ
1662 756 1729 799 3⁷12

271 831 329 884 τῷ
368 826 533 883 ἀδελφῷ
567 827 859 885 Κωνσταντίνῳ
889 826 964 881 τὴν
993 828 1141 870 ἐκείνου
1180 824 1280 881 εἶχεν
1311 825 1493 882 ἀδελφὴν
1525 825 1729 884 Σοφίαν),

272 896 340 937 καὶ
374 891 664 948 συμβουλεύων
691 898 979 951 προσχωρῆσαι
1003 898 1062 952 τῷ
1087 898 1254 949 βασιλεῖ’
1280 896 1348 938 καὶ
1379 894 1454 949 τὴν
1479 890 1627 937 ἑαυτοῦ
1657 890 1728 936 διὰ
1739 894 1785 932 1o

269 967 341 1018 τῆς
372 962 617 1016 αὐτομολίας
647 960 907 1017 συμπάθειαν
939 960 1259 1006 ἐπισπάσασθαι.
1326 961 1473 1020 ὅρκους
1497 955 1569 1005 οὖν
1590 959 1731 1016 λαβὼν

272 1030 328 1081 ὡς
358 1030 475 1073 οὐδέν
502 1046 541 1072 τι
570 1031 746 1075 πείσεται
771 1034 975 1088 φλαῦρον,
1010 1033 1288 1083 παραδίδωσιν
1314 1029 1458 1074 ἑαυτὸν
1479 1033 1539 1088 τῷ
1559 1030 1733 1087 Σκληρῴ·

272 1100 346 1142 σὺν
371 1105 456 1149 τοῖς
482 1103 671 1142 συνοῦσιν
699 1099 822 1157 αὐτῷ.
891 1098 937 1142 ὃν
955 1100 1082 1154 μηδὲν
1102 1098 1201 1142 ἄλλο
1222 1097 1411 1142 παθόντα
1431 1095 1574 1151 κακόν,
1606 1095 1731 1153 μόνον

273 1169 317 1210 δὲ
349 1166 559 1223 γενόμενον
589 1166 776 1224 κληρικὸν
810 1168 852 1209 ἓν
881 1171 932 1224 τῇ
961 1166 1071 1225 νήσῳ
1102 1168 1196 1224 Χίῳ
1223 1165 1448 1225 ὖπερορίζει
1475 1163 1497 1208 ὅ
1525 1163 1731 1221 βασιλεύς.

226 1238 256 1271 C
278 1236 347 1278 τὸν
378 1236 423 1277 δὲ
450 1235 633 1292 Σκληρὸν
661 1234 839 1287 εὐζώνως
870 1235 974 1289 μετὰ
1005 1240 1084 1279 τῶν
1113 1233 1277 1294 κούφων
1304 1232 1520 1293 ταγμάτων
1539 1236 1730 1291 διαβῆναι
1741 1235 1787 1273 1⁵

272 1303 391 1346 πάλιν
408 1301 556 1346 κελεύει
572 1304 674 1359 πρὸς
688 1303 761 1358 τὴν
779 1301 963 1360 ἑσπέραν.

402 1370 559 1426 ἴΑγεται
578 1372 622 1414 δὲ
639 1370 771 1430 ἑαυτῷ
787 1378 954 1428 γυναῖκα
974 1369 995 1414 ὅ
1012 1368 1197 1427 Ἰωάννης
1220 1367 1442 1428 Θεοδῶραν
1458 1369 1532 1425 τὴν
1552 1365 1734 1426 ἀδελφὴν

269 1437 501 1492 Ῥωμανοῦ,
534 1440 743 1497 θυγατέρα
764 1440 808 1482 δὲ
825 1445 897 1483 τοῦ
914 1439 1290 1497 πορφυρογεννήτου
1309 1438 1636 1482 Κωνσταντίνου·
1667 1437 1735 1479 καὶ

274 1506 401 1563 ταύτῃ
429 1511 480 1563 τῇ
508 1506 649 1564 πράξει
671 1507 855 1564 μεγάλως
877 1508 1051 1566 εὕφρανε
1072 1509 1167 1559 τοὺς
1187 1509 1353 1559 πολίτας
1375 1505 1432 1559 ὥς
1453 1506 1500 1550 τὸ
1520 1509 1595 1562 τῆς
1610 1509 1734 1560 βασι-

276 1576 384 1625 λείας
405 1574 553 1632 κράτος
572 1573 876 1634 περιφυλάττων
895 1581 952 1634 τῷ
968 1577 1083 1633 γε’νει.
1743 1577 1791 1614 2⁰

412 1644 602 1702 Δευτέρῳ
634 1645 678 1686 δὲ
708 1644 785 1687 ἔτει
811 1649 883 1699 τῆς
909 1645 1117 1699 βασιλείας
1136 1643 1261 1687 αὐτοῦ
1283 1643 1440 1699 μέλλων
1461 1636 1735 1698 ἐκστρατεύειν

279 1711 384 1754 κατὰ
413 1716 493 1754 τῶν
512 1710 613 1764 Ῥιὺς
640 1710 693 1756 τά
719 1730 762 1759 τε
789 1711 1071 1769 στρατεύματα
1093 1713 1337 1772 φιλοτιμίαις
1358 1707 1633 1766 ἀνελάμβανε,
1666 1709 1736 1752 καὶ

374 1866 418 1900 10
439 1864 509 1909 τὴν
531 1864 679 1910 ἐκείνου,
694 1866 725 1901 c
879 1868 920 1902 11
947 1859 1017 1902 οὖν
1038 1877 1093 1902 om
1118 1865 1149 1901 C
1299 1864 1344 1902 13
1364 1865 1445 1905 τοῖς
1466 1859 1540 1900 ὕπ’
1561 1860 1684 1900 avith
1704 1861 1738 1898 Ο

368 1911 412 1947 21
437 1911 478 1947 ἐν
500 1910 540 1948 δὲ
565 1913 615 1947 τῶ
638 1909 673 1959 β’
697 1913 729 1947 C

282 2047 352 2082 leto
385 2048 447 2083 dat
476 2049 708 2093 Charontem,
744 2048 844 2094 galea
866 2047 952 2083 nibil
976 2047 1144 2084 adversus
1167 2047 1237 2082 vim
1257 2046 1381 2094 plagae
1402 2046 1559 2090 valente3
1589 2050 1626 2082 et
1647 2058 1739 2092 equo

281 2094 392 2128 frenis
422 2107 546 2129 averso
577 2095 772 2130 institutum
795 2095 862 2129 iter
882 2095 1117 2140 prosequitur.
1163 2106 1240 2128 cum
1269 2105 1352 2128 vero
1378 2092 1633 2138 insequentium
1655 2093 1741 2128 reli-

280 2140 341 2184 qui
364 2152 405 2174 eo
429 2141 693 2186 pervenissent,
725 2141 895 2175 cadavere
919 2141 1105 2175 Charontis
1131 2144 1335 2185 conspecto,
1371 2151 1411 2173 re
1439 2138 1631 2185 improvisa
1654 2150 1739 2174 con·

283 2186 432 2221 sternati
453 2187 703 2228 substiterunt,
726 2187 863 2221 nemine
885 2198 1003 2221 eorum
1026 2186 1114 2221 ultra
1139 2185 1303 2232 progredi
1326 2185 1487 2221 audente.
1536 2185 1589 2219 ita
1604 2184 1743 2227 Phocus

284 2232 506 2267 securitatem
539 2239 661 2267 nactus
690 2232 726 2266 in
757 2232 934 2267 castellum
961 2232 1134 2277 pervenit.
1181 2242 1260 2265 mox
1283 2231 1405 2265 eodem
1426 2231 1560 2266 Bardas
1582 2231 1744 2276 accessit,

286 2278 574 2323 continenterque
602 2278 651 2312 >ad
684 2279 834 2313 Phocam
867 2278 983 2313 missis
1014 2277 1258 2322 internuntiis,
1301 2276 1511 2322 interposito
1547 2276 1742 2312 iuramento

286 2323 505 2358 confirmavit
536 2336 575 2358 se
605 2323 716 2370 ipsius
747 2336 822 2359 eam
852 2336 968 2358 curam
996 2336 1120 2370 gerere
1144 2335 1245 2369 quam
1268 2323 1383 2358 affinis
1407 2323 1536 2357 habere
1561 2334 1627 2368 par
1648 2326 1745 2358 esset

288 2369 393 2410 (nam
417 2369 550 2414 Sophia
572 2369 711 2404 Phocae
732 2382 832 2404 soror
855 2370 1086 2405 Constantino
1106 2370 1194 2404 Duri
1212 2369 1314 2403 fratri
1332 2369 1539 2415 nupserat),
1565 2368 1746 2413 suasitque

289 2419 327 2448 ut
358 2414 562 2459 imperatori
585 2427 626 2450 se
648 2415 812 2460 dederet,
844 2415 1091 2461 impetraturus
1113 2418 1156 2450 ab
1181 2427 1222 2450 eo
1246 2414 1446 2449 rebellionis
1477 2414 1637 2459 veniam..
1673 2414 1742 2448 ita-

289 2470 358 2504 que
381 2461 450 2494 fide
474 2472 493 2494 a
516 2460 632 2495 iurato
655 2461 751 2496 Duro
775 2468 921 2507 accepta
941 2462 1100 2505 Phocas,
1133 2461 1219 2495 nihil
1250 2460 1286 2495 in
1310 2472 1350 2495 se
1373 2466 1474 2494 atrox
1497 2465 1663 2495 statutum
1684 2459 1743 2504 iri,

287 2504 368 2538 huic
391 2517 431 2539 se
452 2517 603 2551 suosque
636 2507 746 2541 dedit.
793 2512 1045 2552 contentusque
1080 2508 1144 2541 hac
1174 2518 1286 2552 poena
1308 2506 1377 2541 suit
1396 2506 1584 2550 imperator
1606 2510 1647 2540 ut
1666 2517 1744 2541 enm

287 2549 449 2584 clericum
473 2551 601 2585 factum
624 2551 661 2586 in
685 2553 809 2587 Chium
830 2553 1025 2599 relegaret3
1047 2559 1083 2588 et
1104 2554 1236 2588 Durum
1258 2564 1332 2587 cum
1353 2551 1527 2598 expeditis
1542 2551 1745 2586 cohortibus

288 2596 392 2629 iussit
413 2596 449 2630 in
474 2597 700 2632 Occidentem
723 2599 869 2634 reverti.

379 2641 570 2676 Praeterea
611 2643 801 2687 imperator
835 2655 977 2680 uxorem
1012 2643 1110 2679 ducit
1144 2642 1364 2679 Theodoram
1399 2640 1548 2677 Romani
1577 2652 1745 2694 sororem,

289 2685 395 2720 filiam
419 2687 642 2722 Constantini
658 2690 968 2736 Porphyrogeniti.
1015 2702 1104 2735 quae
1125 2690 1267 2735 nuptiae
1287 2692 1472 2734 pergratae
1491 2687 1634 2723 fuerunt
1653 2687 1743 2723 civi-

289 2732 374 2776 bus,
402 2733 494 2776 quod
518 2744 592 2767 eum
616 2735 796 2780 imperium
818 2737 878 2770 isti
902 2734 1054 2771 familiae
1077 2746 1284 2770 conservare
1306 2733 1396 2767 velle
1416 2733 1626 2768 iudicarent.

381 2777 575 2812 Tzimisces
597 2791 686 2814 anno
711 2783 862 2816 secundo
887 2781 1025 2827 imperii
1051 2782 1103 2816 sui
1128 2781 1165 2816 in
1189 2782 1320 2816 Rossos
1345 2779 1602 2824 expeditionem
1625 2790 1745 2814 ausce-

292 2826 432 2867 ptums,
466 2833 540 2858 cum
572 2825 703 2862 animos
728 2827 871 2863 militum
895 2826 1102 2862 liberalitate
1123 2838 1188 2862 sua
1208 2825 1410 2870 refecisset,
1442 2825 1550 2861 duces
1571 2824 1618 2861 iis
1641 2835 1744 2871 prae-
