1916 3210
667 166 1119 212 ANNOTATIONES.
1533 169 1562 215 8
1570 171 1631 216 65

188 292 193 300 ⁴
213 295 215 300 ·
274 275 303 313 t.
323 272 359 312 II
385 287 425 327 p.
446 273 530 317 355
551 286 586 314 v.
606 276 672 317 12.
730 282 868 313 notum
885 275 1163 328 Dandzclplzo]
1194 282 1400 331 temporum
1422 282 1636 333 supputatio

161 333 202 371 et
229 328 325 370 aliae
352 333 534 382 quaedam
564 334 796 372 coniecturae
829 345 890 373 me
919 340 1071 373 movent
1093 339 1136 374 ut
1159 335 1254 374 hunc
1276 337 1422 376 credam
1444 351 1526 378 esse
1546 352 1631 378 eum

160 399 272 438 quem
294 386 454 427 historici
474 390 591 428 nostri
609 389 848 442 Rudolphum
866 394 1017 440 vocant,
1043 391 1284 442 Burgundiae
1308 405 1457 444 regem,
1488 399 1529 434 et
1551 395 1630 434 Ita-

159 444 235 484 liae
259 447 389 483 contra
412 445 692 495 Berengarium.
749 446 840 485 haec
857 450 895 485 et
913 446 986 485 alia
1005 447 1120 491 multa
1141 448 1240 487 haud
1261 452 1400 490 temere
1419 452 1519 503 apud
1541 452 1632 491 alios

159 500 356 552 scriptores
377 501 571 541 inveneris.
600 502 705 542 XYL.
763 499 1027 558 Πανδούλφῳ
1051 504 1176 556 potius
1207 507 1396 545 crederem
1421 507 1631 558 legendum,

159 557 311 596 nomine
322 556 467 596 Latinis
481 558 680 597 usitatiore.
718 566 1067 611 contemporaneum
1081 565 1204 600 autem
1222 562 1470 602 Constantino
1485 570 1630 614 octavo,

1 622 3 626 ’
78 638 82 639 ⁷
159 611 371 666 Nicephoro
391 613 477 653 huic
491 614 638 654 Phocae
657 619 697 654 et
714 615 843 654 loanni
861 616 1010 656 Zimisci
1028 618 1226 656 successori
1244 618 1501 671 Pandulphum
1513 651 1525 671 ,
1554 622 1631 661 Ca-

157 681 320 723 puanum
350 673 391 709 et
422 671 725 711 Beneventanum
753 673 979 725 principem,
1015 672 1120 725 ρῆγα
1149 676 1448 728 Λογγιβαρδίας
1479 678 1549 717 hac
1580 679 1630 719 de

158 738 272 766 eausa
297 730 466 766 vocatum
494 728 544 767 ab
571 733 745 778 auctore,
789 729 887 768 bella
915 730 1112 769 etiamnum
1139 744 1220 770 cum
1251 732 1403 771 Graecis
1435 739 1630 784 gerentem

157 786 337 823 memorat
363 783 548 823 Batonius
576 784 683 823 annis
716 784 800 828 957
828 788 868 824 et
895 787 979 828 968
1006 799 1052 826 ex
1084 787 1268 827 Chronico
1296 788 1628 841 Longobardorum

154 837 498 880 Beneventanorum
522 841 741 893 principum.
798 841 929 883 Gom.

194 914 200 924 ·
270 900 300 939 t.
318 895 353 935 ll
380 910 420 949 p.
439 896 522 939 359
545 910 580 936 v.
598 898 638 938 1.
694 894 1053 952 Μακροϊωᾶννην]
1083 900 1261 940 Ioannem
1291 913 1314 940 a
1346 903 1510 955 corporis
1535 917 1628 957 pro-

156 953 309 996 ceritate
330 953 384 992 sic
406 953 556 993 dictum.
612 953 744 997 Gon.
1174 965 1177 967 ’

266 1013 295 1048 t.
313 1009 349 1048 Π
375 1022 416 1062 p.
432 1012 516 1052 862
536 1023 570 1049 v.
590 1013 632 1053 6.
689 1010 922 1062 videantur]
954 1012 1087 1050 desunt
1106 1012 1227 1054 multa.
1285 1013 1471 1053 librarius:
1501 1015 1627 1057 λείπει

153 1065 202 1107 ἓν
229 1061 404 1118 φύλλον,
435 1062 542 1107 οὕτω
569 1066 636 1107 καὶ
656 1066 700 1108 ἐκ
718 1070 792 1108 τοῦ
811 1063 1071 1120 ἀντιγράφου.
1128 1074 1283 1121 possunt
1304 1084 1348 1108 ea
1371 1075 1556 1122 utcunque
1579 1086 1626 1111 cx

155 1123 307 1162 Zonara
333 1123 470 1175 repeti:
511 1136 597 1162 nam
622 1123 762 1176 alioqui
792 1131 919 1165 noster
951 1129 1010 1165 est
1042 1126 1081 1165 in
1111 1127 1234 1178 multis
1264 1127 1459 1178 copiosior.
1516 1129 1624 1169 Xn..

155 1179 403 1234 supplevimus
421 1192 466 1219 ex
486 1180 657 1230 Scylitze.
717 1181 848 1222 GoAn.

164 1234 168 1291 'v
267 1239 295 1275 t.
315 1237 348 1274 Π
375 1250 415 1289 p.
436 1236 519 1279 364
537 1250 571 1275 v.
587 1238 656 1278 22.
712 1251 780 1290 pro
797 1237 994 1276 Anabarza
1013 1235 1246 1276 Anazarbam
1261 1238 1433 1288 legerem.
1475 1243 1515 1279 et
1533 1240 1622 1279 Dri-

154 1292 250 1332 zium
283 1293 382 1345 apud
412 1293 599 1332 Zonaram
629 1297 686 1333 est
710 1293 929 1335 Drizibium.
986 1299 1074 1345 post
1101 1295 1283 1333 defectum
1313 1298 1537 1334 enumeratio
1566 1302 1624 1337 est

153 1350 320 1401 urbium,
345 1362 438 1401 quas
458 1351 508 1388 de
526 1350 708 1401 Agarenis
726 1351 955 1403 recuperavit
974 1364 1019 1389 eo
1041 1351 1138 1389 bello
1158 1350 1401 1402 Nicephorus.
1459 1353 1563 1393 Xn.

265 1410 293 1446 t.
314 1406 349 1445 II
376 1420 414 1459 p.
429 1405 513 1449 365
535 1419 570 1447 V.
591 1406 657 1447 13.
715 1402 1081 1460 στρατοπεδάρχην]
1126 1414 1345 1446 castrorum
1377 1409 1622 1448 mensoribus

146 1462 416 1515 praeficiam,
442 1469 671 1501 metatorem
682 1465 963 1515 praecipuum.
1024 1464 1156 1504 GOAR.

264 1523 291 1558 t.
319 1520 355 1559 11
391 1533 430 1572 p.
455 1521 538 1562 368
566 1533 601 1558 v.
627 1521 668 1560 7.
724 1521 784 1558 ad
820 1520 1076 1570 Taxeidium]
1113 1520 1214 1559 locus
1242 1521 1388 1560 videtur
1416 1521 1528 1560 fuisse
1556 1522 1620 1561 ubi

149 1576 382 1626 vectigalium
409 1581 475 1615 aut
499 1577 718 1628 pensionum
740 1577 902 1616 rationes
924 1578 1156 1616 ducerentur.
1187 1577 1281 1616 ΧΠ..
1337 1578 1536 1626 ταξεὶδιον
1562 1583 1620 1617 est

151 1633 359 1685 navigatio
377 1634 541 1671 seussiter
559 1634 667 1671 mari
683 1634 998 1682 conficiendum,
1027 1646 1102 1684 quo
1128 1633 1264 1672 subditi
1288 1638 1507 1685 gravantur,
1537 1648 1620 1674 cum

148 1691 338 1743 insperato
359 1690 616 1730 advenientem
637 1690 894 1742 imperatorem
917 1690 1156 1742 suscipientes
1181 1690 1288 1728 donis
1310 1690 1525 1739 conciliant,
1554 1705 1621 1731 co-

149 1747 316 1787 mitatum
339 1747 464 1795 alunt,
491 1747 689 1787 abeuntem
710 1748 820 1787 etiam
842 1751 1117 1801 prosequuntur
1135 1747 1369 1796 muneribus,
1398 1760 1442 1786 ac
1462 1748 1530 1786 sibi
1551 1762 1619 1788 ne-

150 1804 318 1844 cessar-iis
343 1803 394 1842 ad
417 1804 528 1842 vitam
559 1804 819 1844 destituuntur.
847 1830 852 1836 -
874 1817 972 1856 quae
1001 1805 1050 1843 de
1079 1805 1219 1843 taxidio
1249 1805 1392 1856 profert
1414 1805 1620 1856 Xylander,

147 1859 300 1900 ridicula
319 1863 418 1902 sunt.
473 1859 604 1900 Gom.

263 1915 319 1954 ib.
345 1929 381 1955 v.
400 1917 466 1960 15.
523 1914 792 1954 immobilibus
823 1915 957 1968 bonis]
1001 1911 1218 1968 οἷκινήτοις.
1273 1929 1350 1954 non
1381 1916 1617 1956 dissimulabo

149 1973 316 2014 studiose
347 1986 407 2013 me
435 1973 505 2012 hac
533 1987 639 2012 usum
669 1986 778 2024 voce,
807 1986 903 2024 quae
925 1973 1197 2024 ambiguitatem
1221 1973 1409 2011 retineret.
1467 1986 1552 2011 nam
1575 1978 1615 2013 et

149 2031 256 2070 fundi
287 2034 374 2069 sunt
401 2030 600 2069 immobilia
626 2031 744 2077 bona,
773 2042 816 2068 ac
843 2031 1016 2080 quicquid
1039 2042 1084 2069 eo
1106 2042 1241 2080 genere
1265 2033 1451 2067 censetur:
1481 2034 1518 2069 et
1543 2043 1615 2080 ego

148 2091 272 2127 tamen
287 2088 408 2138 magis
427 2087 498 2125 hoc
512 2091 604 2138 puto
621 2086 776 2137 intelligi
793 2087 840 2125 de
856 2088 1034 2136 aeternis,
1056 2099 1148 2136 quas
1163 2090 1319 2132 vocant,
1342 2086 1614 2136 donationibus,

148 2144 325 2184 heredem
340 2145 379 2182 in
393 2149 608 2196 perpetuam
624 2144 892 2182 successionem
911 2143 1175 2194 obligantibus3
1204 2141 1372 2192 qualibus
1390 2143 1614 2194 amplificata

149 2214 234 2241 esse
257 2201 359 2240 bona
389 2213 485 2251 quae
515 2201 758 2239 ecclesiastica
791 2200 980 2248 dicuntur,
1007 2212 1082 2238 non
1107 2204 1164 2238 est
1184 2199 1389 2237 obscurum.
1446 2199 1613 2250 nolebat,

147 2262 264 2311 puto,
297 2270 409 2296 unum
434 2258 593 2308 aliquem
620 2258 877 2308 imperatorem
898 2257 958 2294 alii
979 2256 1230 2307 praescribere
1251 2255 1468 2293 successuris
1491 2269 1614 2305 quan-

148 2319 229 2354 tum
257 2327 302 2354 ex
329 2327 396 2352 suo
423 2314 513 2352 fisco
538 2314 709 2353 decidere
731 2317 922 2363 cogeretur
943 2313 1027 2351 huic
1048 2312 1104 2351 vel
1125 2312 1208 2351 huic
1229 2313 1472 2359 monasterio,
1500 2312 1611 2351 homo

148 2371 244 2410 bello
265 2383 440 2421 magnus,
472 2372 573 2422 quod
594 2366 643 2410 οὐ
662 2374 825 2410 σιτεῖται
842 2364 1100 2422 μετρούμενα.
1157 2381 1246 2419 ergo
1264 2369 1295 2406 si
1314 2368 1394 2419 quis
1413 2369 1522 2407 vellet
1538 2369 1612 2408 lar-

147 2428 239 2479 giri,
266 2428 307 2466 id
326 2428 405 2467 siue
427 2427 717 2479 praescriptione
738 2431 775 2465 et
798 2427 835 2465 in
858 2439 1032 2479 praesens
1057 2426 1199 2475 (semel
1223 2437 1292 2476 pro
1318 2437 1484 2476 semper,
1508 2427 1611 2475 quod

147 2485 280 2535 aiunt)
306 2485 460 2537 putabat
485 2488 676 2536 praestare
704 2483 795 2522 fieri.
851 2496 937 2522 nam
970 2484 1028 2522 vix
1053 2483 1165 2522 credo
1195 2494 1278 2521 eum
1305 2481 1536 2532 prohibuisse
1561 2495 1609 2522 ne

147 2542 230 2592 quis
248 2541 403 2580 fundum
426 2541 602 2590 donaret,
628 2540 841 2592 praesertim
864 2542 1039 2592 privatus.
1096 2540 1162 2578 sed
1185 2538 1360 2578 reditibus
1384 2540 1610 2590 perpetuatis

145 2599 261 2637 fretos
279 2598 460 2636 sacrificos
477 2598 627 2636 videbat
645 2599 861 2637 σπαταλᾶν.
891 2597 1002 2636 lector
1016 2602 1188 2646 sequetur
1204 2595 1304 2646 quod
1322 2594 1428 2633 volet.
1458 2597 1608 2634 omnino

147 2658 271 2693 autem
292 2654 387 2693 male
402 2654 501 2706 apud
518 2654 587 2692 hoc
606 2666 722 2704 genus
740 2653 988 2692 historicorum
1008 2654 1181 2702 audiunt,
1211 2656 1393 2703 quotquot
1412 2651 1506 2690 bello
1529 2665 1607 2692 rem
1647 2694 1651 2696 ,

145 2711 330 2763 publicam
351 2715 498 2750 tuentes
520 2715 558 2749 et
578 2714 756 2760 augentes
779 2723 855 2749 non
876 2711 1038 2749 ditarunt
1054 2710 1245 2750 sacrificos.
1304 2709 1407 2747 Χῑι.

259 2771 286 2806 t.
305 2767 339 2806 ll
360 2781 398 2819 p.
419 2769 499 2810 369
517 2779 551 2805 v.
572 2768 639 2808 11.
693 2765 954 2822 τεταρτηρόν]
984 2767 1150 2805 Zonaras
1166 2766 1289 2804 scribit
1309 2765 1356 2803 de
1375 2765 1529 2815 hexagio
1547 2764 1605 2803 vel

144 2823 287 2863 sextula
314 2822 426 2875 (nam
456 2818 614 2877 ἐξάγων
641 2823 755 2875 lego)
782 2838 864 2864 eum
895 2824 1084 2875 redegisse
1112 2819 1362 2877 τεταρτηρόν.
1419 2823 1521 2874 quod
1551 2822 1605 2861 sic

198 2884 331 2932 Georg.
360 2884 535 2922 cedrenus
562 2889 643 2921 tom.
673 2885 722 2921 11.
1272 2878 1326 2920 55
