1916 3210
477 160 873 205 HISTORIARUM
908 157 1298 204 COMPENDIUM·
1526 156 1625 205 541

6 255 35 277 ’
166 271 408 335 Θωδῶραν,
440 279 568 331 τιμῶν
592 275 668 333 μέν
693 272 720 330 ἦ
750 271 972 330 σύγκλητος
995 277 1295 331 προβιβασμοΐς
1311 272 1534 331 ἓγεραίρετο
1556 274 1625 315 καὶ

160 347 324 403 δωρεῶν
354 346 567 400 διανομαῖς
592 344 640 388 τὸ
671 341 827 396 κοινόν,
863 345 930 387 καὶ
957 343 1008 387 τὰ
1037 341 1256 400 πράγματα
1275 343 1532 400 προμηθείας
1551 346 1626 397 τῆς
1645 345 1676 383 Ρ
1702 349 1770 386 753

149 413 419 469 ’ἐνδεχομένης
451 412 659 471 ἐτύγχανε,
703 410 955 469 γραμμάτων
982 410 1218 467 ἁπανταχοῦ
1243 413 1311 454 καὶ
1339 409 1624 467 διαταγμάτων

156 482 485 538 ἐκπεμπομένων,
520 480 721 539 ἀπριάτην
738 499 780 525 τε
801 482 873 531 τὰς
892 481 1022 537 ἀρχὰς
1038 482 1223 537 γίνεσθαι
1243 482 1310 524 καὶ
1329 479 1389 536 μὴ
1407 479 1549 532 ὠνίους
1567 478 1624 531 ὥς

123 549 354 611 ὄπρότερον
377 549 703 606 ὑπισχνουμένων
709 582 723 603 ,
757 552 825 592 καὶ
847 554 983 592 πᾶσαν
1004 550 1164 592 ἀδικίαν
1187 550 1230 593 ἐκ
1248 550 1376 604 μέσου
1396 549 1622 606 διοριζομέ-

155 636 236 665 νων
257 617 516 678 ἐλαύνεσθαι.
581 617 735 663 τούτων
756 620 802 664 δὲ
821 616 1106 662 καταστάντων
1123 616 1179 669 ὥς
1194 624 1280 669 τοῖς
1296 622 1512 674 κρατοῦσιν
1528 617 1622 661 ἐδό-

155 706 239 743 κει,
272 687 385 745 ἤχθη
413 689 481 733 καὶ
508 686 530 732 ὅ
559 689 850 743 νωβελίσσιμος
867 689 1174 738 Κωνσταντῖνος
1190 686 1269 730 ἀπὸ
1294 692 1366 743 τῆς
1387 685 1619 747 ὑπερορίας,

154 759 223 803 καὶ
255 760 346 816 περὶ
375 760 457 802 τῶν
489 758 695 813 δημοσίων
725 754 1035 814 ἀνακρινόμενος
1060 754 1307 813 χρημάτων,
1354 756 1428 807 τὰς
1455 756 1622 808 ἀπειλὰς

153 827 348 883 πτοηθείς
354 857 377 879 ,¹
401 823 605 877 infangene
623 827 664 869 ἒν
682 830 742 884 τῷ
759 825 864 868 κατὰ
883 824 980 876 τοὺς
999 822 1137 881 ἁγίους
1155 823 1407 876 ἀποστόλους
1426 825 1522 883 οἴκῳ
1541 825 1620 868 αὖ·

99 904 144 958 110
153 899 229 940 τοῦ
249 895 502 954 κεκρυμμένα
522 894 571 954 ἕν
581 912 658 939 τινι
680 896 887 951 κινστέρνῃ
903 895 1077 951 χρυσίου
1095 892 1332 952 κεντηνάρια
1352 892 1387 936 ν’
1410 895 1474 937 ἐπὶ
1497 895 1618 950 τρισί.

152 966 221 1008 καὶ
242 967 374 1008 ταῦτα
388 963 464 1018 μὲν
482 965 723 1018 διεκομίσθη
744 968 795 1021 τῇ
814 965 1018 1017 βασιλίδι,
1052 963 1199 1006 ἐκεῖνον
1218 962 1261 1005 δ’
1283 958 1406 1013 αὖθις
1425 961 1452 1018 ἦ
1470 960 1618 1020 ὕπερο-

150 1033 225 1091 ρία,
243 1032 420 1084 ἐδέξατο.
486 1034 773 1090 προχειριζεται
800 1033 846 1075 δὲ
870 1030 897 1088 ἢ
919 1033 1082 1087 βασιλὶς
1099 1032 1337 1087 δομέστικον
1356 1036 1438 1075 τῶν
1460 1035 1618 1086 σχολῶν
1641 1037 1671 1073 Β

147 1105 223 1158 τῆς
249 1101 449 1157 ἀνατολῆς
471 1099 678 1145 Νικόλαον
705 1100 906 1159 πρόεδρον
926 1100 998 1144 τὸν
1019 1100 1209 1156 εὐνοῦχον
1228 1105 1304 1144 τοῦ
1323 1102 1430 1144 ἰδίου
1449 1099 1618 1158 πατρός,

149 1172 218 1214 καὶ
251 1172 379 1214 δοῦκα
405 1173 480 1226 τῆς
509 1168 662 1221 δύσεως
689 1172 997 1214 Κωνσταντῖνον
1024 1172 1232 1228 πατρίκιον
1253 1169 1324 1213 τὸν
1341 1170 1614 1223 Καβασίλαν·

94 1250 139 1288 15
149 1239 220 1285 τὸν
239 1239 283 1282 δὲ
300 1240 510 1297 πατρίκιον
527 1241 570 1281 Γ
566 1238 730 1297 εώργιον
749 1240 820 1283 τὸν
839 1237 1085 1295 Μανιάκην,
1109 1238 1190 1295 ἤδη
1211 1239 1326 1296 παρὰ
1343 1243 1415 1282 τοῦ
1435 1235 1614 1294 Μιχαὴλ

149 1306 375 1366 φθάσαντα
393 1312 466 1364 τῆς
483 1313 668 1366 φρουρᾶς
689 1308 968 1365 ἀπολυθῆναι,
1000 1307 1224 1366 μάγιστρον
1248 1306 1456 1363 τιμήσασα
1484 1324 1613 1364 στρα-

146 1377 270 1434 τηγόν
287 1375 570 1435 αῧτοκράτορα
588 1381 669 1422 τῶν
683 1378 726 1420 ἐν
742 1377 891 1438 Ἰταλία
907 1376 1124 1434 ταγμάτων
1143 1378 1344 1432 ἐκπέμπει.
1390 1378 1458 1420 καὶ
1479 1381 1612 1420 ταῦτα

144 1446 220 1501 μὲν
243 1446 401 1504 γέγονεν
427 1444 570 1498 οὕτως.
632 1450 789 1502 ’βουλῆς
816 1448 861 1490 δὲ
888 1448 1153 1504 προτεθείσης
1171 1440 1260 1504 περὶ
1279 1443 1506 1500 βασιλέως,
1539 1446 1611 1488 καὶ

145 1513 270 1566 δόξαν
309 1520 395 1566 τοῖς
424 1518 525 1565 πᾶσι
553 1516 727 1570 βασιλέα
758 1519 1093 1573 προχειρισθῆναι
1123 1517 1191 1558 καὶ
1220 1519 1273 1573 τῇ
1301 1518 1403 1572 Ζωῇ
1433 1516 1615 1569 νομίμως

88 1587 430 1642 Ξθσυναφθῆναι,
477 1582 642 1628 ἔσπευδε
679 1585 754 1639 μὲν
795 1584 900 1640 αὐτὴ
937 1586 1246 1627 Κωνσταντῖνον
1281 1583 1507 1640 ἀγαγέσθαι
1543 1583 1614 1626 τὸν

144 1651 379 1706 κατεπάνω,
418 1651 464 1696 ὃν
494 1653 547 1708 δὴ
571 1655 639 1696 καὶ
663 1653 940 1710 Ἀρτοκλίνην,
971 1653 1050 1711 ἀφ’
1076 1647 1126 1708 ἧς
1147 1651 1368 1711 ὑπηρεσίας
1389 1654 1606 1709 μετεχειρί-
1629 1660 1661 1696 C·

143 1738 269 1776 σατο,
301 1719 548 1767 ἀπεκάλουν·
581 1717 633 1777 ἦν
658 1722 736 1780 γὰρ
766 1721 787 1766 ὃ
818 1722 919 1780 ἀνὴρ
951 1722 1150 1781 εὐπρεπὴς
1178 1722 1253 1778 τὴν
1282 1720 1417 1776 ὥραν,
1452 1722 1605 1777 ἐλέγετο

143 1791 190 1835 δὲ
216 1793 286 1835 καὶ
308 1789 452 1854 λάθρᾳ
478 1796 530 1850 τῇ
557 1795 656 1850 Ζωῇ
677 1790 922 1849 πλησιάζειν.
988 1791 1094 1836 ἀλλὰ
1117 1795 1260 1836 τοῦτον
1279 1791 1355 1847 μὲν
1375 1789 1401 1848 ἢ
1422 1788 1606 1841 σύνοικος

231 1933 277 1971 18
298 1930 403 1979 παρὰ
426 1932 460 1969 G
594 1933 641 1970 21
664 1931 884 1981 α’ργοκλίνην
905 1933 937 1970 P

139 2064 177 2095 et
195 2058 440 2105 largitionibus
464 2063 499 2095 et
521 2059 733 2095 multitudini
755 2059 894 2105 gratiae
910 2062 991 2096 sunt
1007 2063 1124 2105 uotae,
1149 2071 1192 2095 ac
1212 2058 1266 2095 rei
1289 2058 1453 2106 publicae
1473 2061 1605 2105 quanta

138 2106 278 2142 omnino
325 2111 441 2142 oterat
461 2117 546 2142 cura
565 2112 680 2152 gesta.
726 2118 804 2141 nam
822 2106 858 2141 in
878 2118 995 2142 omnes
1018 2106 1157 2152 imperii
1182 2112 1298 2152 partes
1321 2106 1443 2141 literae
1467 2111 1502 2140 et
1525 2107 1604 2140 edi-

137 2157 196 2187 cta
225 2151 509 2197 dimittebantur,
542 2164 633 2198 quae
664 2157 702 2187 et
729 2152 952 2197 magistratus
977 2153 1102 2197 vendi,
1138 2153 1231 2198 quod
1256 2156 1438 2187 ante-erat
1459 2153 1627 2186 samita--

135 2203 229 2241 tum,
267 2198 515 2244 prohiberent,
556 2204 594 2233 et
626 2198 740 2234 omnia
775 2199 969 2234 iniustitiae
1001 2210 1132 2244 genera
1165 2198 1390 2233 exterminari
1423 2197 1601 2233 iuberent.

133 2243 191 2279 his
213 2244 265 2278 ita
286 2254 332 2279 ex
353 2245 585 2289 Augustarum
607 2245 780 2279 sententia
803 2245 1020 2288 constitutis,
1041 2244 1210 2279 adductus
1229 2245 1332 2278 etiam
1352 2243 1602 2280 Nobilissimus

134 2291 179 2326 ab
202 2289 342 2325 exsilio.
388 2301 534 2335 cumque
557 2291 600 2325 de
624 2290 772 2336 publicis
793 2291 1070 2337 interrogaretur
1091 2290 1271 2337 pecuniis,
1302 2290 1404 2325 minis
1427 2289 1603 2335 perterri-

133 2342 191 2371 tus
220 2336 472 2371 demonstravit
493 2336 585 2371 domi
609 2347 713 2380 suae,
748 2348 836 2381 quae
860 2343 935 2372 erat
957 2348 1068 2383 prope
1092 2338 1210 2371 fanum
1243 2336 1499 2383 apostolorum,
1535 2337 1601 2370 ab-

132 2382 294 2418 scondita
327 2382 405 2417 auri
437 2382 637 2417 centenaria
659 2381 912 2428 quinquaginta
934 2384 1003 2418 tria
1025 2383 1062 2418 in
1085 2383 1237 2417 cisterna
1254 2383 1420 2428 quadam.
1469 2393 1511 2417 ea
1535 2393 1600 2427 pe-

132 2429 238 2464 cunia
270 2429 496 2474 Augustabus
531 2429 668 2463 reddita
701 2429 948 2464 Nobilissimus
982 2429 1019 2463 in
1052 2429 1210 2464 exsilium
1244 2429 1423 2464 remissus.
1470 2428 1601 2464 deinde

74 2519 77 2522 ῃ
132 2475 293 2520 Augusta
329 2475 466 2510 creavit
501 2474 725 2510 domesticum
756 2475 948 2510 scholarum
984 2475 1142 2510 Orientis
1174 2475 1355 2510 Nicolaum
1388 2475 1597 2521 praesidem,

133 2521 326 2556 eunuchum
350 2521 407 2556 sui
429 2521 557 2566 patris,
595 2526 630 2556 et
653 2522 772 2557 ducem
796 2521 1291 2557 Occidentis100nstantinum
1317 2521 1499 2567 patricium
1523 2521 1597 2555 Ca-

131 2566 290 2603 basilam.
339 2567 522 2614 patricium
554 2573 666 2603 autem
700 2568 891 2613 Georgium
923 2567 1138 2612 Maniacem,
1177 2578 1277 2613 quem
1308 2568 1376 2602 iam
1411 2571 1492 2602 ante
1522 2566 1597 2601 Mi-

131 2612 273 2649 chaelus
296 2625 317 2648 e
340 2613 500 2649 custodia
523 2614 719 2658 dimiserat,
750 2613 909 2659 magistri
930 2614 1063 2649 honore
1085 2614 1224 2649 ornavit
1246 2618 1283 2649 et
1304 2625 1379 2648 cum
1403 2614 1506 2659 pleno
1528 2613 1595 2649 im-

130 2659 232 2706 perio
265 2659 507 2705 imperatorem
533 2660 701 2695 exercitui
725 2660 762 2695 in
786 2661 918 2695 Italiam
941 2660 1049 2696 misit.
1095 2661 1280 2695 secundum
1307 2661 1392 2695 haec
1415 2660 1460 2695 de
1481 2658 1594 2705 impe-

130 2710 250 2740 ratore
271 2706 419 2741 creando
441 2706 628 2752 cogitatum
642 2733 652 2751 ,
676 2706 875 2752 placuitque
898 2707 1054 2742 omnibus
1076 2712 1115 2741 ut
1136 2706 1326 2753 imperator
1349 2706 1595 2751 designaretur

129 2763 171 2787 ac
195 2752 291 2787 zoae
311 2752 467 2798 legitimo
491 2753 653 2798 coniugio
677 2753 911 2798 copularetur.
960 2765 1002 2789 ac
1037 2753 1199 2798 cupiebat
1224 2765 1309 2789 sane
1331 2753 1411 2800 ipsa
1433 2752 1594 2787 maritum

129 2797 258 2834 habere
281 2799 547 2835 Constantinum
568 2800 768 2845 catepano,
797 2811 896 2846 quem
919 2804 956 2835 et
978 2801 1022 2836 ab
1045 2799 1164 2834 officio
1190 2800 1283 2846 quod
1306 2804 1465 2845 gesserat
1485 2799 1594 2833 Arto-

126 2844 252 2882 clinum
270 2846 463 2892 vocabant,
486 2846 580 2893 quod
601 2851 638 2883 et
657 2847 829 2884 formosus
853 2851 931 2883 erat
953 2851 991 2884 et
1012 2857 1090 2883 cum
1112 2846 1190 2884 Zoa
1211 2845 1348 2883 occulte
1367 2857 1440 2883 rem
1463 2844 1595 2882 habere
