1890 3236
498 178 898 225 HISTORIARUM
931 175 1263 245 GOMPENDIU
1265 174 1326 220 M.
1551 176 1652 222 123

158 284 478 356 ⁴zurtam)‹plo'un'o
509 294 606 348 τοῦς
637 291 905 354 Σαρακηνοῦς
935 289 958 337 ὅ
992 290 1229 351 Θεόφοβος,
1272 295 1358 343 τοῖς
1386 288 1656 349 στρατιώταις

178 364 514 425 ἐγκελευσάμενος
539 363 700 423 κρότοις
726 382 769 409 τε
798 365 868 407 καὶ
896 361 1149 419 ἀλαλαγμοῖς
1168 364 1359 419 χρῆσθαι
1381 358 1584 426 κιννύραις
1608 379 1654 425 τε

180 438 250 481 καὶ
261 438 436 493 χορδαῖς
454 436 523 479 καὶ
540 435 769 491 σαλπίγγων
786 438 941 491 φωναῖς
961 429 1016 482 ὥς
1031 430 1137 486 τάχα
1153 432 1352 486 βοηθείας
1367 428 1506 487 ἑτέρας
1523 448 1654 488 προσ-

179 505 390 563 γινομένης
409 506 560 556 αὐτοῖς.
626 509 746 548 τοῦτο
766 502 847 559 γὰρ
865 500 918 556 δὴ
939 502 1007 543 καὶ
1022 497 1352 551 ὕποτοπάσαντες
1368 500 1406 543 οἳ
1421 502 1655 558 Σαρακηνοὶ

144 576 298 630 ὄμίλια
326 572 372 626 ἳξ
401 572 672 632 ὑπεχώρησαν
702 573 758 623 εἵς
782 571 984 622 τούπίσω,
1031 566 1232 612 κύκλωσιν
1257 568 1656 627 κατορρωδήσαντες.

177 643 278 688 ὅθεν
308 640 448 696 ἀδείας
477 642 666 700 τυχόντες
693 644 844 698 μικρᾶς
871 639 911 683 οἱ
940 639 1031 696 περὶ
1059 637 1130 682 τὸν
1152 638 1325 693 βασιλέα
1356 643 1469 696 φυγῇ
1492 637 1655 697 χρησά-

174 729 291 770 μενοι
320 713 395 769 τὴν
422 714 627 770 σωτηρίαν
659 706 1039 768 ἐπραγματεύσαντο
1069 708 1138 751 καὶ
1172 706 1275 764 πρὸς
1304 707 1351 750 τὸ
1384 709 1655 767 διαπεφευγὸς

173 780 451 841 στρατόπεδον
470 779 744 837 διεσώθησαν.
810 776 1078 835 μεμψάμενος
1095 772 1166 820 οὖν
1183 776 1230 820 τὸ
1249 777 1507 835 προδεδωκὸς
1525 778 1654 836 στρά-
1675 784 1705 820 Ρ
1729 784 1798 822 525

171 868 307 908 -τευμα
333 848 462 907 μόνον
491 848 514 894 ὃ
544 847 762 906 βασιλεύς,
789 849 908 892 οὐδὲν
940 848 984 891 δὲ
1016 848 1136 890 πλέον
1159 845 1283 904 ἄχαρι
1306 844 1488 903 πράξας,
1510 846 1654 905 χάρισι

113 911 246 965 'maai
265 919 558 980 διαφερούσαις
573 926 711 975 τιμαῖς
727 918 824 970 τοὺς
837 918 930 975 περὶ
947 917 1019 961 τὸν
1037 915 1253 974 Θεόφοβον
1271 916 1486 974 ἐγέραιρεν.
1553 917 1653 961 ὅθεν

175 990 217 1034 οἷ’
231 990 408 1050 ,Πέρσαι
438 991 603 1033 πλείονα
635 988 706 1032 τὸν
735 986 872 1031 πόθον
895 986 998 1044 πρὸς
1020 986 1090 1030 τὸν
1117 984 1333 1044 Θεόφοβον
1356 986 1533 1041 ἀνῆπτον
1541 1018 1555 1039 ,
1582 989 1652 1030 καὶ

171 1057 292 1114 μόνοι
318 1059 414 1116 μετ’
445 1059 574 1103 αὐτοῦ
599 1058 670 1102 τόν
698 1057 803 1101 κατὰ
827 1061 909 1101 τῶν
929 1057 1162 1114 Ἀγαρηνῶν
1189 1052 1446 1098 ὑποδύεσθαι
1474 1054 1652 1112 πόλεμον

173 1129 461 1182 καθικέτευον,
494 1130 564 1172 καὶ
591 1128 815 1185 τρέπεσθαι
840 1124 1010 1176 τούτους
1042 1127 1341 1180 διεβεβαιοῦντο
1368 1124 1439 1167 τὸν
1463 1127 1651 1179 βασιλέα.

173 1198 239 1242 διὸ
257 1199 426 1249 καὶτοῖς
442 1196 576 1255 λόγοις
594 1198 727 1241 αὐτῶν
747 1193 1097 1251 κατακηλούμενος
1116 1193 1137 1238 ὅ
1154 1193 1349 1250 βασιλεὺς
1362 1194 1508 1238 οὐδένα
1525 1194 1651 1239 ἄλλον

0 1274 6 1309 3
118 1276 163 1315 15
174 1267 313 1320 αῧτοΐς
335 1267 440 1311 ἀλλὰ
462 1268 533 1311 τὸν
559 1265 774 1325 Θεόφοβον
792 1263 1045 1322 ἡγεμονεύειν
1067 1262 1271 1318 ἐβούλετο.

0 1313 9 1345 Ι
310 1340 387 1396 Τῷ
414 1337 457 1381 δ’
493 1335 644 1380 ἐπιόντι
675 1338 847 1393 ἐνιαυτῷ
874 1334 994 1386 ἔξεισι
1023 1332 1144 1376 πάλιν
1170 1330 1192 1375 ὅ
1220 1329 1414 1387 βασιλεὺς
1436 1331 1541 1387 μετὰ
1567 1337 1648 1378 τῶν
1669 1338 1700 1374 Β

171 1403 406 1461 δυνάμεων,
435 1407 504 1449 καὶ
533 1404 639 1450 κατὰ
671 1405 719 1448 τὸ
751 1403 992 1462 Χαρσιανὸν
1021 1403 1270 1458 συμπλακεὶς
1301 1408 1387 1452 τοῖς
1411 1401 1650 1460 Ἀγαρηνοῖς

170 1475 357 1534 τρέπεται
386 1473 559 1526 τούτους
583 1475 652 1518 καὶ
671 1474 745 1516 οὔκ
765 1474 925 1530 ὀλίγους
944 1476 1175 1531 χειροῦται,
1210 1468 1497 1526 αι’χμαλώτους
1523 1490 1651 1516 κατα-

0 1542 13 1600 ζ
169 1544 281 1600 σχὼν
310 1543 405 1602 ἄχρι
435 1548 518 1588 τῶν
545 1543 785 1587 εἷκοσιπὲντε
813 1541 1037 1598 χιλιάδων,
1084 1543 1152 1585 καὶ
1182 1542 1288 1597 μετὰ
1318 1541 1430 1595 νίκης
1459 1545 1652 1600 λαμπρᾶς

113 1612 350 1663 Ξοὲπάνεισι
366 1613 470 1672 πρὸς
486 1613 561 1670 τὴν
575 1610 888 1670 βασιλεύουσαν.
955 1610 1122 1669 ἐλήφθη
1145 1611 1193 1654 δέ
1211 1629 1273 1662 τις
1291 1608 1552 1665 αῗχμάλωτος
1568 1615 1652 1655 τῶν

169 1685 423 1742 Σαρακηνῶν
445 1683 552 1727 κατὰ
565 1681 685 1740 χεῖρά
702 1700 745 1727 τε
762 1688 942 1739 γενναῖος
969 1673 1038 1724 καὶ
1061 1685 1212 1738 χειρῶν
1235 1681 1386 1740 εὐφυΐα
1406 1680 1648 1735 ὀνομαστός,

169 1752 217 1806 ὃς
242 1753 424 1811 γνωστὸς
454 1747 508 1810 ἦν
536 1757 595 1814 τῷ
622 1757 704 1797 τῶν
731 1755 890 1808 σχολῶν
913 1752 1140 1812 δομεστίκῳ
1162 1752 1231 1794 καὶ
1251 1752 1515 1809 ἐμαρτυρεῖτο
1541 1751 1648 1809 παρ’

259 1880 444 1921 4’τούτου
467 1883 499 1920 C
602 1886 626 1922 8
649 1881 858 1930 στράτευμα
881 1883 913 1919 C
1007 1883 1052 1920 13
1075 1880 1237 1924 τούτους
1261 1894 1315 1918 om
1338 1881 1370 1918 C
1464 1883 1508 1918 19
1532 1881 1649 1917 εἴκοσι

259 1930 326 1966 καὶ
357 1929 470 1967 πέντε
495 1930 527 1966 C
663 1932 712 1967 ΞΟ
743 1928 1014 1977 βασιλεύουσαν
1046 1949 1094 1956 —-
1124 1943 1163 1978 p.
1187 1931 1257 1966 130
1293 1930 1337 1965 12
1372 1925 1649 1969 ἄνευδοιάστως

258 1977 424 2060 253028
446 1982 483 2014 et
503 1978 550 2015 29
572 1989 678 2015 manu
698 1977 892 2015 recentiori
915 1976 1058 2024 scriptis
1082 1976 1114 2012 C
1269 1978 1315 2013 21
1340 1972 1381 2011 ἐκ
1402 1975 1478 2011 τῶν
1501 1973 1647 2020 Ἀγαρη-

165 2139 329 2176 mandato
359 2142 402 2177 ut
433 2142 636 2186 streperent
666 2142 773 2187 atque
807 2138 1085 2184 conclamarent,
1119 2137 1341 2184 sonitumque
1374 2136 1584 2172 cithararum
1608 2139 1647 2172 et

166 2187 374 2230 chordarum
400 2188 632 2232 tubarumque
657 2188 814 2232 ederent,
837 2186 950 2221 veluti
972 2186 1186 2221 adventante
1208 2186 1296 2232 ipsis
1316 2183 1456 2219 aliunde
1470 2183 1644 2219 subsidio.

167 2237 206 2268 et
229 2232 400 2269 Saraceni
421 2233 490 2268 hoc
510 2233 626 2279 ipsum
648 2234 728 2268 fieri
750 2232 984 2279 suspicantes,
1008 2244 1054 2267 ne
1077 2234 1122 2267 ab
1146 2232 1306 2267 hostibus
1331 2231 1644 2275 circumdarentur,

166 2279 214 2315 ad
235 2291 299 2315 sex
321 2279 419 2314 milia
438 2291 602 2334 passuum
623 2284 859 2314 recesserunt.
908 2279 1099 2325 imperator
1117 2290 1192 2313 cum
1211 2277 1285 2313 suis
1307 2276 1463 2324 periculo
1483 2276 1645 2322 aliquan-

165 2331 241 2361 tum
274 2325 452 2361 sublevata
482 2326 569 2370 fuga
591 2326 738 2360 salutem
761 2325 987 2371 quaesivere,
1022 2330 1130 2370 atque
1153 2325 1199 2360 ad
1224 2324 1413 2359 exercitum
1437 2323 1500 2368 qui
1524 2323 1644 2368 fugam
1703 2326 1706 2329 '

167 2383 189 2406 e
220 2371 356 2418 praelio
388 2371 526 2407 fecerat
547 2378 799 2418 pervenerunt.
846 2383 948 2417 quem
972 2371 1165 2417 imperator
1185 2370 1305 2406 verbis
1325 2371 1426 2405 modo
1451 2371 1496 2404 ob
1521 2370 1644 2415 prodi-

165 2417 298 2454 tionem
321 2417 533 2464 castigavit,
568 2429 684 2463 neque
706 2417 743 2452 in
766 2429 963 2463 quenquam
985 2417 1108 2453 durius
1131 2417 1315 2464 quicquam
1338 2416 1484 2452 statuit:
1519 2415 1643 2451 Theo-

164 2464 284 2511 phobo
313 2470 430 2500 autem
465 2475 630 2500 summam
660 2463 808 2509 gratiam
840 2464 1076 2510 honoremque
1108 2464 1242 2500 habuit.
1290 2462 1389 2499 auxit
1410 2463 1477 2498 hoc
1499 2463 1643 2498 deside-

163 2510 256 2548 rium
284 2511 435 2547 hominis
466 2511 504 2546 in
535 2511 720 2545 Persarum
744 2510 889 2556 animis,
922 2511 1170 2557 supplicesque
1193 2513 1239 2547 ab
1261 2509 1473 2557 imperatore
1497 2515 1644 2545 conten-

164 2558 294 2594 derunt
324 2562 365 2594 ut
397 2557 467 2593 sibi
498 2557 646 2593 seorsim
672 2558 762 2592 duce
785 2557 1008 2603 Theophobo
1031 2556 1156 2592 bellum
1180 2557 1218 2594 in
1239 2557 1419 2603 Agarenos
1450 2557 1643 2601 mandaret,

165 2610 298 2640 certam
356 2603 480 2639 olliciti
512 2604 709 2639 victoriam.
756 2615 903 2649 quorum
926 2604 1046 2639 verbis
1068 2604 1235 2640 delinitus
1257 2605 1451 2652 imperator
1472 2603 1644 2638 neminem

163 2657 307 2696 praeter
368 2651 587 2697 heophobum
613 2651 664 2686 eis
689 2661 855 2697 praeesse
879 2650 1003 2686 voluit.

255 2697 359 2733 Anno
380 2698 544 2743 sequenti
567 2696 788 2744 Theophilus
811 2708 949 2732 rursum
970 2696 1090 2744 copias
1113 2697 1150 2733 in
1175 2697 1373 2733 Saracenos
1397 2695 1539 2741 eduxit,
1563 2706 1641 2730 cum

164 2741 283 2788 iisque
313 2745 407 2791 apud
438 2743 669 2779 Chai-sianum
703 2755 912 2789 congressus
945 2756 1006 2779 eos
1035 2743 1146 2789 fudit,
1183 2752 1220 2780 et
1249 2744 1294 2779 ad
1325 2743 1453 2789 viginti
1484 2742 1640 2788 quinque

165 2789 263 2824 milia
283 2790 444 2838 captivos
466 2791 632 2835 abduxit,
665 2791 872 2836 domumque
898 2789 1026 2826 illustri
1048 2791 1182 2837 potitus
1204 2790 1356 2826 victoria
1376 2789 1496 2825 rediit.
1545 2789 1641 2824 inter

165 2836 327 2882 captivos
349 2837 549 2873 Saracenos
572 2838 714 2884 quidam
737 2838 806 2872 suit
828 2849 930 2873 manu
952 2844 1134 2884 promptus
1157 2842 1193 2872 et
1214 2849 1374 2872 manuum
1397 2836 1556 2882 agilitate
1577 2847 1641 2870 ce-

167 2880 302 2930 lebris,
339 2883 532 2922 domestico
569 2884 768 2922 scholarum
804 2890 910 2921 notus
947 2884 1094 2931 eiusque
1129 2884 1331 2922 testimonio
1368 2883 1638 2927 commendatus,
