1890 3236
306 223 365 270 18
768 219 1006 266 GEORGII
1030 219 1270 265 CEDRENI
1327 244 1331 246 v

301 337 368 379 καὶ
390 336 550 379 διακαεῖ
561 333 774 388 συσχεθεὶς
791 332 894 374 κατὰ
912 331 985 387 τὴν
999 330 1325 390 Ἀρκαὸιοῦπολιν
1341 331 1588 390 ὑπέστρεψεν
1603 330 1734 389 ἐγκλί-

161 412 190 447 Ρ
213 409 280 448 468
302 422 397 454 νιος.
463 405 530 446 καὶ
560 401 693 444 ἐλθὼν
729 402 768 443 ἓν
801 401 1009 460 Σηλυβρίᾳ
1037 402 1105 443 καὶ
1142 399 1481 456 ὁιαπλωϊσάμενος
1513 401 1631 456 μέχρι
1662 404 1734 444 τοῦ

301 470 552 528 Στρογγύλου
584 468 801 512 καστέλλου
828 466 992 523 θνήσκει
1017 472 1134 525 ψυχῇ
1161 470 1227 510 καὶ
1246 467 1426 523 σώματι,
1455 471 1566 523 βοῶν
1584 469 1650 510 καὶ
1669 467 1735 511 λέ-

299 556 379 596 γων
403 537 462 580 ὅτι
491 539 566 589 ζῶν
593 538 688 594 πυρὶ
710 536 891 594 ἀσβέστῳ
911 535 1121 593 παρεδόθη
1145 536 1212 578 διὰ
1233 537 1305 591 τὴν
1324 535 1515 579 θεοτόκον
1535 535 1736 592 Maplav-

299 605 393 648 ἀλλ’
423 604 500 647 ἀπὸ
530 608 603 647 τοῦ
629 608 698 647 νῦν
718 603 907 660 τιμάσθω
933 607 999 647 καὶ
1022 605 1275 658 ἀνυμνείσθω
1294 602 1348 654 ὡς
1365 603 1556 654 θεοτόκος
1573 603 1766 658 ἀληθὴςό

300 668 416 716 οὖσα.
483 676 673 733 τελευτῶν
690 673 734 716 δὲ
754 674 820 715 καὶ
840 669 1151 727 διατυπούμενος
1173 671 1277 722 ἔλεξε
1298 671 1395 714 τάδε
1418 670 1576 723 ιςσώζου
1596 668 1618 713 ὅ
1638 671 1736 721 ναὸς

300 740 322 783 ὃ
343 741 466 797 μέγας
485 738 511 795 ἦ
530 739 623 797 ἁγία
640 741 787 799 σοφία·
821 738 951 792 σώζου
979 739 1000 783 ὃ
1029 741 1123 791 ναὸς
1139 745 1211 795 τῆς
1227 740 1422 795 παναγιάς
1439 737 1634 785 θεοτόκου
1654 742 1736 782 τῶν
1766 728 1769 732 4

299 813 559 864 Βλαχερνῶν·
603 807 731 860 σώζου
751 806 771 852 ὃ
792 808 887 858 ναὸς
906 812 977 863 τῆς
993 807 1185 851 θεοτόκου
1214 809 1256 850 ἓν
1280 814 1364 858 τοῖς
1384 807 1735 863 Χαλκοπρατίοις·

299 875 427 929 σώζου
444 874 466 919 ὁ
487 876 582 926 ναὸς
599 881 679 919 τῶν
699 875 821 932 ἁγίων
842 874 1097 920 ἀποστόλων·
1130 874 1259 927 σώζου
1276 874 1390 926 πόλις
1412 876 1479 918 καὶ
1496 872 1735 930 σύγκλητος·

298 943 428 997 σώζου
452 944 515 987 υἷέ
544 962 623 998 μου
652 948 840 999 βασιλεῦ·
886 942 1014 995 σώζου
1035 946 1101 987 καὶ
1121 944 1170 988 σὺ
1197 943 1428 1001 Θεόφανες,
1470 942 1515 985 τὸ
1534 943 1638 997 μέγα
1652 957 1735 995 μου
1746 948 1791 985 10

295 1011 561 1069 μυστήριον.”
628 1013 731 1066 μετὰ
753 1016 848 1068 γοῦν
870 1012 915 1055 τὸ
935 1017 1150 1068 παρελθεῖν
1166 1012 1212 1055 τὸ
1230 1013 1379 1062 πένθος
1396 1011 1496 1068 λέγει
1510 1009 1613 1067 πρὸς
1630 1009 1736 1052 Θεο-

297 1079 429 1138 φάνην
448 1078 469 1122 ὅ
490 1078 679 1134 βασιλεύς
705 1079 776 1122 “τί
793 1080 874 1122 ἐστὶ
894 1079 940 1122 τὸ
961 1081 1064 1135 μέγα
1083 1079 1304 1136 μυστήριον
1324 1083 1395 1122 τοῦ
1413 1075 1565 1135 πατρός
1582 1093 1677 1132 μου,
1711 1075 1737 1119 ὃ

246 1159 277 1194 Β
301 1149 351 1191 σὺ
369 1146 496 1203 μόνος
516 1145 718 1203 γινώσκεις
726 1147 776 1201 ,·”
823 1145 844 1189 ὃ
876 1147 920 1189 δὲ
951 1145 1032 1190 εἷπε
1054 1145 1189 1201 “wiza
1219 1149 1261 1190 ἓν
1290 1147 1499 1204 μεταμέλῳ
1525 1146 1680 1204 γέγονεν
1711 1141 1734 1187 ὃ
1775 1176 1784 1183 -

295 1215 427 1273 πατήρ
446 1232 545 1267 σου,
591 1216 658 1256 καὶ
690 1214 757 1256 διὰ
786 1219 904 1257 τοῦτο
935 1215 1036 1272 πρὸς
1053 1216 1123 1269 ἐμὲ
1148 1216 1394 1272 ἐφθέγξατο,
1423 1217 1494 1256 ἵνα
1514 1210 1736 1270 φανερώσω

295 1282 396 1340 ἅπερ
417 1286 618 1336 μυστικῶς
635 1280 874 1337 ἐποιήσαμεν
886 1296 898 1308 ·
933 1281 977 1340 φ’
997 1283 1073 1340 γὰρ
1095 1282 1329 1338 κεντηνάρια
1346 1280 1550 1336 ἓχώσαμεν
1573 1281 1627 1330 εἴς
1645 1296 1734 1323 τινα
1747 1288 1790 1324 15

294 1349 429 1402 τόπον,
467 1349 572 1406 λόγῳ
601 1354 681 1392 τῶν
709 1351 894 1407 ἀδελφῶν
913 1367 988 1393 σου
996 1382 1009 1402 ,
1046 1354 1126 1393 τῶν
1155 1349 1378 1408 Καισάρων
1408 1351 1474 1392 καὶ
1503 1348 1736 1403 νωβελισσί-

294 1418 428 1473 μων.”
498 1419 565 1459 καὶ
587 1417 821 1468 ἀποστείλας
839 1418 964 1460 Λέων
986 1417 1105 1472 ἔλαβε
1126 1416 1270 1469 πάντα,
1302 1419 1427 1473 μηδὲν
1453 1417 1593 1467 αὐτοῖς·
1610 1433 1737 1459 κατα-

295 1485 436 1528 λιπών.
499 1485 545 1528 τὸ
567 1486 611 1527 δὲ
638 1490 755 1540 σῶμα
786 1487 909 1528 αὐτοῦ
929 1487 1046 1529 τεθὲν
1067 1487 1109 1528 ἐν
1137 1490 1193 1544 τῷ
1217 1490 1302 1544 ναῷ
1320 1490 1401 1528 τῶν
1421 1483 1543 1540 ἁγίων
1561 1481 1737 1526 ἀποστό-

296 1558 390 1606 λων,
419 1553 461 1595 ἐν
479 1559 567 1602 ταῖς
584 1550 752 1610 ἡμέραις
766 1554 939 1608 Μιχαὴλ
957 1554 1047 1595 υἱοῦ
1067 1553 1266 1611 Θεοφίλου
1281 1558 1409 1610 βουλῇ
1425 1553 1491 1594 καὶ
1507 1551 1736 1609 παραινέσει

294 1626 368 1664 τοῦ
396 1621 605 1675 Καίσαρος
632 1621 813 1675 ἀπαχθὲν
848 1622 889 1662 ἐν
916 1625 967 1677 τῇ
998 1622 1126 1678 ἀγορᾷ
1147 1625 1220 1661 τοῦ
1244 1622 1537 1675 Ἀμαστριανοῦ
1563 1616 1792 1673 ἐκαύθη.90

294 1689 364 1733 τὸν
386 1689 429 1731 δὲ
448 1693 520 1743 τῆς
542 1687 836 1745 ἀρχιερωσύνης
856 1686 1005 1743 θρόνον
1025 1693 1202 1741 κατεῖχεν
1224 1686 1502 1737 Ἀναστάσιος,
1545 1687 1613 1729 καὶ
1631 1685 1735 1740 μετὰ

246 1766 277 1802 C
299 1762 438 1800 τοῦτον
467 1756 769 1807 Κωνσταντΐνος
803 1754 825 1799 ὃ
863 1755 1223 1814 ἀποκεφαλισθείς,
1272 1757 1339 1800 καὶ
1373 1756 1506 1813 τρίτος
1539 1751 1735 1810 Νικήτας,

294 1823 439 1875 πάντες
454 1825 656 1881 αἶρετικοί.

296 1951 538 1988 ardentissima
559 1951 739 1997 corripuit.
785 1962 894 1996 quare
923 1950 1049 1987 lectica
1081 1951 1125 1986 ab
1154 1949 1375 1995 Arcadiopoli
1403 1951 1600 1995 reportatus
1630 1947 1736 1992 sely-

295 1999 425 2041 briam,
459 1998 608 2042 indeque
637 1997 776 2042 navigio
807 2008 917 2042 usque
947 1998 990 2031 ad
1014 1997 1186 2031 castellum
1209 1996 1431 2040 Strongylum
1453 2001 1594 2038 vectus,
1625 1993 1676 2029 ibi
1698 1998 1736 2028 et

296 2044 429 2078 animae
450 2047 487 2077 et
509 2043 664 2087 corporis
688 2048 829 2077 mortem
852 2042 956 2086 obiit,
991 2043 1187 2077 vociferans
1213 2048 1318 2086 atque
1340 2041 1458 2076 dicens
1479 2041 1594 2074 vivum
1617 2051 1656 2074 se
1677 2038 1733 2073 in-

295 2087 530 2132 exstinguibili
544 2088 616 2131 igni
631 2088 793 2122 traditum
818 2099 896 2121 esse
918 2092 1061 2132 propter
1078 2087 1225 2121 Mariam
1245 2087 1432 2132 deiparam,
1455 2085 1645 2129 iubensque
1660 2095 1735 2119 eam

296 2134 423 2169 exinde
444 2132 609 2167 honorari
633 2144 674 2167 ac
697 2132 864 2167 celebrari
886 2137 924 2166 ut
943 2143 1026 2167 vere
1048 2133 1236 2178 deiparam,
1291 2131 1440 2166 moriens
1465 2140 1630 2175 suamque
1652 2128 1735 2164 ulti-

295 2190 382 2214 mam
406 2178 615 2213 voluntatem
638 2182 798 2213 testatam
820 2178 950 2212 faciens
973 2178 1059 2213 haec
1079 2177 1320 2232 pronuntiavit
1345 2173 1538 2210 “incolume
1561 2180 1636 2209 esto
1660 2185 1733 2208 ma·-

295 2236 398 2270 gnum
421 2223 595 2270 templum,
618 2224 738 2258 divina
760 2224 908 2269 Sophia;
931 2223 1107 2258 incolumis
1133 2228 1206 2258 esto
1230 2223 1333 2258 aedes
1351 2220 1588 2256 sanctissimae
1610 2219 1733 2264 deipa-

295 2282 357 2304 rae
379 2270 417 2303 in
438 2269 663 2311 Blachernis3
685 2269 853 2304 incolume
871 2274 944 2303 esto
968 2269 1083 2306 fanum
1104 2269 1254 2304 eiusdem
1277 2269 1314 2302 in
1335 2265 1610 2311 Chalcopratii83
1633 2265 1732 2299 inco-

295 2315 395 2350 lumis
416 2319 491 2349 esto
514 2315 620 2349 aedes
641 2320 835 2350 sanctorum
858 2315 1107 2360 apostolorum;
1138 2314 1318 2348 incolumis
1351 2317 1426 2347 esto
1455 2312 1536 2346 urbs
1565 2315 1602 2345 et
1631 2317 1734 2345 sena—

295 2366 373 2403 tus3
404 2360 583 2394 incolumis
606 2366 701 2405 esto,
730 2360 781 2394 fili
811 2360 857 2395 mi
887 2360 1094 2406 imperator,
1127 2365 1231 2405 atque
1254 2365 1291 2394 tu
1316 2359 1416 2393 etiam
1440 2369 1460 2391 o
1487 2356 1735 2402 Theophanes,

296 2406 353 2439 cui
385 2416 541 2449 magnum
573 2417 681 2440 meum
714 2417 873 2441 arcanum
907 2403 1074 2440 credidi?
1115 2406 1213 2441 finito
1236 2405 1348 2448 luctu,
1382 2403 1570 2448 imperator
1593 2402 1666 2436 Leo
1690 2411 1735 2435 ex

296 2450 511 2495 Theophane
535 2451 709 2495 quaesivit
733 2452 901 2497 quodnam
929 2457 1019 2486 esset
1040 2452 1170 2496 grande
1191 2451 1275 2486 illud
1299 2449 1410 2495 patris
1439 2453 1607 2483 secretum
1621 2472 1633 2490 ‚
1662 2445 1732 2490 ipsi

244 2530 254 2536 „
298 2495 362 2529 soli
385 2496 570 2539 cognitum.
614 2497 794 2542 respondit
821 2497 853 2531 is
881 2493 1054 2532 “fortasse
1110 2503 1218 2532 atrem
1247 2500 1341 2531 tuum
1372 2495 1446 2529 eius
1472 2493 1526 2527 rei
1548 2490 1732 2537 poenituit,

296 2552 398 2585 quam
416 2552 478 2575 nos
502 2541 634 2575 occulte
656 2543 805 2586 egimus;
827 2543 975 2587 ideoque
995 2555 1049 2577 me
1070 2555 1089 2577 a
1103 2543 1236 2577 locutus
1260 2546 1325 2576 est.
1370 2541 1436 2574 500
1458 2538 1547 2573 enim
1566 2540 1731 2572 centena-

297 2586 369 2620 rios
398 2586 588 2621 defodimus
621 2588 765 2632 quodam
798 2589 835 2622 in
866 2588 942 2622 loco
974 2589 1011 2623 in
1043 2599 1139 2623 usum
1167 2589 1310 2623 fratrum
1331 2593 1464 2621 tuorum
1487 2584 1670 2617 Caesarum
1695 2585 1733 2615 et

298 2629 619 2666 nobilissimormn.”
639 2646 643 2650 ’
663 2633 736 2666 Leo
760 2645 859 2668 omne
880 2634 965 2667 illud
987 2634 1122 2668 famulis
1144 2633 1257 2669 missis
1281 2631 1440 2674 abstulit,
1474 2627 1628 2672 nihilque
1656 2627 1731 2660 fra-

298 2676 409 2710 tribus
433 2676 599 2722 reliquum
619 2678 717 2712 fecit.
764 2690 888 2723 corpus
911 2680 1120 2725 Copronymi
1149 2679 1318 2725 sepultum
1349 2676 1386 2710 in
1418 2675 1505 2709 aede
1534 2678 1732 2707 sanctorum

299 2722 552 2767 apostolorum:
580 2723 771 2769 imperante
792 2724 964 2759 michaelo
987 2724 1175 2771 Theophili
1204 2724 1275 2758 filio
1306 2722 1387 2758 inde
1409 2720 1503 2755 iussu
1525 2719 1734 2762 hortatuque

299 2768 462 2802 Caesaris
483 2772 627 2802 amotum
650 2773 685 2803 et
708 2769 745 2802 in
768 2769 844 2803 soro
867 2771 1082 2805 Amastriano
1106 2774 1287 2804 crematum
1311 2773 1377 2801 est.
1403 2765 1751 2809 archiepiscopatum-

298 2813 418 2857 Cpolis
452 2820 633 2857 gesserunt
666 2814 868 2849 Anastasius
902 2820 937 2849 et
968 2822 1048 2862 post
1078 2816 1167 2850 hunc
1196 2812 1463 2854 Constantinus,
1495 2810 1526 2845 is
1550 2809 1605 2844 cui
1627 2811 1733 2854 caput

299 2859 437 2895 tandem
459 2859 528 2895 fuit
547 2866 767 2907 amputatum,
791 2865 895 2906 atque
918 2862 962 2896 ab
986 2873 1026 2897 eo
1048 2861 1186 2906 Nicen,
1208 2858 1374 2896 haeretici
1398 2867 1526 2892 omnes.
