1916 3210
313 179 410 226 852
716 171 1010 217 XYLANDRI
1043 172 1115 215 ET
1153 171 1329 215 GOARI

318 290 531 328 Caesareae
555 282 800 336 primatialis
821 281 1011 334 antiquae
1031 281 1096 319 vel
1108 280 1446 332 praecellentior&
1464 281 1568 320 sedis
1585 283 1765 330 antistes,

311 360 362 384 ac
392 345 475 381 ideo
507 343 662 392 primas
690 341 789 376 inter
814 338 927 379 ,alios
955 337 1133 376 obtinens
1141 365 1159 384 ,
1205 337 1406 375 ordinavit
1437 344 1475 374 et
1507 341 1761 378 consecravit.

313 401 526 440 scholiastae
547 410 704 436 errorem
723 395 855 434 veritas
881 395 1029 442 refellit,
1060 407 1156 445 quae
1173 394 1383 446 imperatori
1404 395 1648 446 patriarcham
1669 397 1768 436 desi-

314 457 452 507 gnandi
476 455 530 492 ius
548 453 682 503 ubique
705 452 893 498 attribuit,
921 454 1106 490 reservata
1127 450 1364 489 Heracleensi
1386 451 1582 503 episcopo,
1607 453 1710 504 quod
1729 453 1784 492 ei·

311 512 478 566 primitus
498 509 627 547 fuisset
653 509 814 547 subiecta
835 507 899 545 CP
919 507 1050 556 sedes,
1089 519 1170 545 eum
1193 507 1431 545 consecrandi
1451 509 1701 560 auctoritate,¹
1724 509 1765 547 in

311 569 412 607 cuius
441 566 559 603 locum
584 578 628 604 eo
658 568 800 602 mortuo
831 563 1077 602 Caesariensis
1107 563 1285 601 dioecesis
1313 557 1601 617 πρωτόθρονος
1625 564 1676 603 ad
1696 563 1767 604 hoe

310 635 441 663 munus
467 621 640 660 suffectus
659 626 727 659 est.
784 620 847 670 qui
868 620 963 658 enim
983 619 1181 670 antiquitus
1199 622 1286 658 ante
1305 619 1587 671 patriarchatum
1605 623 1766 661 erectum
1800 668 1803 672 Α

311 678 465 733 ἕξαρχοι
483 681 590 716 erant
608 680 645 714 et
660 677 847 728 primates,
875 675 902 713 ii
921 688 1019 714 nunc
1036 671 1327 729 πρωτόθρονοι.
1354 676 1491 714 GoAn.

422 738 450 772 t.
470 734 505 772 Π
533 747 572 785 p.
591 732 674 775 252
692 745 727 771 v.
747 734 812 774 18.
867 733 940 783 τῆς
964 731 1058 780 νέας
1088 730 1319 783 ἐκκλησίας]
1359 744 1383 771 a
1413 735 1522 785 patre
1554 730 1693 771 Basilio
1726 732 1767 771 in

311 791 448 844 palatio
469 791 507 828 in
526 790 700 827 honorem
721 788 769 828 D.
785 786 931 830 Nicolai
949 793 1152 829 exstructae
1175 801 1219 828 ac
1247 789 1402 829 ubertim
1419 790 1596 841 dotatae,
1624 789 1674 829 de
1692 800 1768 840 qua

341 877 348 886 .
369 847 465 888 588.
521 846 659 883 GoAn.

309 862 336 901 P
424 901 478 938 ih.
511 915 546 942 V.
574 903 644 942 22.
700 899 897 952 Angaeo]
934 901 1060 952 Hegio
1081 901 1261 943 Zonarae.
1318 901 1386 941 sed
1413 902 1581 954 profecto
1613 901 1676 953 qui
1700 911 1768 953 per

311 960 353 998 id
377 963 520 1010 tempus
540 959 759 996 Francorum
779 959 927 996 fuerunt
944 971 1066 1008 reges,
1093 959 1194 1009 quod
1213 972 1283 1010 ego
1298 959 1460 998 invenire
1477 958 1628 1018 possim,
1658 957 1769 997 talem

313 1028 488 1065 generum
507 1027 582 1053 non
598 1015 817 1052 habuerunt.
874 1017 911 1053 et
927 1014 1080 1066 amplius
1100 1016 1354 1065 inquirendum
1372 1027 1517 1056 censeo,
1566 1015 1663 1070 'haee
1679 1026 1769 1053 sane

311 1074 352 1110 in
368 1071 490 1110 Caroli
512 1071 635 1109 Crassi
657 1071 846 1122 imperium
864 1071 1041 1120 incidunt,
1071 1072 1180 1123 paulo
1200 1076 1286 1110 ante
1308 1075 1416 1121 gesta
1433 1084 1543 1122 qnam
1562 1084 1607 1110 eo
1622 1073 1768 1109 mortno

312 1127 558 1177 Berengarius
578 1126 614 1165 T
617 1127 699 1164 icini
728 1139 772 1165 ex
798 1127 892 1166 duce
915 1127 1003 1166 Fori
1026 1128 1105 1166 Iulii
1123 1132 1249 1167 contra
1267 1127 1494 1180 Arnulphum
1509 1129 1770 1179 imperatorem

313 1185 564 1223 Romanorum
586 1195 650 1221 rex
667 1182 794 1221 Italiae
810 1187 868 1222 est
884 1187 1040 1224 creatus,
1067 1184 1163 1223 forte
1182 1185 1294 1235 Hugo
1312 1185 1372 1223 hic
1390 1185 1465 1222 dux
1483 1183 1769 1234 Longobardiae

313 1241 434 1278 «lictus
456 1239 537 1278 fuit.
595 1239 662 1277 sed
683 1238 770 1276 nihil
787 1238 909 1278 habeo
929 1241 1130 1291 comperti,
1159 1241 1228 1278 nisi
1250 1242 1281 1279 si
1298 1241 1328 1279 is
1347 1243 1403 1279 est
1420 1240 1532 1291 Hugo
1547 1240 1608 1280 ille
1625 1239 1769 1278 Lotha-

313 1296 360 1334 rii
384 1295 478 1345 regis
500 1294 761 1345 Lotharingiae
779 1308 823 1334 ex
841 1295 969 1347 pellice
987 1297 1200 1335 Vualdrada
1225 1297 1258 1336 F
1279 1297 1447 1336 Lotharii
1467 1296 1696 1348 imperatoris
1715 1294 1766 1335 N.

314 1365 427 1402 quem
455 1355 600 1389 constat
628 1364 673 1389 ex
703 1351 860 1390 historiis
892 1365 937 1391 eo
965 1353 1047 1404 ipso
1072 1358 1238 1404 tempore
1262 1367 1335 1404 quo
1359 1352 1439 1392 Leo
1459 1354 1608 1392 nonita
1625 1352 1769 1404 pridem

315 1409 514 1459 imperator
533 1407 746 1459 Cpolitanus
768 1408 884 1446 factus
905 1412 983 1457 est,
1022 1410 1227 1448 Godefrido
1247 1411 1389 1448 Frisiae
1412 1410 1493 1459 regi
1520 1410 1655 1447 sororis
1680 1420 1770 1447 suae

315 1464 445 1502 marito
464 1468 648 1502 auctorem
671 1465 783 1503 fuisse
810 1464 1015 1503 rebellionis
1035 1470 1161 1505 contra
1183 1466 1354 1504 Carolum
1378 1466 1550 1504 Crassum
1567 1466 1769 1517 imperato-

315 1533 406 1559 rem.
461 1524 622 1558 ceterum
651 1520 690 1557 id
715 1523 841 1558 notum
870 1524 948 1570 est,
978 1522 1175 1574 Cpolitano
1199 1523 1350 1574 imperio
1381 1522 1564 1561 subiectos
1593 1534 1617 1559 a
1641 1525 1769 1559 nostro

315 1576 375 1614 hic
394 1579 431 1614 et
453 1575 539 1613 alibi
557 1576 743 1614 Romanos
762 1577 854 1627 dici,
889 1590 1010 1628 neque
1028 1590 1111 1617 eum
1135 1579 1371 1630 imperatores
1390 1579 1595 1617 Germanos
1614 1590 1682 1629 pro
1699 1577 1770 1616 im-

313 1631 541 1684 peratoribus
562 1635 625 1669 aut
643 1632 818 1670 Romanis
839 1645 1053 1683 agnoscere.
1110 1635 1158 1672 de
1181 1647 1255 1685 qua
1279 1648 1320 1673 re
1345 1638 1385 1673 et
1411 1647 1521 1686 supra
1545 1634 1690 1682 monui,
1731 1636 1771 1672 et

315 1688 386 1726 nisi
406 1687 474 1725 hoc
493 1687 723 1736 observetur,
749 1688 864 1726 multa
886 1689 1047 1729 absurde
1067 1691 1181 1742 accipi
1201 1694 1371 1741 oportet,
1410 1695 1450 1728 ut
1469 1690 1601 1739 (verbi
1620 1685 1769 1743 gratia)

315 1756 413 1794 quae
442 1744 480 1781 in
506 1743 622 1794 primo
655 1756 752 1782 auno
782 1744 981 1797 Nicephori
1010 1746 1158 1785 Phocae
1187 1747 1236 1785 de
1261 1747 1361 1785 Italis
1387 1759 1500 1798 opera
1519 1747 1772 1785 Romanorum
1819 1746 1824 1749 ⁴

316 1798 388 1850 (sic
406 1803 514 1837 vocat
530 1799 767 1851 Cpolitanos)
783 1801 944 1840 liberatis
962 1805 1029 1843 etc.
1057 1803 1159 1842 Xn„
1214 1798 1411 1855 Ἀγγαίων
1433 1800 1459 1843 o‘
1475 1801 1771 1855 Λογγιβαρδίας

315 1852 439 1905 δούξ]
476 1856 571 1894 bene
599 1857 782 1906 quadrant
802 1857 861 1895 hic
888 1859 1123 1898 Constantini
1150 1859 1196 1898 de
1220 1858 1366 1900 Admin.
1393 1859 1486 1910 Imp.
1510 1872 1542 1897 c.
1561 1861 1615 1901 27
1638 1858 1769 1898 verba:

316 1910 448 1951 ἰστέον
475 1906 536 1951 ὅτι
563 1910 607 1951 έν
636 1915 720 1958 τοῖς
747 1915 931 1962 παλαιοῖς
957 1912 1116 1968 χρόνοις
1140 1918 1412 1968 κατεκρατεΐτο
1430 1914 1461 1967 ἦ
1478 1917 1586 1955 πᾶσα
1609 1914 1770 1964 ἐξουσία

316 1969 390 2018 τῆς
413 1962 593 2015 Ἰταλίας,
631 1964 660 2018 ἤ
674 1982 716 2007 τε
737 1965 940 2018 Νεαπολις
958 1970 1026 2011 καὶ
1047 1969 1196 2023 Καπύη
1218 1972 1287 2012 καὶ
1303 1968 1545 2024 Βενεβενὸὃς
1561 1967 1605 2012 τό
1621 1985 1663 2011 τε
1685 1974 1770 2011 Σα-

316 2022 458 2075 λέρνον
479 2022 547 2062 καὶ
572 2021 602 2074 ἦ
630 2019 815 2075 Ἀμάλφη
843 2026 912 2066 καὶ
937 2025 965 2079 ἦ
985 2029 1106 2080 Γαΐτη
1125 2027 1193 2068 καὶ
1209 2031 1318 2069 πᾶσα
1337 2027 1367 2080 ἦ
1384 2027 1670 2081 Λογουβαρδία
1697 2026 1771 2078 (sic

318 2079 440 2117 scribit
461 2079 542 2128 ille)
565 2076 675 2131 παρὰ
693 2082 774 2120 τῶν
790 2079 988 2133 Ῥωμαίων
1008 2082 1199 2136 δηλονότι.
1255 2085 1347 2124 haec
1361 2086 1486 2135 itaque
1505 2084 1771 2134 Longobardia

318 2147 393 2173 non
412 2136 604 2174 Insubrum
623 2137 689 2174 sed
710 2138 979 2189 Campanorum
998 2146 1037 2180 et
1053 2140 1254 2193 Apulorum
1274 2142 1342 2179 fuit
1362 2142 1480 2191 regio,
1511 2141 1559 2179 de
1579 2153 1652 2191 qua
1669 2139 1770 2189 alibi,

317 2192 417 2230 cuius
450 2192 522 2229 dux
552 2193 621 2230 iste
643 2191 824 2242 Angaeon
851 2197 1014 2247 privatus
1034 2199 1217 2250 princeps·
1275 2197 1408 2236 etenim
1432 2197 1578 2236 nonnisi
1595 2209 1688 2236 aevo
1709 2209 1769 2235 se-

317 2251 455 2296 quente
478 2259 502 2285 a
524 2247 746 2288 Normannis
767 2254 848 2288 tota
866 2251 972 2292 Italia
990 2254 1124 2293 Graeci
1153 2254 1299 2306 penitus
1326 2254 1474 2292 fuerunt
1495 2253 1614 2293 eiecti.
1669 2268 1771 2306 γαμ-

318 2301 416 2354 βρός
444 2304 553 2342 etiam
581 2317 656 2343 non
681 2319 873 2356 generum
898 2311 1009 2348 modo
1037 2312 1104 2351 sed
1132 2310 1281 2350 affinem
1308 2323 1561 2362 quemcunque
1587 2321 1633 2348 ex
1662 2313 1770 2362 parte

315 2359 438 2397 uxoris
458 2360 650 2409 significat.
707 2363 845 2403 GoAn.

431 2418 459 2454 t.
478 2416 513 2453 lI
541 2429 578 2467 p.
599 2416 679 2458 253
702 2431 738 2459 v,
758 2418 798 2459 4.
857 2418 922 2461 ἐπὶ
941 2422 1013 2472 τῆς
1031 2421 1245 2474 τραπέζης]
1276 2426 1349 2461 tres
1370 2421 1601 2474 imperatoris
1621 2433 1769 2460 mensae

318 2471 483 2522 proxime
505 2473 670 2512 serviisse
691 2476 900 2515 manifestat
919 2478 1083 2517 Codinus
1102 2492 1132 2517 c.
1153 2483 1179 2520 7
1198 2493 1234 2516 n.
1253 2482 1328 2528 21,
1366 2491 1520 2529 quorum
1538 2478 1617 2524 hic,
1660 2476 1685 2518 ὅ
1704 2476 1770 2518 ἐπὶ

318 2527 392 2577 τῆς
410 2526 617 2579 τραπέζης,
660 2532 787 2570 tertius
807 2537 877 2571 est.
934 2534 1169 2584 παρίσταται
1193 2537 1347 2588 πρῶτος
1373 2528 1491 2582 οὗτος
1518 2531 1570 2586 δή
1598 2531 1622 2574 ὅ
1650 2531 1770 2587 μέγας

320 2580 547 2632 δθμέσΐικθς
566 2583 681 2637 ἐγγύς
699 2589 752 2640 τῷ
770 2589 941 2640 βασιλεῖ,
974 2588 1069 2642 μετα
1087 2594 1231 2632 τοῦτον
1249 2589 1272 2632 ὁ
1289 2594 1361 2642 τῆς
1377 2589 1568 2644 τραπέζης
1590 2588 1771 2641 dunion-

319 2650 410 2685 xog,
440 2639 507 2679 καὶ
527 2637 613 2691 μετ’
633 2637 755 2683 αὐτόν
775 2643 796 2685 ὅ
815 2644 878 2685 ἐπὶ
899 2649 970 2697 τῆς
988 2647 1190 2699 τραπέζης.
1249 2654 1331 2686 stat
1345 2661 1516 2698 magnus
1536 2647 1768 2684 domesticus

313 2694 520 2740 proximas
540 2698 768 2747 imperatori
785 2701 945 2751 (honoris
963 2704 1117 2753 gratia),
1145 2711 1239 2754 post
1255 2718 1344 2741 eum
1362 2704 1594 2741 domesticus
1611 2715 1769 2741 mensae

320 2748 445 2795 (cibos
466 2753 694 2805 divisurus),
723 2764 818 2805 post
846 2759 967 2796 istum
988 2761 1218 2811 praefectus
1244 2774 1401 2799 mensae
1422 2762 1598 2810 (eosdem
1619 2770 1768 2799 mensae

318 2807 583 2860 appositurus).
623 2823 661 2850 n.
682 2811 750 2852 33.
788 2810 833 2854 τό
855 2814 900 2855 δέ
918 2830 961 2869 γε
979 2814 1250 2871 παναγιᾶριον
1269 2816 1294 2858 ὅ
1314 2817 1380 2859 ἐπὶ
1401 2819 1473 2871 τῆς
1491 2814 1682 2870 τραπέζης
1700 2818 1767 2856 λα-
