1890 3236
308 189 406 236 302
777 186 1013 232 GEORGII
1035 187 1279 232 CEDRENI

304 303 346 347 ἐν
366 306 424 361 τῷ
443 302 530 358 ναῷ
547 302 620 355 τῆς
646 298 762 356 ἁγίας
787 303 914 355 σοροῦ
941 301 1072 351 τεθεὶς
1099 304 1149 357 τῇ
1177 296 1342 358 ἐπιούσῃ
1369 303 1481 345 νυκτὶ
1508 300 1749 360 ἓτελεῦτησε,

302 370 405 427 μέγα
425 369 573 418 πένθος
592 367 639 409 οὗ
661 372 719 426 τῷ
734 372 899 422 βασιλεῖ’
911 367 1037 424 μόνον
1057 368 1162 412 ἀλλὰ
1182 370 1249 412 καὶ
1279 373 1338 428 τῷ
1358 374 1520 429 στρατῷ
1540 373 1608 414 καὶ
1630 374 1748 416 παντὶ

301 443 360 497 τῷ
379 435 527 491 πλήθει
542 434 749 491 εΡωμαίων
771 435 989 480 ἀπολιπών.

161 515 192 551 Ρ
215 516 284 552 622
434 504 609 559 Ἐγένετο
642 505 686 547 δὲ
709 506 774 546 καὶ
803 503 920 562 ἑτέρα
948 522 1010 555 τις
1032 502 1256 548 ἀποστασία
1276 504 1379 548 κατὰ
1399 509 1473 548 τοῦ
1489 505 1749 560 βασιλέωςῦν

301 573 481 632 Χαλδίᾳ,
506 570 698 629 ὑποθήκῃ
718 577 790 616 τοῦ
813 577 1129 630 στρατηγοῦντος
1151 572 1276 629 αὐτῆς
1291 572 1439 631 Βάρδα
1452 575 1662 632 πατρικίου
1676 579 1783 619 τοῦδ

300 643 451 686 Βοΐλα.
516 640 682 696 ἐξῆρχον
706 642 750 683 δὲ
770 645 843 684 τοῦ
861 645 1127 699 νεωτερισμοῦ
1146 641 1355 700 Ἀδριανός
1374 659 1435 693 τις
1452 645 1665 694 Χαλδαῖος
1684 645 1751 686 καὶ
1775 671 1778 675 ·

305 706 516 763 Τατζάτης
532 707 554 749 ὃ
568 708 773 766 Ἀρμένιος
783 740 796 762 ,
829 708 1013 753 πλούσιοι
1030 708 1206 767 σφόδρα.
1273 707 1539 765 κατασχόντες
1552 705 1627 754 οὖν
1642 705 1753 754 οὗτοι

306 776 502 835 φρούριον
525 776 571 819 τὸ
599 775 810 833 λεγόμενον
839 780 1045 836 Παῖπερτε
1075 778 1178 821 κατὰ
1205 781 1280 821 τοῦ
1301 779 1502 832 βασιλέως
1524 777 1754 833 ὡπλίζοντο.

305 846 400 888 ἀλλ’
435 844 530 896 ὀξὺς
557 845 761 903 ἐπιφανεὶς
790 844 930 901 (ἔτυχε
954 847 1031 903 γὰρ
1060 846 1241 902 ἐνδημῶν
1268 846 1311 889 ἓν
1339 848 1594 908 Καισαρείᾳ)
1622 845 1645 891 ὃ
1673 851 1755 891 τῶν

305 917 463 968 σχολῶν
482 911 740 968 ἐξηγούμενος
760 912 946 970 Ἰωάννης
968 913 990 958 ὃ
1012 912 1252 973 Κουρκούας
1281 915 1354 971 τὴν
1379 914 1574 959 σύστασιν
1599 915 1752 959 διεσκὲν-
1766 922 1807 957 1⁰

307 984 406 1024 δασε
417 1013 431 1034 ,
464 981 559 1032 τοὺς
579 982 896 1039 ἔμφανεστέρους
917 988 998 1027 τῶν
1018 984 1345 1038 κατασχεθέντων
1370 983 1668 1042 ἀποτυφλώσας
1685 985 1753 1027 καὶ

307 1051 383 1100 τὰς
421 1049 559 1100 οὐσίας
589 1050 721 1093 αὐτῶν
754 1050 980 1106 δημεύσας,
1026 1051 1121 1102 τοὺς
1157 1052 1201 1094 δὲ
1233 1051 1443 1109 πενιχροῦς
1472 1054 1540 1095 καὶ
1572 1051 1754 1108 ἀσήμους

309 1115 475 1176 ἀθῴους
495 1116 684 1169 κελεύσας
712 1117 790 1176 ὅπῃ
814 1119 1029 1174 βούλονται
1056 1120 1226 1162 ἀπιέναι.
1291 1119 1416 1175 μόνος
1435 1121 1479 1163 δὲ
1498 1119 1520 1163 ὅ
1545 1118 1755 1176 Τατζάτης

258 1190 289 1224 Β
310 1185 504 1244 φρούριον
534 1188 600 1229 ἒπί
624 1205 730 1239 τινος
756 1187 919 1243 ὑψηλοῦ
947 1187 1076 1245 λόφου
1106 1189 1468 1243 κατεσκευασμένον
1487 1186 1756 1244 κατεσχηκτίς,

307 1257 375 1298 καὶ
397 1253 515 1311 λόγον
531 1259 605 1297 τοῦ
622 1254 681 1311 μή
701 1273 739 1298 τι
757 1256 879 1299 κακὸν
904 1261 1051 1300 παθεῖν
1079 1256 1292 1311 δεξάμενος
1314 1255 1393 1300 ἀπὸ
1421 1261 1495 1300 τοῦ
1517 1257 1752 1311 δομεστίκου
1767 1262 1809 1296 15

305 1328 388 1367 τῶν
418 1327 573 1378 σχολῶν
599 1326 665 1366 καὶ
693 1323 852 1378 λαβών,
893 1327 1079 1381 εἰσῆλθεν
1107 1326 1149 1367 ἐν
1182 1330 1231 1382 τῇ
1263 1325 1469 1379 βασιλίδι,
1512 1327 1581 1369 καὶ
1605 1329 1657 1383 τῇ
1683 1328 1756 1368 τοῦ

305 1392 581 1447 μαγκλαβίτου
613 1392 707 1452 ἀξίᾳ
736 1395 923 1448 τιμηθεὶς
956 1395 997 1436 ἐν
1027 1397 1086 1452 τῷ
1114 1393 1210 1451 οἴκῳ
1231 1398 1312 1436 τῶν
1330 1392 1546 1449 μαγγάνων
1566 1395 1757 1451 ἐτηρεῖτο.

305 1460 491 1516 δρασμὸν
511 1460 555 1501 δὲ
570 1459 890 1515 βουλευσάμενος
902 1459 1104 1504 ἁλίσκεται
1121 1464 1187 1504 καὶ
1202 1465 1282 1504 τιῦν
1301 1462 1532 1519 ὀφθαλμῶν
1549 1468 1756 1519 στερεΐται.

304 1526 476 1585 ,Βάρδας
497 1529 541 1570 δὲ
563 1526 583 1570 ὅ
606 1531 762 1580 Βο”ί”λας
781 1531 924 1586 φιλίως
938 1531 1040 1586 πρὸς
1060 1529 1182 1572 αὐτὸν
1201 1531 1447 1585 διακειμένου
1466 1535 1539 1574 τοῦ
1557 1531 1758 1586 βασιλέως

305 1594 486 1653 ἅπεκάρη
508 1595 705 1652 μοναχός,
738 1598 865 1652 μηδὲν
886 1597 985 1640 ἄλλο
1006 1597 1218 1648 πεπονθώς
1237 1597 1414 1656 ἀνιαρόν.
1765 1600 1811 1634 20

442 1665 611 1718 ,Συμεών
638 1666 682 1707 δὲ
714 1663 735 1707 ὅ
768 1670 848 1708 τῶν
877 1665 1125 1724 Βουλγάρων
1158 1666 1293 1722 ἄρχων
1327 1666 1399 1722 τὴν
1430 1663 1757 1724 Ἀδριανοῦπολιν

308 1733 550 1787 καταλαβὼν
568 1735 635 1776 καὶ
654 1732 803 1788 ταύτην
815 1731 964 1790 χάραξι
983 1737 1048 1777 καὶ
1068 1734 1239 1793 τάφροις
1257 1736 1549 1791 περιστοιχίσας
1566 1735 1760 1789 ἐπιμελῶς

309 1799 544 1857 ἐπολιόρκει.
611 1801 842 1859 ἐστρατήγει
865 1803 910 1845 δὲ
929 1807 1000 1858 τῆς
1021 1801 1173 1855 πόλεως
1191 1801 1212 1845 ὅ
1234 1804 1440 1861 πατρίκιος
1457 1803 1597 1855 Λέων,
1630 1801 1676 1845 ὃν
1690 1802 1761 1844 διὰ

401 1896 424 1930 6
444 1892 577 1939 χάλδος
599 1897 630 1931 C
722 1897 765 1932 13
790 1891 889 1931 ὅπου
912 1895 1111 1943 βούλονται
1134 1895 1287 1933 α’πιὲναι
1307 1896 1479 1938 κελεύσας
1500 1897 1532 1932 C
1621 1892 1759 1938 παι-ζά-

400 1953 467 1986 της
482 1941 511 1975 C
588 1942 630 1978 15
646 1943 785 1976 παθεῖν
800 1954 855 1978 om
869 1944 900 1978 C
969 1947 1011 1980 16
1024 1944 1099 1979 τῶν
1115 1945 1252 1989 σχολῶν
1268 1956 1322 1979 om
1339 1945 1370 1979 C
1435 1944 1479 1979 21
1495 1939 1714 1987 καθηγεμτὸν
1727 1943 1756 1975 C

308 2019 438 2066 templo
462 2020 503 2055 S.
525 2020 707 2067 Sepulchri
727 2020 886 2067 proxima
914 2027 1017 2057 nocte
1040 2022 1146 2058 vitam
1170 2035 1245 2058 cum
1267 2026 1379 2057 morte
1400 2025 1603 2068 commutat,
1634 2032 1758 2066 magno

309 2066 406 2145 luptu
428 2078 498 2100 non
522 2066 723 2113 imperatori
744 2069 844 2102 modo
868 2069 931 2103 sed
955 2074 991 2104 et
1013 2069 1175 2104 universo
1199 2069 1368 2104 exercitui
1389 2080 1431 2103 ac
1453 2068 1581 2114 populo
1602 2068 1758 2102 Romano

309 2124 347 2146 re
363 2112 445 2146 icto.

402 2157 479 2192 Alia
510 2157 637 2192 deinde
668 2159 712 2192 ab
746 2157 957 2205 imperatore
988 2160 1082 2195 facta
1104 2160 1256 2195 defectio
1278 2159 1484 2196 in-Chaldia
1506 2158 1673 2194 instinctu
1695 2168 1760 2203 pa-

307 2202 402 2237 tricii
425 2204 580 2247 Bardae,
617 2214 841 2249 cognomento
865 2205 1002 2250 Boilae,
1027 2206 1087 2251 qui
1112 2207 1145 2240 ei
1168 2206 1401 2251 praesidebat.
1449 2205 1627 2251 principes
1650 2214 1760 2237 nova-

308 2260 383 2283 rum
405 2260 518 2283 rerum
541 2249 784 2285 moliendarum
808 2251 949 2286 fuerunt
960 2252 1132 2287 Adrianus
1156 2253 1292 2297 quidam
1319 2251 1514 2286 Chaldaeus
1537 2256 1573 2286 et
1595 2250 1762 2284 Tatzates

308 2294 510 2339 Armenius,
545 2295 699 2331 homines
729 2297 955 2341 praedivites.
1003 2298 1030 2332 ii
1062 2306 1229 2343 occupato
1261 2297 1402 2333 castello
1432 2296 1608 2342 Paipertis
1642 2299 1762 2330 contra

308 2340 551 2385 imperatorem
583 2353 677 2376 arma
710 2343 902 2377 sumebant.
950 2345 1012 2379 sed
1034 2345 1181 2378 Ioannes
1204 2345 1359 2379 Curcuas
1381 2342 1574 2377 scholarum
1597 2339 1762 2375 domesti-

308 2397 382 2430 cus,
406 2386 467 2430 qui
490 2393 560 2421 tum
579 2387 671 2422 forte
687 2388 882 2422 Caesareae
905 2395 992 2433 erat,
1017 2390 1178 2424 celeriter
1199 2389 1403 2435 supervenit
1425 2394 1462 2423 et
1483 2387 1666 2422 coitionem
1686 2397 1760 2420 eam

308 2431 507 2476 dissipavit.
554 2433 914 2479 deprehensorumque
947 2435 1120 2480 primariis
1154 2435 1271 2470 oculos
1306 2435 1415 2479 eruit,
1458 2438 1494 2468 et
1523 2434 1616 2468 bona.
1643 2442 1759 2467 eorum

308 2477 519 2522 publicavit,
556 2480 720 2513 obscuros
754 2492 795 2514 ac
829 2492 1000 2525 pauperes
1030 2483 1169 2527 impune
1196 2492 1265 2526 quo
1295 2481 1421 2516 liberet
1443 2479 1624 2513 discedere
1645 2477 1762 2512 iussit.

309 2533 397 2556 unus
422 2523 588 2558 Tatzates
612 2525 752 2559 castello
788 2527 934 2571 quodam
967 2534 1155 2571 occupato,
1193 2527 1286 2572 quod
1318 2527 1354 2561 in
1384 2525 1520 2560 sublimi
1553 2527 1630 2558 erat
1658 2522 1762 2557 situm

309 2567 408 2612 colle,
433 2569 502 2602 fide
526 2569 739 2614 impunitatis
761 2583 781 2606 a
805 2572 994 2607 domestico
1018 2574 1209 2607 scholarum
1233 2578 1387 2618 accepta,
1412 2570 1539 2617 Cpolin
1560 2569 1670 2614 venit,
1693 2568 1762 2602 ibi-

309 2624 377 2657 que
402 2615 630 2657 manglabitae
653 2617 783 2651 honore
805 2618 982 2662 praeditus
1007 2620 1043 2653 in
1067 2620 1167 2653 domo
1188 2628 1432 2662 manganorum
1463 2615 1655 2651 custoditus
1686 2618 1763 2655 οδες

311 2670 454 2704 cumque
478 2661 593 2704 fugam
617 2662 804 2707 moliretur,
839 2664 1055 2708 deprehenso
1080 2665 1169 2699 oculi
1191 2671 1272 2698 sunt
1294 2664 1428 2698 effossi.
1474 2661 1608 2695 Bardas
1630 2659 1762 2702 Boilas,

312 2706 403 2748 quod
429 2706 462 2739 ei
483 2706 669 2750 imperator
691 2710 781 2743 bene
803 2709 965 2756 volebat,
988 2711 1113 2746 nullam
1136 2710 1236 2745 aliam
1259 2720 1404 2756 poenam
1425 2707 1522 2743 dedit
1544 2717 1646 2752 quam
1669 2706 1762 2751 quod

312 2761 412 2784 rasus
436 2756 472 2784 et
494 2753 677 2787 monachus
700 2759 754 2788 est
773 2756 898 2790 factus.

404 2796 546 2831 Interim
571 2797 711 2833 Simeon
743 2800 968 2844 Bulgarorum
1002 2801 1165 2847 princeps
1195 2798 1445 2844 Adrianopolin
1477 2797 1568 2832 vallo
1599 2798 1764 2842 fossaque

315 2840 424 2887 cingit
447 2848 483 2879 et
505 2842 643 2878 obsidet
665 2856 706 2880 ac
733 2857 857 2891 magno
880 2847 997 2882 studio
1021 2850 1211 2893 oppugnat.
1258 2851 1422 2891 praeerat
1445 2844 1478 2879 ei
1501 2843 1580 2879 urbi
1600 2844 1674 2878 Leo
1700 2854 1764 2888 pa-
