<?xml version="1.0" encoding="UTF-8"?>
<!DOCTYPE html PUBLIC "-//W3C//DTD XHTML 1.0 Transitional//EN"
    "http://www.w3.org/TR/xhtml1/DTD/xhtml1-transitional.dtd">
<html xmlns="http://www.w3.org/1999/xhtml" xml:lang="en" lang="en">
 <head>
  <title>
</title>
<meta http-equiv="Content-Type" content="text/html;charset=utf-8" />
  <meta name='ocr-system' content='tesseract 3.04.00' />
  <meta name='ocr-capabilities' content='ocr_page ocr_carea ocr_par ocr_line ocrx_word'/>
</head>
<body>
  <div class='ocr_page' id='page_1' title='image "./corpusscriptorum14niebuoft/corpusscriptorum14niebuoft_0785.png"; bbox 0 0 1916 3210; ppageno 0'>
   <div class='ocr_carea' id='block_1_1' title="bbox 0 0 105 1131">
    <p class='ocr_par' dir='ltr' id='par_1_1' title="bbox 0 0 105 1131">
     <span class='ocr_line' id='line_1_1' title="bbox 0 0 105 1131; baseline 0 0"><span class='ocrx_word' id='word_1_1' title='bbox 0 0 105 1131; x_wconf 95' lang='lat' dir='ltr'><strong> </strong></span> 
     </span>
    </p>
   </div>
   <div class='ocr_carea' id='block_1_2' title="bbox 647 152 1693 200">
    <p class='ocr_par' dir='ltr' id='par_1_2' title="bbox 647 152 1693 200">
     <span class='ocr_line' id='line_1_2' title="bbox 647 152 1693 200; baseline 0.003 -4"><span class='ocrx_word' id='word_1_2' title='bbox 647 186 651 196; x_wconf 69' lang='grc'>,</span> <span class='ocrx_word' id='word_1_3' title='bbox 729 153 799 197; x_wconf 84' lang='lat' dir='ltr'><strong>AN</strong></span> <span class='ocrx_word' id='word_1_4' title='bbox 801 154 840 197; x_wconf 93' lang='lat' dir='ltr'>N</span> <span class='ocrx_word' id='word_1_5' title='bbox 842 152 1181 198; x_wconf 84' lang='lat' dir='ltr'><strong>OTATIONES.</strong></span> <span class='ocrx_word' id='word_1_6' title='bbox 1595 153 1693 200; x_wconf 81' lang='lat'><strong>775</strong></span> 
     </span>
    </p>
   </div>
   <div class='ocr_carea' id='block_1_3' title="bbox 215 262 1694 998">
    <p class='ocr_par' dir='ltr' id='par_1_3' title="bbox 215 262 1694 998">
     <span class='ocr_line' id='line_1_3' title="bbox 218 262 1694 316; baseline -0.001 -11"><span class='ocrx_word' id='word_1_7' title='bbox 218 267 299 316; x_wconf 72' lang='lat' dir='ltr'><strong>ut,</strong></span> <span class='ocrx_word' id='word_1_8' title='bbox 324 263 368 306; x_wconf 78' lang='lat' dir='ltr'><strong>ut</strong></span> <span class='ocrx_word' id='word_1_9' title='bbox 382 264 499 304; x_wconf 85' lang='lat' dir='ltr'><strong>visum</strong></span> <span class='ocrx_word' id='word_1_10' title='bbox 515 263 616 313; x_wconf 84' lang='lat' dir='ltr'><strong>aliis,</strong></span> <span class='ocrx_word' id='word_1_11' title='bbox 643 265 739 306; x_wconf 88' lang='grc'><strong>779.</strong></span> <span class='ocrx_word' id='word_1_12' title='bbox 798 264 958 316; x_wconf 83' lang='lat' dir='ltr'><strong>loquitur</strong></span> <span class='ocrx_word' id='word_1_13' title='bbox 977 268 1101 305; x_wconf 88' lang='lat' dir='ltr'><strong>autem</strong></span> <span class='ocrx_word' id='word_1_14' title='bbox 1123 263 1222 304; x_wconf 85' lang='lat' dir='ltr'><strong>haud</strong></span> <span class='ocrx_word' id='word_1_15' title='bbox 1242 263 1352 304; x_wconf 84' lang='lat' dir='ltr'><strong>dubie</strong></span> <span class='ocrx_word' id='word_1_16' title='bbox 1371 263 1439 313; x_wconf 77' lang='lat' dir='ltr'><strong>hac</strong></span> <span class='ocrx_word' id='word_1_17' title='bbox 1458 262 1508 304; x_wconf 81' lang='lat' dir='ltr'><strong>de</strong></span> <span class='ocrx_word' id='word_1_18' title='bbox 1525 277 1567 304; x_wconf 90' lang='lat' dir='ltr'><strong>re</strong></span> <span class='ocrx_word' id='word_1_19' title='bbox 1582 267 1621 304; x_wconf 89' lang='lat' dir='ltr'><strong>et</strong></span> <span class='ocrx_word' id='word_1_20' title='bbox 1643 265 1694 304; x_wconf 90' lang='lat' dir='ltr'><strong>de</strong></span> 
     </span>
     <span class='ocr_line' id='line_1_4' title="bbox 218 321 1692 374; baseline -0.003 -11"><span class='ocrx_word' id='word_1_21' title='bbox 218 321 319 364; x_wconf 70' lang='lat' dir='ltr'><strong>&#39;nnis</strong></span> <span class='ocrx_word' id='word_1_22' title='bbox 335 322 419 362; x_wconf 81' lang='lat' dir='ltr'><strong>ista.</strong></span> <span class='ocrx_word' id='word_1_23' title='bbox 456 322 585 372; x_wconf 86' lang='lat' dir='ltr'><strong>itaque</strong></span> <span class='ocrx_word' id='word_1_24' title='bbox 604 321 805 360; x_wconf 86' lang='lat' dir='ltr'><strong>videndum</strong></span> <span class='ocrx_word' id='word_1_25' title='bbox 828 326 886 361; x_wconf 90' lang='lat' dir='ltr'><strong>est</strong></span> <span class='ocrx_word' id='word_1_26' title='bbox 915 334 964 361; x_wconf 87' lang='lat' dir='ltr'><strong>an</strong></span> <span class='ocrx_word' id='word_1_27' title='bbox 984 334 1061 362; x_wconf 90' lang='lat' dir='ltr'><strong>non</strong></span> <span class='ocrx_word' id='word_1_28' title='bbox 1083 322 1268 374; x_wconf 76' lang='lat' dir='ltr'><strong>scripserit</strong></span> <span class='ocrx_word' id='word_1_29' title='bbox 1284 321 1423 360; x_wconf 75' lang='lat' dir='ltr'><strong>Plinius</strong></span> <span class='ocrx_word' id='word_1_30' title='bbox 1445 328 1542 372; x_wconf 73' lang='lat' dir='ltr'><strong>pos-12</strong></span> <span class='ocrx_word' id='word_1_31' title='bbox 1564 335 1692 359; x_wconf 75' lang='lat' dir='ltr'><strong>annos</strong></span> 
     </span>
     <span class='ocr_line' id='line_1_5' title="bbox 221 377 1691 430; baseline 0.001 -13"><span class='ocrx_word' id='word_1_32' title='bbox 221 379 328 427; x_wconf 79' lang='lat'><strong>150,</strong></span> <span class='ocrx_word' id='word_1_33' title='bbox 355 378 418 418; x_wconf 89' lang='lat' dir='ltr'><strong>ubi</strong></span> <span class='ocrx_word' id='word_1_34' title='bbox 438 391 536 418; x_wconf 88' lang='lat' dir='ltr'><strong>nunc</strong></span> <span class='ocrx_word' id='word_1_35' title='bbox 555 379 638 421; x_wconf 83' lang='lat'><strong>130</strong></span> <span class='ocrx_word' id='word_1_36' title='bbox 657 377 850 428; x_wconf 86' lang='lat' dir='ltr'><strong>leguntur:</strong></span> <span class='ocrx_word' id='word_1_37' title='bbox 877 391 964 430; x_wconf 87' lang='lat' dir='ltr'><strong>nam</strong></span> <span class='ocrx_word' id='word_1_38' title='bbox 982 378 1053 418; x_wconf 92' lang='lat' dir='ltr'><strong>hoc</strong></span> <span class='ocrx_word' id='word_1_39' title='bbox 1070 379 1221 430; x_wconf 89' lang='lat' dir='ltr'><strong>quidem</strong></span> <span class='ocrx_word' id='word_1_40' title='bbox 1240 391 1376 417; x_wconf 88' lang='lat' dir='ltr'><strong>novum</strong></span> <span class='ocrx_word' id='word_1_41' title='bbox 1398 391 1475 417; x_wconf 90' lang='lat' dir='ltr'><strong>non</strong></span> <span class='ocrx_word' id='word_1_42' title='bbox 1495 382 1578 430; x_wconf 87' lang='lat' dir='ltr'><strong>est,</strong></span> <span class='ocrx_word' id='word_1_43' title='bbox 1609 379 1691 421; x_wconf 85' lang='grc'><strong>150</strong></span> 
     </span>
     <span class='ocr_line' id='line_1_6' title="bbox 215 435 1694 488; baseline -0.001 -14"><span class='ocrx_word' id='word_1_44' title='bbox 215 448 288 488; x_wconf 67' lang='grc' dir='ltr'><strong>,ΡΙ-ο</strong></span> <span class='ocrx_word' id='word_1_45' title='bbox 318 435 401 478; x_wconf 81' lang='grc'><strong>158</strong></span> <span class='ocrx_word' id='word_1_46' title='bbox 431 435 542 487; x_wconf 89' lang='lat' dir='ltr'><strong>poni,</strong></span> <span class='ocrx_word' id='word_1_47' title='bbox 586 446 662 472; x_wconf 91' lang='lat' dir='ltr'><strong>non</strong></span> <span class='ocrx_word' id='word_1_48' title='bbox 691 439 819 475; x_wconf 83' lang='lat' dir='ltr'><strong>exacte</strong></span> <span class='ocrx_word' id='word_1_49' title='bbox 849 440 915 475; x_wconf 81' lang='lat' dir='ltr'><strong>aut</strong></span> <span class='ocrx_word' id='word_1_50' title='bbox 944 435 1108 488; x_wconf 86' lang='lat' dir='ltr'><strong>praecise</strong></span> <span class='ocrx_word' id='word_1_51' title='bbox 1139 435 1296 475; x_wconf 86' lang='lat' dir='ltr'><strong>numeris</strong></span> <span class='ocrx_word' id='word_1_52' title='bbox 1325 435 1522 476; x_wconf 77' lang='lat' dir='ltr'><strong>annotatis.</strong></span> <span class='ocrx_word' id='word_1_53' title='bbox 1577 447 1694 488; x_wconf 83' lang='lat' dir='ltr'><strong>porro</strong></span> 
     </span>
     <span class='ocr_line' id='line_1_7' title="bbox 218 490 1692 543; baseline -0.001 -11"><span class='ocrx_word' id='word_1_54' title='bbox 218 491 383 532; x_wconf 84' lang='lat' dir='ltr'><strong>Theram</strong></span> <span class='ocrx_word' id='word_1_55' title='bbox 399 496 440 532; x_wconf 91' lang='lat' dir='ltr'><strong>et</strong></span> <span class='ocrx_word' id='word_1_56' title='bbox 458 491 676 531; x_wconf 82' lang='lat' dir='ltr'><strong>Therasiam</strong></span> <span class='ocrx_word' id='word_1_57' title='bbox 706 493 854 543; x_wconf 87' lang='lat' dir='ltr'><strong>(neque</strong></span> <span class='ocrx_word' id='word_1_58' title='bbox 875 493 934 531; x_wconf 90' lang='lat' dir='ltr'><strong>hic</strong></span> <span class='ocrx_word' id='word_1_59' title='bbox 962 493 1094 543; x_wconf 85' lang='lat' dir='ltr'><strong>loquor</strong></span> <span class='ocrx_word' id='word_1_60' title='bbox 1118 492 1166 532; x_wconf 88' lang='lat' dir='ltr'><strong>de</strong></span> <span class='ocrx_word' id='word_1_61' title='bbox 1190 506 1236 532; x_wconf 90' lang='lat' dir='ltr'><strong>ea</strong></span> <span class='ocrx_word' id='word_1_62' title='bbox 1263 504 1360 543; x_wconf 88' lang='lat' dir='ltr'><strong>quae</strong></span> <span class='ocrx_word' id='word_1_63' title='bbox 1387 504 1460 531; x_wconf 88' lang='lat' dir='ltr'><strong>una</strong></span> <span class='ocrx_word' id='word_1_64' title='bbox 1485 504 1532 532; x_wconf 86' lang='lat' dir='ltr'><strong>ex</strong></span> <span class='ocrx_word' id='word_1_65' title='bbox 1554 490 1692 531; x_wconf 84' lang='lat' dir='ltr'><strong>Aeoliis</strong></span> 
     </span>
     <span class='ocr_line' id='line_1_8' title="bbox 219 547 1692 598; baseline 0 -9"><span class='ocrx_word' id='word_1_66' title='bbox 219 550 311 598; x_wconf 77' lang='lat' dir='ltr'><strong>suit,</strong></span> <span class='ocrx_word' id='word_1_67' title='bbox 338 548 479 588; x_wconf 83' lang='lat' dir='ltr'>Plinius</span> <span class='ocrx_word' id='word_1_68' title='bbox 498 550 527 590; x_wconf 85' lang='lat'><strong>3</strong></span> <span class='ocrx_word' id='word_1_69' title='bbox 555 548 607 596; x_wconf 76' lang='grc'><strong>9)</strong></span> <span class='ocrx_word' id='word_1_70' title='bbox 624 547 760 587; x_wconf 85' lang='lat' dir='ltr'><strong>insulas</strong></span> <span class='ocrx_word' id='word_1_71' title='bbox 777 562 861 588; x_wconf 87' lang='lat' dir='ltr'><strong>esse</strong></span> <span class='ocrx_word' id='word_1_72' title='bbox 878 550 994 598; x_wconf 88' lang='lat' dir='ltr'><strong>duas,</strong></span> <span class='ocrx_word' id='word_1_73' title='bbox 1023 561 1100 587; x_wconf 88' lang='lat' dir='ltr'><strong>non</strong></span> <span class='ocrx_word' id='word_1_74' title='bbox 1120 562 1229 589; x_wconf 89' lang='lat' dir='ltr'><strong>unam</strong></span> <span class='ocrx_word' id='word_1_75' title='bbox 1252 562 1298 588; x_wconf 83' lang='lat' dir='ltr'><strong>ex</strong></span> <span class='ocrx_word' id='word_1_76' title='bbox 1316 548 1423 588; x_wconf 81' lang='lat' dir='ltr'>Plinii</span> <span class='ocrx_word' id='word_1_77' title='bbox 1449 548 1477 591; x_wconf 87' lang='lat'>4</span> <span class='ocrx_word' id='word_1_78' title='bbox 1508 550 1562 591; x_wconf 81' lang='lat'><strong>12</strong></span> <span class='ocrx_word' id='word_1_79' title='bbox 1583 549 1692 589; x_wconf 83' lang='lat' dir='ltr'><strong>facile</strong></span> 
     </span>
     <span class='ocr_line' id='line_1_9' title="bbox 217 604 1692 657; baseline -0.001 -11"><span class='ocrx_word' id='word_1_80' title='bbox 217 605 424 656; x_wconf 80' lang='lat' dir='ltr'><strong>intelliges,·</strong></span> <span class='ocrx_word' id='word_1_81' title='bbox 462 604 529 644; x_wconf 85' lang='lat' dir='ltr'><strong>ubi</strong></span> <span class='ocrx_word' id='word_1_82' title='bbox 561 604 779 644; x_wconf 84' lang='lat' dir='ltr'><strong>Therasiam</strong></span> <span class='ocrx_word' id='word_1_83' title='bbox 811 618 835 643; x_wconf 92' lang='lat' dir='ltr'><strong>a</strong></span> <span class='ocrx_word' id='word_1_84' title='bbox 858 606 982 646; x_wconf 86' lang='lat' dir='ltr'><strong>Thera</strong></span> <span class='ocrx_word' id='word_1_85' title='bbox 1013 605 1200 654; x_wconf 81' lang='lat' dir='ltr'><strong>avulsam,</strong></span> <span class='ocrx_word' id='word_1_86' title='bbox 1239 606 1414 656; x_wconf 87' lang='lat' dir='ltr'><strong>interque</strong></span> <span class='ocrx_word' id='word_1_87' title='bbox 1441 618 1505 644; x_wconf 90' lang='lat' dir='ltr'><strong>eas</strong></span> <span class='ocrx_word' id='word_1_88' title='bbox 1531 606 1692 657; x_wconf 85' lang='lat' dir='ltr'><strong>primurn</strong></span> 
     </span>
     <span class='ocr_line' id='line_1_10' title="bbox 217 659 1690 714; baseline 0.001 -12"><span class='ocrx_word' id='word_1_89' title='bbox 217 662 453 710; x_wconf 50' lang='lat' dir='ltr'><strong>Automatam</strong></span> <span class='ocrx_word' id='word_1_90' title='bbox 482 664 613 713; x_wconf 84' lang='lat' dir='ltr'><strong>postea</strong></span> <span class='ocrx_word' id='word_1_91' title='bbox 630 662 741 700; x_wconf 85' lang='lat' dir='ltr'><strong>etiam</strong></span> <span class='ocrx_word' id='word_1_92' title='bbox 762 661 899 701; x_wconf 87' lang='lat' dir='ltr'><strong>Thiam</strong></span> <span class='ocrx_word' id='word_1_93' title='bbox 917 659 1047 702; x_wconf 85' lang='lat' dir='ltr'><strong>enatas</strong></span> <span class='ocrx_word' id='word_1_94' title='bbox 1064 663 1202 701; x_wconf 85' lang='lat' dir='ltr'><strong>scribit.</strong></span> <span class='ocrx_word' id='word_1_95' title='bbox 1259 662 1530 714; x_wconf 83' lang='lat' dir='ltr'><strong>Claudiopolim</strong></span> <span class='ocrx_word' id='word_1_96' title='bbox 1549 675 1585 713; x_wconf 87' lang='lat' dir='ltr'><strong>p.</strong></span> <span class='ocrx_word' id='word_1_97' title='bbox 1606 663 1690 705; x_wconf 81' lang='lat'><strong>347</strong></span> 
     </span>
     <span class='ocr_line' id='line_1_11' title="bbox 217 717 1686 771; baseline 0 -13"><span class='ocrx_word' id='word_1_98' title='bbox 217 731 254 759; x_wconf 88' lang='lat' dir='ltr'><strong>v.</strong></span> <span class='ocrx_word' id='word_1_99' title='bbox 273 719 327 760; x_wconf 79' lang='lat'><strong>10</strong></span> <span class='ocrx_word' id='word_1_100' title='bbox 351 718 613 770; x_wconf 74' lang='lat' dir='ltr'><strong>Cappadociae</strong></span> <span class='ocrx_word' id='word_1_101' title='bbox 634 718 732 757; x_wconf 88' lang='lat' dir='ltr'><strong>idem</strong></span> <span class='ocrx_word' id='word_1_102' title='bbox 759 719 873 758; x_wconf 83' lang='lat' dir='ltr'><strong>refert</strong></span> <span class='ocrx_word' id='word_1_103' title='bbox 901 719 928 762; x_wconf 85' lang='lat'><strong><em>5</em></strong></span> <span class='ocrx_word' id='word_1_104' title='bbox 953 717 1020 761; x_wconf 86' lang='lat'><strong>24.</strong></span> <span class='ocrx_word' id='word_1_105' title='bbox 1079 718 1284 771; x_wconf 86' lang='lat' dir='ltr'><strong>Xiphilinus</strong></span> <span class='ocrx_word' id='word_1_106' title='bbox 1305 731 1351 758; x_wconf 83' lang='lat' dir='ltr'><strong>ex</strong></span> <span class='ocrx_word' id='word_1_107' title='bbox 1369 718 1497 757; x_wconf 88' lang='lat' dir='ltr'><strong>Dionis</strong></span> <span class='ocrx_word' id='word_1_108' title='bbox 1518 717 1686 758; x_wconf 80' lang='lat' dir='ltr'><strong>Adriano</strong></span> 
     </span>
     <span class='ocr_line' id='line_1_12' title="bbox 218 774 1685 827; baseline -0.001 -11"><span class='ocrx_word' id='word_1_109' title='bbox 218 776 384 816; x_wconf 79' lang='lat' dir='ltr'><strong>nominat</strong></span> <span class='ocrx_word' id='word_1_110' title='bbox 402 774 636 824; x_wconf 85' lang='lat' dir='ltr'><strong>Cithynidem</strong></span> <span class='ocrx_word' id='word_1_111' title='bbox 655 774 853 826; x_wconf 80' lang='lat' dir='ltr'><strong>Bithyniae</strong></span> <span class='ocrx_word' id='word_1_112' title='bbox 872 776 1014 824; x_wconf 87' lang='lat' dir='ltr'><strong>urbem,</strong></span> <span class='ocrx_word' id='word_1_113' title='bbox 1042 789 1139 826; x_wconf 89' lang='lat' dir='ltr'><strong>quae</strong></span> <span class='ocrx_word' id='word_1_114' title='bbox 1151 776 1242 816; x_wconf 87' lang='lat' dir='ltr'><strong>alias</strong></span> <span class='ocrx_word' id='word_1_115' title='bbox 1260 774 1512 827; x_wconf 78' lang='lat' dir='ltr'><strong>Claudiopolis</strong></span> <span class='ocrx_word' id='word_1_116' title='bbox 1528 776 1685 814; x_wconf 85' lang='lat' dir='ltr'><strong>dicatur.</strong></span> 
     </span>
     <span class='ocr_line' id='line_1_13' title="bbox 215 831 1686 884; baseline 0.001 -11"><span class='ocrx_word' id='word_1_117' title='bbox 215 833 322 873; x_wconf 80' lang='lat' dir='ltr'><strong>etde</strong></span> <span class='ocrx_word' id='word_1_118' title='bbox 344 831 499 870; x_wconf 78' lang='lat' dir='ltr'><strong>tumultu</strong></span> <span class='ocrx_word' id='word_1_119' title='bbox 522 831 739 870; x_wconf 88' lang='lat' dir='ltr'><strong>ludaeorum</strong></span> <span class='ocrx_word' id='word_1_120' title='bbox 760 832 828 871; x_wconf 88' lang='lat' dir='ltr'><strong>sub</strong></span> <span class='ocrx_word' id='word_1_121' title='bbox 846 832 1003 871; x_wconf 83' lang='lat' dir='ltr'><strong>Claudio</strong></span> <span class='ocrx_word' id='word_1_122' title='bbox 1027 833 1114 872; x_wconf 89' lang='lat' dir='ltr'><strong>vide</strong></span> <span class='ocrx_word' id='word_1_123' title='bbox 1131 833 1328 884; x_wconf 87' lang='lat' dir='ltr'><strong>Iosephum</strong></span> <span class='ocrx_word' id='word_1_124' title='bbox 1355 831 1534 883; x_wconf 84' lang='lat' dir='ltr'><strong>Antiquit.</strong></span> <span class='ocrx_word' id='word_1_125' title='bbox 1560 835 1615 874; x_wconf 84' lang='lat'><strong>20</strong></span> <span class='ocrx_word' id='word_1_126' title='bbox 1645 831 1686 880; x_wconf 82' lang='lat'><strong>4,</strong></span> 
     </span>
     <span class='ocr_line' id='line_1_14' title="bbox 217 884 1686 941; baseline 0.001 -13"><span class='ocrx_word' id='word_1_127' title='bbox 217 889 351 928; x_wconf 85' lang='lat' dir='ltr'><strong>Euseb.</strong></span> <span class='ocrx_word' id='word_1_128' title='bbox 375 888 463 929; x_wconf 87' lang='lat' dir='ltr'><strong>hist.</strong></span> <span class='ocrx_word' id='word_1_129' title='bbox 484 886 623 926; x_wconf 82' lang='lat' dir='ltr'><strong>EccleS.</strong></span> <span class='ocrx_word' id='word_1_130' title='bbox 646 889 674 927; x_wconf 97' lang='grc'>2</span> <span class='ocrx_word' id='word_1_131' title='bbox 703 889 769 931; x_wconf 88' lang='lat'><strong>19.</strong></span> <span class='ocrx_word' id='word_1_132' title='bbox 789 936 792 941; x_wconf 29' lang='grc' dir='ltr'>ι</span> <span class='ocrx_word' id='word_1_133' title='bbox 828 889 931 941; x_wconf 83' lang='lat' dir='ltr'><strong>apud</strong></span> <span class='ocrx_word' id='word_1_134' title='bbox 952 889 1146 941; x_wconf 85' lang='lat' dir='ltr'><strong>Iosephum</strong></span> <span class='ocrx_word' id='word_1_135' title='bbox 1168 891 1316 940; x_wconf 90' lang='lat' dir='ltr'><strong>quidem</strong></span> <span class='ocrx_word' id='word_1_136' title='bbox 1338 893 1483 928; x_wconf 86' lang='lat' dir='ltr'><strong>tantum</strong></span> <span class='ocrx_word' id='word_1_137' title='bbox 1507 884 1584 929; x_wconf 83' lang='grc' dir='ltr'><strong>δύο</strong></span> <span class='ocrx_word' id='word_1_138' title='bbox 1607 904 1686 940; x_wconf 41' lang='grc' dir='ltr'><strong>μυ*</strong></span> 
     </span>
     <span class='ocr_line' id='line_1_15' title="bbox 215 942 1685 998; baseline -0.001 -11"><span class='ocrx_word' id='word_1_139' title='bbox 215 942 352 998; x_wconf 63' lang='lat' dir='ltr'><strong>auidae</strong></span> <span class='ocrx_word' id='word_1_140' title='bbox 382 945 556 997; x_wconf 80' lang='lat' dir='ltr'><strong>leguntur</strong></span> <span class='ocrx_word' id='word_1_141' title='bbox 579 944 751 997; x_wconf 85' lang='lat' dir='ltr'><strong>periisse,</strong></span> <span class='ocrx_word' id='word_1_142' title='bbox 788 947 845 987; x_wconf 80' lang='lat'><strong>20</strong></span> <span class='ocrx_word' id='word_1_143' title='bbox 869 946 979 985; x_wconf 85' lang='lat' dir='ltr'><strong>milia.</strong></span> <span class='ocrx_word' id='word_1_144' title='bbox 1035 947 1103 986; x_wconf 90' lang='lat' dir='ltr'><strong>sed</strong></span> <span class='ocrx_word' id='word_1_145' title='bbox 1132 946 1316 986; x_wconf 82' lang='lat' dir='ltr'><strong>Eusebius</strong></span> <span class='ocrx_word' id='word_1_146' title='bbox 1338 946 1454 986; x_wconf 87' lang='lat' dir='ltr'><strong>habet</strong></span> <span class='ocrx_word' id='word_1_147' title='bbox 1480 949 1523 985; x_wconf 89' lang='lat' dir='ltr'><strong>ut</strong></span> <span class='ocrx_word' id='word_1_148' title='bbox 1548 950 1685 986; x_wconf 86' lang='lat' dir='ltr'><strong>noster.</strong></span> 
     </span>
    </p>
   </div>
   <div class='ocr_carea' id='block_1_4' title="bbox 214 1003 1685 1141">
    <p class='ocr_par' dir='ltr' id='par_1_4' title="bbox 214 1003 1685 1124">
     <span class='ocr_line' id='line_1_16' title="bbox 214 1003 321 1044; baseline 0 -1"><span class='ocrx_word' id='word_1_149' title='bbox 214 1003 321 1044; x_wconf 66' lang='lat' dir='ltr'><strong>Xu-</strong></span> 
     </span>
     <span class='ocr_line' id='line_1_17' title="bbox 325 1065 1685 1141; baseline 0.002 -32"><span class='ocrx_word' id='word_1_150' title='bbox 325 1084 366 1141; x_wconf 86' lang='lat' dir='ltr'><strong>p.</strong></span> <span class='ocrx_word' id='word_1_151' title='bbox 391 1068 478 1113; x_wconf 89' lang='grc'><strong>847</strong></span> <span class='ocrx_word' id='word_1_152' title='bbox 504 1081 540 1109; x_wconf 91' lang='lat' dir='ltr'><strong>v.</strong></span> <span class='ocrx_word' id='word_1_153' title='bbox 571 1069 640 1111; x_wconf 88' lang='lat'><strong>16.</strong></span> <span class='ocrx_word' id='word_1_154' title='bbox 697 1076 848 1107; x_wconf 63' lang='lat' dir='ltr'><strong>avoces</strong></span> <span class='ocrx_word' id='word_1_155' title='bbox 861 1084 938 1121; x_wconf 85' lang='lat' dir='ltr'><strong>per</strong></span> <span class='ocrx_word' id='word_1_156' title='bbox 958 1069 1117 1122; x_wconf 85' lang='lat' dir='ltr'><strong>orbem]</strong></span> <span class='ocrx_word' id='word_1_157' title='bbox 1156 1069 1194 1109; x_wconf 84' lang='grc' dir='ltr'><strong>ἰιι</strong></span> <span class='ocrx_word' id='word_1_158' title='bbox 1216 1071 1383 1122; x_wconf 81' lang='lat' dir='ltr'><strong>margine</strong></span> <span class='ocrx_word' id='word_1_159' title='bbox 1400 1065 1685 1124; x_wconf 67' lang='grc' dir='ltr'><strong>ἀναλογίζομαι</strong></span> 
     </span>
    </p>
   </div>
   <div class='ocr_carea' id='block_1_5' title="bbox 211 1122 1684 1233">
    <p class='ocr_par' dir='ltr' id='par_1_5' title="bbox 211 1122 1684 1233">
     <span class='ocr_line' id='line_1_18' title="bbox 211 1122 1684 1181; baseline -0.001 -11"><span class='ocrx_word' id='word_1_160' title='bbox 211 1126 282 1170; x_wconf 65' lang='grc' dir='ltr'><strong>καὶ</strong></span> <span class='ocrx_word' id='word_1_161' title='bbox 311 1123 436 1176; x_wconf 63' lang='grc' dir='ltr'><strong><em>αὐτος</em></strong></span> <span class='ocrx_word' id='word_1_162' title='bbox 459 1141 538 1177; x_wconf 77' lang='grc' dir='ltr'><strong>την</strong></span> <span class='ocrx_word' id='word_1_163' title='bbox 564 1122 655 1167; x_wconf 81' lang='grc' dir='ltr'><strong><em>τότε</em></strong></span> <span class='ocrx_word' id='word_1_164' title='bbox 681 1124 922 1180; x_wconf 78' lang='grc' dir='ltr'><em>συμφοράν·</em></span> <span class='ocrx_word' id='word_1_165' title='bbox 956 1125 1079 1179; x_wconf 83' lang='grc' dir='ltr'>φύσει</span> <span class='ocrx_word' id='word_1_166' title='bbox 1104 1142 1181 1181; x_wconf 80' lang='grc' dir='ltr'><strong>γαρ</strong></span> <span class='ocrx_word' id='word_1_167' title='bbox 1202 1125 1350 1181; x_wconf 73' lang='grc' dir='ltr'><strong><em>ἐχθρόν</em></strong></span> <span class='ocrx_word' id='word_1_168' title='bbox 1368 1125 1412 1170; x_wconf 81' lang='grc' dir='ltr'><strong>τὸ</strong></span> <span class='ocrx_word' id='word_1_169' title='bbox 1432 1128 1580 1170; x_wconf 80' lang='grc' dir='ltr'><strong><em>δοῦλον</em></strong></span> <span class='ocrx_word' id='word_1_170' title='bbox 1598 1131 1684 1176; x_wconf 84' lang='grc' dir='ltr'><strong><em>τοῖς</em></strong></span> 
     </span>
     <span class='ocr_line' id='line_1_19' title="bbox 212 1181 1230 1233; baseline -0.006 -5"><span class='ocrx_word' id='word_1_171' title='bbox 212 1181 433 1233; x_wconf 73' lang='grc' dir='ltr'><strong>δεσπόταις.</strong></span> <span class='ocrx_word' id='word_1_172' title='bbox 486 1183 615 1223; x_wconf 88' lang='lat' dir='ltr'><strong>Nerva</strong></span> <span class='ocrx_word' id='word_1_173' title='bbox 628 1183 699 1222; x_wconf 90' lang='lat' dir='ltr'><strong>hoc</strong></span> <span class='ocrx_word' id='word_1_174' title='bbox 715 1185 874 1223; x_wconf 89' lang='lat' dir='ltr'><strong>edictum</strong></span> <span class='ocrx_word' id='word_1_175' title='bbox 895 1185 1066 1225; x_wconf 84' lang='lat' dir='ltr'><strong>abolevit.</strong></span> <span class='ocrx_word' id='word_1_176' title='bbox 1126 1185 1230 1225; x_wconf 68' lang='lat' dir='ltr'>XYL.</span> 
     </span>
    </p>
   </div>
   <div class='ocr_carea' id='block_1_6' title="bbox 210 1250 1683 1419">
    <p class='ocr_par' dir='ltr' id='par_1_6' title="bbox 210 1250 1683 1419">
     <span class='ocr_line' id='line_1_20' title="bbox 322 1250 1683 1306; baseline 0.001 -16"><span class='ocrx_word' id='word_1_177' title='bbox 322 1267 362 1306; x_wconf 86' lang='lat' dir='ltr'><strong>p.</strong></span> <span class='ocrx_word' id='word_1_178' title='bbox 385 1250 468 1296; x_wconf 81' lang='grc'><strong>348</strong></span> <span class='ocrx_word' id='word_1_179' title='bbox 496 1264 534 1290; x_wconf 83' lang='lat' dir='ltr'><strong>v.</strong></span> <span class='ocrx_word' id='word_1_180' title='bbox 562 1250 630 1293; x_wconf 85' lang='lat'><strong>15.</strong></span> <span class='ocrx_word' id='word_1_181' title='bbox 689 1265 716 1288; x_wconf 87' lang='grc' dir='ltr'><em>α</em></span> <span class='ocrx_word' id='word_1_182' title='bbox 733 1250 961 1303; x_wconf 81' lang='lat' dir='ltr'><strong>Ionaclabo]</strong></span> <span class='ocrx_word' id='word_1_183' title='bbox 991 1252 1076 1291; x_wconf 89' lang='lat' dir='ltr'><strong>vide</strong></span> <span class='ocrx_word' id='word_1_184' title='bbox 1091 1252 1224 1292; x_wconf 83' lang='lat' dir='ltr'><strong>Ierem.</strong></span> <span class='ocrx_word' id='word_1_185' title='bbox 1244 1252 1312 1295; x_wconf 82' lang='grc'><strong>35.</strong></span> <span class='ocrx_word' id='word_1_186' title='bbox 1369 1252 1418 1292; x_wconf 80' lang='lat' dir='ltr'><strong>de</strong></span> <span class='ocrx_word' id='word_1_187' title='bbox 1435 1251 1582 1292; x_wconf 72' lang='lat' dir='ltr'><strong>Essaeis</strong></span> <span class='ocrx_word' id='word_1_188' title='bbox 1598 1251 1683 1303; x_wconf 86' lang='lat' dir='ltr'><strong>lege</strong></span> 
     </span>
     <span class='ocr_line' id='line_1_21' title="bbox 210 1308 1683 1362; baseline -0.001 -13"><span class='ocrx_word' id='word_1_189' title='bbox 210 1309 408 1362; x_wconf 66' lang='lat' dir='ltr'><strong>fosephum</strong></span> <span class='ocrx_word' id='word_1_190' title='bbox 426 1309 606 1359; x_wconf 82' lang='lat' dir='ltr'><strong>Antiquit.</strong></span> <span class='ocrx_word' id='word_1_191' title='bbox 633 1310 686 1350; x_wconf 85' lang='lat'><strong>18</strong></span> <span class='ocrx_word' id='word_1_192' title='bbox 714 1310 764 1358; x_wconf 86' lang='grc'><strong>2,</strong></span> <span class='ocrx_word' id='word_1_193' title='bbox 806 1315 845 1347; x_wconf 85' lang='lat' dir='ltr'><strong>et</strong></span> <span class='ocrx_word' id='word_1_194' title='bbox 865 1310 981 1347; x_wconf 87' lang='lat' dir='ltr'><strong>multo</strong></span> <span class='ocrx_word' id='word_1_195' title='bbox 1004 1309 1111 1362; x_wconf 87' lang='lat' dir='ltr'><strong>plura</strong></span> <span class='ocrx_word' id='word_1_196' title='bbox 1137 1308 1224 1349; x_wconf 88' lang='lat' dir='ltr'><strong>belli</strong></span> <span class='ocrx_word' id='word_1_197' title='bbox 1246 1309 1385 1349; x_wconf 88' lang='lat' dir='ltr'><strong>Iudaici</strong></span> <span class='ocrx_word' id='word_1_198' title='bbox 1406 1311 1433 1350; x_wconf 82' lang='lat'><strong>2</strong></span> <span class='ocrx_word' id='word_1_199' title='bbox 1465 1310 1539 1357; x_wconf 90' lang='grc'><strong>12,</strong></span> <span class='ocrx_word' id='word_1_200' title='bbox 1581 1310 1683 1349; x_wconf 90' lang='lat' dir='ltr'><strong>unde</strong></span> 
     </span>
     <span class='ocr_line' id='line_1_22' title="bbox 210 1366 924 1419; baseline -0.007 -12"><span class='ocrx_word' id='word_1_201' title='bbox 210 1372 339 1410; x_wconf 86' lang='lat' dir='ltr'><strong>noster</strong></span> <span class='ocrx_word' id='word_1_202' title='bbox 357 1366 545 1419; x_wconf 87' lang='lat' dir='ltr'><strong>complura</strong></span> <span class='ocrx_word' id='word_1_203' title='bbox 558 1366 759 1406; x_wconf 81' lang='lat' dir='ltr'><strong>transtulit.</strong></span> <span class='ocrx_word' id='word_1_204' title='bbox 813 1367 924 1406; x_wconf 66' lang='grc' dir='ltr'><strong>ΧΠ.</strong></span> 
     </span>
    </p>
   </div>
   <div class='ocr_carea' id='block_1_7' title="bbox 207 1432 1683 2110">
    <p class='ocr_par' dir='ltr' id='par_1_7' title="bbox 207 1432 1683 2110">
     <span class='ocr_line' id='line_1_23' title="bbox 323 1432 1682 1489; baseline -0.001 -17"><span class='ocrx_word' id='word_1_205' title='bbox 323 1449 367 1489; x_wconf 83' lang='grc' dir='ltr'><strong>Ρ</strong></span> <span class='ocrx_word' id='word_1_206' title='bbox 391 1434 475 1481; x_wconf 81' lang='grc'><strong>856</strong></span> <span class='ocrx_word' id='word_1_207' title='bbox 502 1446 539 1473; x_wconf 89' lang='lat' dir='ltr'><strong>v.</strong></span> <span class='ocrx_word' id='word_1_208' title='bbox 567 1434 606 1474; x_wconf 74' lang='lat'><strong>1.</strong></span> <span class='ocrx_word' id='word_1_209' title='bbox 662 1433 722 1471; x_wconf 83' lang='lat' dir='ltr'><strong>ad</strong></span> <span class='ocrx_word' id='word_1_210' title='bbox 750 1435 910 1472; x_wconf 76' lang='lat' dir='ltr'><strong>veniam</strong></span> <span class='ocrx_word' id='word_1_211' title='bbox 941 1432 1252 1486; x_wconf 78' lang='lat' dir='ltr'><strong>incontinentia]</strong></span> <span class='ocrx_word' id='word_1_212' title='bbox 1295 1433 1397 1473; x_wconf 89' lang='lat' dir='ltr'><strong>locus</strong></span> <span class='ocrx_word' id='word_1_213' title='bbox 1430 1437 1488 1472; x_wconf 84' lang='lat' dir='ltr'><strong>est</strong></span> <span class='ocrx_word' id='word_1_214' title='bbox 1520 1432 1682 1481; x_wconf 86' lang='lat' dir='ltr'><strong>mutilus,</strong></span> 
     </span>
     <span class='ocr_line' id='line_1_24' title="bbox 211 1489 1683 1545; baseline -0.003 -12"><span class='ocrx_word' id='word_1_215' title='bbox 211 1505 321 1545; x_wconf 87' lang='lat' dir='ltr'><strong>quem</strong></span> <span class='ocrx_word' id='word_1_216' title='bbox 348 1493 399 1531; x_wconf 89' lang='lat' dir='ltr'><strong>ad</strong></span> <span class='ocrx_word' id='word_1_217' title='bbox 425 1491 577 1531; x_wconf 89' lang='lat' dir='ltr'><strong>verbum</strong></span> <span class='ocrx_word' id='word_1_218' title='bbox 606 1491 790 1543; x_wconf 80' lang='lat' dir='ltr'><strong>expressi:</strong></span> <span class='ocrx_word' id='word_1_219' title='bbox 847 1504 970 1542; x_wconf 90' lang='lat' dir='ltr'><strong>neque</strong></span> <span class='ocrx_word' id='word_1_220' title='bbox 998 1492 1095 1531; x_wconf 86' lang='lat' dir='ltr'><strong>enim</strong></span> <span class='ocrx_word' id='word_1_221' title='bbox 1123 1491 1279 1530; x_wconf 86' lang='lat' dir='ltr'><strong>vacabat</strong></span> <span class='ocrx_word' id='word_1_222' title='bbox 1310 1490 1486 1529; x_wconf 77' lang='lat' dir='ltr'><strong>Basiliam</strong></span> <span class='ocrx_word' id='word_1_223' title='bbox 1516 1489 1683 1529; x_wconf 86' lang='lat' dir='ltr'><strong>evolvere</strong></span> 
     </span>
     <span class='ocr_line' id='line_1_25' title="bbox 210 1547 1681 1600; baseline -0.003 -10"><span class='ocrx_word' id='word_1_224' title='bbox 210 1550 317 1590; x_wconf 86' lang='lat' dir='ltr'><strong>huius</strong></span> <span class='ocrx_word' id='word_1_225' title='bbox 325 1550 391 1589; x_wconf 48' lang='lat' dir='ltr'><strong>*rei</strong></span> <span class='ocrx_word' id='word_1_226' title='bbox 408 1559 545 1599; x_wconf 77' lang='lat' dir='ltr'><strong>causa3</strong></span> <span class='ocrx_word' id='word_1_227' title='bbox 578 1548 683 1598; x_wconf 84' lang='lat' dir='ltr'><strong>quod</strong></span> <span class='ocrx_word' id='word_1_228' title='bbox 700 1547 819 1586; x_wconf 87' lang='lat' dir='ltr'><strong>faciet</strong></span> <span class='ocrx_word' id='word_1_229' title='bbox 838 1550 901 1598; x_wconf 91' lang='lat' dir='ltr'><strong>qui</strong></span> <span class='ocrx_word' id='word_1_230' title='bbox 927 1548 998 1586; x_wconf 88' lang='lat' dir='ltr'><strong>hac</strong></span> <span class='ocrx_word' id='word_1_231' title='bbox 1026 1548 1276 1600; x_wconf 86' lang='lat' dir='ltr'><strong>disputatione</strong></span> <span class='ocrx_word' id='word_1_232' title='bbox 1292 1547 1494 1586; x_wconf 85' lang='lat' dir='ltr'><strong>delectatur</strong></span> <span class='ocrx_word' id='word_1_233' title='bbox 1512 1551 1550 1586; x_wconf 87' lang='lat' dir='ltr'><strong>et</strong></span> <span class='ocrx_word' id='word_1_234' title='bbox 1567 1547 1681 1586; x_wconf 89' lang='lat' dir='ltr'><strong>otium</strong></span> 
     </span>
     <span class='ocr_line' id='line_1_26' title="bbox 209 1603 1680 1655; baseline -0.004 -8"><span class='ocrx_word' id='word_1_235' title='bbox 209 1607 334 1647; x_wconf 77' lang='lat' dir='ltr'><strong>habet.</strong></span> <span class='ocrx_word' id='word_1_236' title='bbox 392 1606 460 1645; x_wconf 86' lang='lat' dir='ltr'><strong>sed</strong></span> <span class='ocrx_word' id='word_1_237' title='bbox 481 1608 519 1644; x_wconf 91' lang='lat' dir='ltr'><strong>et</strong></span> <span class='ocrx_word' id='word_1_238' title='bbox 538 1603 729 1644; x_wconf 84' lang='lat' dir='ltr'><strong>Platonica</strong></span> <span class='ocrx_word' id='word_1_239' title='bbox 753 1605 880 1645; x_wconf 85' lang='lat' dir='ltr'><strong>mutila</strong></span> <span class='ocrx_word' id='word_1_240' title='bbox 897 1609 1006 1653; x_wconf 87' lang='lat' dir='ltr'><strong>sunt,</strong></span> <span class='ocrx_word' id='word_1_241' title='bbox 1045 1609 1162 1655; x_wconf 87' lang='lat' dir='ltr'><strong>atque</strong></span> <span class='ocrx_word' id='word_1_242' title='bbox 1180 1604 1307 1643; x_wconf 84' lang='lat' dir='ltr'><strong>adeo</strong></span> <span class='ocrx_word' id='word_1_243' title='bbox 1297 1617 1335 1642; x_wconf 88' lang='lat' dir='ltr'><strong>m</strong></span> <span class='ocrx_word' id='word_1_244' title='bbox 1354 1604 1519 1654; x_wconf 84' lang='lat' dir='ltr'><strong>margine</strong></span> <span class='ocrx_word' id='word_1_245' title='bbox 1537 1603 1680 1642; x_wconf 87' lang='lat' dir='ltr'><strong>adscri-</strong></span> 
     </span>
     <span class='ocr_line' id='line_1_27' title="bbox 209 1656 1679 1731; baseline -0.003 -28"><span class='ocrx_word' id='word_1_246' title='bbox 209 1662 315 1717; x_wconf 82' lang='lat' dir='ltr'><strong>ptum</strong></span> <span class='ocrx_word' id='word_1_247' title='bbox 337 1667 396 1702; x_wconf 85' lang='lat' dir='ltr'><strong>est</strong></span> <span class='ocrx_word' id='word_1_248' title='bbox 427 1657 572 1712; x_wconf 81' lang='grc' dir='ltr'><strong><em>οἷσαφῆ</em></strong></span> <span class='ocrx_word' id='word_1_249' title='bbox 595 1663 721 1701; x_wconf 78' lang='grc' dir='ltr'><strong><em>ταῦτα</em></strong></span> <span class='ocrx_word' id='word_1_250' title='bbox 748 1658 883 1702; x_wconf 76' lang='grc' dir='ltr'><em>πάντα</em></span> <span class='ocrx_word' id='word_1_251' title='bbox 911 1657 1048 1731; x_wconf 78' lang='grc' dir='ltr'><em>σχεδὸν</em></span> <span class='ocrx_word' id='word_1_252' title='bbox 1069 1659 1118 1702; x_wconf 77' lang='grc' dir='ltr'><strong>τοὶ</strong></span> <span class='ocrx_word' id='word_1_253' title='bbox 1138 1663 1212 1702; x_wconf 83' lang='grc' dir='ltr'><strong>τοῦ</strong></span> <span class='ocrx_word' id='word_1_254' title='bbox 1231 1657 1451 1708; x_wconf 75' lang='grc' dir='ltr'><em>Πλάτωνος</em></span> <span class='ocrx_word' id='word_1_255' title='bbox 1471 1657 1538 1700; x_wconf 83' lang='grc' dir='ltr'><strong>δια</strong></span> <span class='ocrx_word' id='word_1_256' title='bbox 1556 1675 1600 1699; x_wconf 89' lang='grc' dir='ltr'><strong>το</strong></span> <span class='ocrx_word' id='word_1_257' title='bbox 1623 1656 1679 1712; x_wconf 77' lang='grc' dir='ltr'><strong>μὴ</strong></span> 
     </span>
     <span class='ocr_line' id='line_1_28' title="bbox 211 1712 1681 1774; baseline -0.004 -13"><span class='ocrx_word' id='word_1_258' title='bbox 211 1718 362 1767; x_wconf 73' lang='grc' dir='ltr'><strong>εἰδέναι</strong></span> <span class='ocrx_word' id='word_1_259' title='bbox 386 1716 496 1771; x_wconf 72' lang='grc' dir='ltr'><strong>ἡμᾶς</strong></span> <span class='ocrx_word' id='word_1_260' title='bbox 523 1733 567 1758; x_wconf 89' lang='grc' dir='ltr'><strong>το</strong></span> <span class='ocrx_word' id='word_1_261' title='bbox 597 1713 727 1758; x_wconf 82' lang='grc' dir='ltr'><strong><em>αυτοῦ</em></strong></span> <span class='ocrx_word' id='word_1_262' title='bbox 744 1718 902 1770; x_wconf 81' lang='grc' dir='ltr'><strong>βιβλίον</strong></span> <span class='ocrx_word' id='word_1_263' title='bbox 921 1717 964 1758; x_wconf 81' lang='grc' dir='ltr'><strong>ἐν</strong></span> <span class='ocrx_word' id='word_1_264' title='bbox 986 1712 1019 1774; x_wconf 74' lang='grc' dir='ltr'><em>ᾧ</em></span> <span class='ocrx_word' id='word_1_265' title='bbox 1037 1733 1162 1758; x_wconf 80' lang='grc' dir='ltr'><strong><em>ταντα</em></strong></span> <span class='ocrx_word' id='word_1_266' title='bbox 1180 1721 1320 1758; x_wconf 84' lang='grc' dir='ltr'><strong>κεῖται.</strong></span> <span class='ocrx_word' id='word_1_267' title='bbox 1377 1722 1462 1756; x_wconf 83' lang='lat' dir='ltr'><strong>sunt</strong></span> <span class='ocrx_word' id='word_1_268' title='bbox 1490 1722 1612 1755; x_wconf 91' lang='lat' dir='ltr'><strong>autem</strong></span> <span class='ocrx_word' id='word_1_269' title='bbox 1634 1729 1681 1755; x_wconf 83' lang='lat' dir='ltr'><strong>ex</strong></span> 
     </span>
     <span class='ocr_line' id='line_1_29' title="bbox 211 1773 1680 1827; baseline -0.004 -10"><span class='ocrx_word' id='word_1_270' title='bbox 211 1777 374 1817; x_wconf 86' lang='lat' dir='ltr'><strong>&#39;secundo</strong></span> <span class='ocrx_word' id='word_1_271' title='bbox 389 1775 484 1814; x_wconf 84' lang='lat' dir='ltr'><strong>libro</strong></span> <span class='ocrx_word' id='word_1_272' title='bbox 506 1776 554 1814; x_wconf 88' lang='lat' dir='ltr'><strong>de</strong></span> <span class='ocrx_word' id='word_1_273' title='bbox 575 1787 616 1814; x_wconf 90' lang='lat' dir='ltr'><strong>re</strong></span> <span class='ocrx_word' id='word_1_274' title='bbox 631 1775 780 1827; x_wconf 89' lang='lat' dir='ltr'><strong>publica</strong></span> <span class='ocrx_word' id='word_1_275' title='bbox 797 1775 1009 1827; x_wconf 87' lang='lat' dir='ltr'><strong>desumpta,</strong></span> <span class='ocrx_word' id='word_1_276' title='bbox 1045 1779 1083 1814; x_wconf 87' lang='lat' dir='ltr'><strong>et</strong></span> <span class='ocrx_word' id='word_1_277' title='bbox 1098 1774 1267 1825; x_wconf 89' lang='lat' dir='ltr'><strong>Aeschyli</strong></span> <span class='ocrx_word' id='word_1_278' title='bbox 1283 1787 1407 1814; x_wconf 87' lang='lat' dir='ltr'><strong>versus</strong></span> <span class='ocrx_word' id='word_1_279' title='bbox 1424 1787 1470 1813; x_wconf 87' lang='lat' dir='ltr'><strong>ex</strong></span> <span class='ocrx_word' id='word_1_280' title='bbox 1489 1773 1680 1812; x_wconf 87' lang='lat' dir='ltr'><strong>Thebaica</strong></span> 
     </span>
     <span class='ocr_line' id='line_1_30' title="bbox 210 1831 1679 1883; baseline -0.004 -9"><span class='ocrx_word' id='word_1_281' title='bbox 210 1834 403 1874; x_wconf 80' lang='lat' dir='ltr'><strong>obsidione</strong></span> <span class='ocrx_word' id='word_1_282' title='bbox 425 1833 556 1871; x_wconf 86' lang='lat' dir='ltr'><strong>citatur</strong></span> <span class='ocrx_word' id='word_1_283' title='bbox 573 1831 646 1879; x_wconf 85' lang='lat' dir='ltr'><strong>ibi3</strong></span> <span class='ocrx_word' id='word_1_284' title='bbox 685 1845 795 1882; x_wconf 86' lang='lat' dir='ltr'><strong>quem</strong></span> <span class='ocrx_word' id='word_1_285' title='bbox 822 1831 942 1870; x_wconf 85' lang='lat' dir='ltr'><strong>locum</strong></span> <span class='ocrx_word' id='word_1_286' title='bbox 970 1833 1069 1883; x_wconf 86' lang='lat' dir='ltr'><strong>apud</strong></span> <span class='ocrx_word' id='word_1_287' title='bbox 1101 1831 1334 1871; x_wconf 85' lang='lat' dir='ltr'><strong>Plutarchum</strong></span> <span class='ocrx_word' id='word_1_288' title='bbox 1362 1831 1609 1870; x_wconf 83' lang='lat' dir='ltr'><strong>convertimus</strong></span> <span class='ocrx_word' id='word_1_289' title='bbox 1639 1832 1679 1869; x_wconf 91' lang='lat' dir='ltr'><strong>in</strong></span> 
     </span>
     <span class='ocr_line' id='line_1_31' title="bbox 207 1888 1678 1940; baseline -0.003 -10"><span class='ocrx_word' id='word_1_290' title='bbox 207 1889 384 1930; x_wconf 85' lang='lat' dir='ltr'><strong>Aristida.</strong></span> <span class='ocrx_word' id='word_1_291' title='bbox 442 1901 515 1939; x_wconf 85' lang='lat' dir='ltr'><strong>ego</strong></span> <span class='ocrx_word' id='word_1_292' title='bbox 529 1901 666 1938; x_wconf 82' lang='lat' dir='ltr'><strong>operae</strong></span> <span class='ocrx_word' id='word_1_293' title='bbox 683 1889 840 1940; x_wconf 88' lang='lat' dir='ltr'><strong>pretium</strong></span> <span class='ocrx_word' id='word_1_294' title='bbox 862 1901 937 1926; x_wconf 81' lang='lat' dir='ltr'><strong>non</strong></span> <span class='ocrx_word' id='word_1_295' title='bbox 955 1889 1041 1926; x_wconf 83' lang='lat' dir='ltr'><strong>duxi</strong></span> <span class='ocrx_word' id='word_1_296' title='bbox 1063 1888 1122 1927; x_wconf 90' lang='lat' dir='ltr'><strong>hic</strong></span> <span class='ocrx_word' id='word_1_297' title='bbox 1142 1902 1201 1927; x_wconf 88' lang='lat' dir='ltr'><strong>me</strong></span> <span class='ocrx_word' id='word_1_298' title='bbox 1219 1889 1438 1938; x_wconf 87' lang='lat' dir='ltr'><strong>corrigendo</strong></span> <span class='ocrx_word' id='word_1_299' title='bbox 1457 1888 1678 1938; x_wconf 80' lang='lat' dir='ltr'><strong>defatigare,</strong></span> 
     </span>
     <span class='ocr_line' id='line_1_32' title="bbox 209 1944 1675 1988; baseline -0.004 -1"><span class='ocrx_word' id='word_1_300' title='bbox 209 1961 291 1988; x_wconf 91' lang='lat' dir='ltr'><strong>cum</strong></span> <span class='ocrx_word' id='word_1_301' title='bbox 306 1948 355 1986; x_wconf 81' lang='lat' dir='ltr'><strong>sit</strong></span> <span class='ocrx_word' id='word_1_302' title='bbox 372 1945 536 1985; x_wconf 84' lang='lat' dir='ltr'><strong>Platonis</strong></span> <span class='ocrx_word' id='word_1_303' title='bbox 551 1944 643 1984; x_wconf 88' lang='lat' dir='ltr'><strong>liber</strong></span> <span class='ocrx_word' id='word_1_304' title='bbox 660 1946 710 1984; x_wconf 87' lang='lat' dir='ltr'><strong>ad</strong></span> <span class='ocrx_word' id='word_1_305' title='bbox 727 1957 873 1984; x_wconf 78' lang='lat' dir='ltr'><strong>manus,</strong></span> <span class='ocrx_word' id='word_1_306' title='bbox 899 1944 1003 1984; x_wconf 63' lang='lat' dir='ltr'><strong>xm.</strong></span> <span class='ocrx_word' id='word_1_307' title='bbox 1060 1945 1149 1983; x_wconf 91' lang='lat' dir='ltr'><strong>nihil</strong></span> <span class='ocrx_word' id='word_1_308' title='bbox 1170 1946 1228 1983; x_wconf 91' lang='lat' dir='ltr'><strong>hic</strong></span> <span class='ocrx_word' id='word_1_309' title='bbox 1244 1945 1411 1984; x_wconf 91' lang='lat' dir='ltr'><strong>mutilum</strong></span> <span class='ocrx_word' id='word_1_310' title='bbox 1427 1948 1492 1983; x_wconf 89' lang='lat' dir='ltr'><strong>aut</strong></span> <span class='ocrx_word' id='word_1_311' title='bbox 1508 1947 1675 1982; x_wconf 90' lang='lat' dir='ltr'><strong>truncum</strong></span> 
     </span>
     <span class='ocr_line' id='line_1_33' title="bbox 207 2001 1674 2054; baseline -0.005 -9"><span class='ocrx_word' id='word_1_312' title='bbox 207 2005 317 2054; x_wconf 77' lang='lat' dir='ltr'><strong>etiam</strong></span> <span class='ocrx_word' id='word_1_313' title='bbox 333 2003 547 2054; x_wconf 79' lang='lat' dir='ltr'><strong>Xylandm,</strong></span> <span class='ocrx_word' id='word_1_314' title='bbox 585 2003 615 2039; x_wconf 90' lang='lat' dir='ltr'><strong>si</strong></span> <span class='ocrx_word' id='word_1_315' title='bbox 643 2003 756 2040; x_wconf 91' lang='lat' dir='ltr'><strong>modo</strong></span> <span class='ocrx_word' id='word_1_316' title='bbox 779 2002 890 2040; x_wconf 86' lang='lat' dir='ltr'><strong>iudex</strong></span> <span class='ocrx_word' id='word_1_317' title='bbox 915 2014 1052 2052; x_wconf 89' lang='lat' dir='ltr'><strong>aequus</strong></span> <span class='ocrx_word' id='word_1_318' title='bbox 1069 2002 1227 2040; x_wconf 87' lang='lat' dir='ltr'><strong>auctoris</strong></span> <span class='ocrx_word' id='word_1_319' title='bbox 1242 2002 1354 2041; x_wconf 89' lang='lat' dir='ltr'><strong>verba</strong></span> <span class='ocrx_word' id='word_1_320' title='bbox 1372 2001 1531 2052; x_wconf 86' lang='lat' dir='ltr'><strong>penitius</strong></span> <span class='ocrx_word' id='word_1_321' title='bbox 1553 2001 1674 2051; x_wconf 91' lang='lat' dir='ltr'><strong>inspi-</strong></span> 
     </span>
     <span class='ocr_line' id='line_1_34' title="bbox 207 2058 1674 2110; baseline -0.003 -9"><span class='ocrx_word' id='word_1_322' title='bbox 207 2062 293 2102; x_wconf 88' lang='lat' dir='ltr'><strong>ciat.</strong></span> <span class='ocrx_word' id='word_1_323' title='bbox 332 2074 414 2100; x_wconf 91' lang='lat' dir='ltr'><strong>cum</strong></span> <span class='ocrx_word' id='word_1_324' title='bbox 435 2060 533 2099; x_wconf 89' lang='lat' dir='ltr'><strong>enim</strong></span> <span class='ocrx_word' id='word_1_325' title='bbox 553 2058 602 2098; x_wconf 89' lang='lat' dir='ltr'><strong>de</strong></span> <span class='ocrx_word' id='word_1_326' title='bbox 622 2059 784 2098; x_wconf 82' lang='lat' dir='ltr'><strong>exhibito</strong></span> <span class='ocrx_word' id='word_1_327' title='bbox 802 2058 924 2097; x_wconf 86' lang='lat' dir='ltr'><strong>verbis</strong></span> <span class='ocrx_word' id='word_1_328' title='bbox 944 2058 1162 2108; x_wconf 85' lang='lat' dir='ltr'><strong>evangelicis</strong></span> <span class='ocrx_word' id='word_1_329' title='bbox 1183 2059 1315 2110; x_wconf 90' lang='lat' dir='ltr'><strong>quibus</strong></span> <span class='ocrx_word' id='word_1_330' title='bbox 1339 2058 1490 2096; x_wconf 85' lang='lat' dir='ltr'><strong>castitas</strong></span> <span class='ocrx_word' id='word_1_331' title='bbox 1508 2058 1674 2109; x_wconf 89' lang='lat' dir='ltr'><strong>apprime</strong></span> 
     </span>
    </p>
   </div>
   <div class='ocr_carea' id='block_1_8' title="bbox 206 2113 1673 2219">
    <p class='ocr_par' dir='ltr' id='par_1_8' title="bbox 206 2113 1673 2214">
     <span class='ocr_line' id='line_1_35' title="bbox 206 2113 1671 2168; baseline -0.004 -11"><span class='ocrx_word' id='word_1_332' title='bbox 206 2118 379 2158; x_wconf 87' lang='lat' dir='ltr'><strong>laudatur</strong></span> <span class='ocrx_word' id='word_1_333' title='bbox 396 2116 589 2167; x_wconf 87' lang='lat' dir='ltr'><strong>obsequio,</strong></span> <span class='ocrx_word' id='word_1_334' title='bbox 618 2116 774 2154; x_wconf 87' lang='lat' dir='ltr'><strong>dixisset</strong></span> <span class='ocrx_word' id='word_1_335' title='bbox 787 2115 924 2168; x_wconf 90' lang='lat' dir='ltr'><strong>nuptiis</strong></span> <span class='ocrx_word' id='word_1_336' title='bbox 941 2116 1096 2164; x_wconf 88' lang='lat' dir='ltr'><strong>vinctos,</strong></span> <span class='ocrx_word' id='word_1_337' title='bbox 1125 2118 1243 2166; x_wconf 79' lang='lat' dir='ltr'><strong>aeque</strong></span> <span class='ocrx_word' id='word_1_338' title='bbox 1264 2127 1306 2153; x_wconf 91' lang='lat' dir='ltr'><strong>ac</strong></span> <span class='ocrx_word' id='word_1_339' title='bbox 1325 2114 1534 2161; x_wconf 86' lang='lat' dir='ltr'><strong>monachos,</strong></span> <span class='ocrx_word' id='word_1_340' title='bbox 1563 2126 1608 2152; x_wconf 84' lang='lat' dir='ltr'><strong>ex</strong></span> <span class='ocrx_word' id='word_1_341' title='bbox 1628 2113 1671 2151; x_wconf 90' lang='lat' dir='ltr'><strong>iis</strong></span> 
     </span>
     <span class='ocr_line' id='line_1_36' title="bbox 209 2170 1673 2219; baseline -0.004 -5"><span class='ocrx_word' id='word_1_342' title='bbox 209 2175 427 2214; x_wconf 86' lang='lat' dir='ltr'><strong>sententiam</strong></span> <span class='ocrx_word' id='word_1_343' title='bbox 453 2174 491 2212; x_wconf 90' lang='lat' dir='ltr'><strong>in</strong></span> <span class='ocrx_word' id='word_1_344' title='bbox 511 2173 645 2210; x_wconf 89' lang='lat' dir='ltr'><strong>iudicio</strong></span> <span class='ocrx_word' id='word_1_345' title='bbox 662 2172 823 2219; x_wconf 86' lang='lat' dir='ltr'><strong>laturos,</strong></span> <span class='ocrx_word' id='word_1_346' title='bbox 859 2171 940 2209; x_wconf 85' lang='lat' dir='ltr'><strong>illos</strong></span> <span class='ocrx_word' id='word_1_347' title='bbox 959 2170 1083 2210; x_wconf 87' lang='lat' dir='ltr'><strong>violati</strong></span> <span class='ocrx_word' id='word_1_348' title='bbox 1111 2171 1283 2210; x_wconf 89' lang='lat' dir='ltr'><strong>dominici</strong></span> <span class='ocrx_word' id='word_1_349' title='bbox 1302 2170 1441 2211; x_wconf 89' lang='lat' dir='ltr'><strong>consilii</strong></span> <span class='ocrx_word' id='word_1_350' title='bbox 1457 2170 1593 2209; x_wconf 90' lang='lat' dir='ltr'><strong>liberos</strong></span> <span class='ocrx_word' id='word_1_351' title='bbox 1612 2182 1673 2208; x_wconf 86' lang='lat' dir='ltr'><strong>as-</strong></span> 
     </span>
    </p>
   </div>
   <div class='ocr_carea' id='block_1_9' title="bbox 209 2228 1674 2294">
    <p class='ocr_par' dir='ltr' id='par_1_9' title="bbox 209 2228 1674 2294">
     <span class='ocr_line' id='line_1_37' title="bbox 209 2228 1674 2294; baseline -0.004 -23"><span class='ocrx_word' id='word_1_352' title='bbox 209 2231 321 2272; x_wconf 85' lang='lat' dir='ltr'><strong>seruit</strong></span> <span class='ocrx_word' id='word_1_353' title='bbox 337 2230 624 2294; x_wconf 71' lang='lat' dir='ltr'><strong>renuntiandos,</strong></span> <span class='ocrx_word' id='word_1_354' title='bbox 659 2230 877 2279; x_wconf 87' lang='lat' dir='ltr'><strong>veniamque</strong></span> <span class='ocrx_word' id='word_1_355' title='bbox 895 2232 1170 2277; x_wconf 88' lang='lat' dir='ltr'><strong>consecuturos,</strong></span> <span class='ocrx_word' id='word_1_356' title='bbox 1208 2228 1272 2279; x_wconf 87' lang='lat' dir='ltr'><strong>qui</strong></span> <span class='ocrx_word' id='word_1_357' title='bbox 1288 2228 1498 2294; x_wconf 83' lang='lat' dir='ltr'><strong>proferrent</strong></span> <span class='ocrx_word' id='word_1_358' title='bbox 1519 2239 1565 2266; x_wconf 85' lang='lat' dir='ltr'><strong>ex</strong></span> <span class='ocrx_word' id='word_1_359' title='bbox 1585 2239 1674 2265; x_wconf 90' lang='lat' dir='ltr'><strong>con-</strong></span> 
     </span>
    </p>
   </div>
   <div class='ocr_carea' id='block_1_10' title="bbox 205 2341 1674 2455">
    <p class='ocr_par' dir='ltr' id='par_1_10' title="bbox 205 2341 1674 2455">
     <span class='ocr_line' id='line_1_38' title="bbox 206 2341 1674 2396; baseline -0.006 -10"><span class='ocrx_word' id='word_1_360' title='bbox 206 2346 257 2387; x_wconf 82' lang='lat' dir='ltr'><strong>ad</strong></span> <span class='ocrx_word' id='word_1_361' title='bbox 277 2344 462 2396; x_wconf 87' lang='lat' dir='ltr'><strong>legitimas</strong></span> <span class='ocrx_word' id='word_1_362' title='bbox 484 2344 632 2394; x_wconf 86' lang='lat' dir='ltr'><strong>nuptias</strong></span> <span class='ocrx_word' id='word_1_363' title='bbox 652 2341 877 2382; x_wconf 83' lang='lat' dir='ltr'><strong>convolasse.</strong></span> <span class='ocrx_word' id='word_1_364' title='bbox 934 2342 998 2394; x_wconf 90' lang='lat' dir='ltr'><strong>qui</strong></span> <span class='ocrx_word' id='word_1_365' title='bbox 1022 2354 1150 2382; x_wconf 86' lang='lat' dir='ltr'><strong>sensus</strong></span> <span class='ocrx_word' id='word_1_366' title='bbox 1179 2346 1219 2380; x_wconf 89' lang='lat' dir='ltr'><strong>ut</strong></span> <span class='ocrx_word' id='word_1_367' title='bbox 1244 2341 1454 2390; x_wconf 81' lang='lat' dir='ltr'><strong>catholicus,</strong></span> <span class='ocrx_word' id='word_1_368' title='bbox 1482 2341 1592 2381; x_wconf 90' lang='lat' dir='ltr'><strong>etiam</strong></span> <span class='ocrx_word' id='word_1_369' title='bbox 1616 2341 1674 2379; x_wconf 90' lang='lat' dir='ltr'><strong>in-</strong></span> 
     </span>
     <span class='ocr_line' id='line_1_39' title="bbox 205 2399 844 2455; baseline -0.013 -12"><span class='ocrx_word' id='word_1_370' title='bbox 205 2407 314 2455; x_wconf 81' lang='lat' dir='ltr'><strong>teger</strong></span> <span class='ocrx_word' id='word_1_371' title='bbox 327 2405 385 2442; x_wconf 88' lang='lat' dir='ltr'><strong>est</strong></span> <span class='ocrx_word' id='word_1_372' title='bbox 401 2404 440 2440; x_wconf 88' lang='lat' dir='ltr'><strong>et</strong></span> <span class='ocrx_word' id='word_1_373' title='bbox 453 2401 651 2453; x_wconf 84' lang='lat' dir='ltr'><strong>perfectus.</strong></span> <span class='ocrx_word' id='word_1_374' title='bbox 706 2399 844 2437; x_wconf 53' lang='lat' dir='ltr'><strong>Gonu.</strong></span> 
     </span>
    </p>
   </div>
   <div class='ocr_carea' id='block_1_11' title="bbox 202 2475 1673 2874">
    <p class='ocr_par' dir='ltr' id='par_1_11' title="bbox 202 2475 1673 2874">
     <span class='ocr_line' id='line_1_40' title="bbox 319 2475 1673 2533; baseline -0.006 -11"><span class='ocrx_word' id='word_1_375' title='bbox 319 2494 358 2533; x_wconf 83' lang='lat' dir='ltr'><strong>p.</strong></span> <span class='ocrx_word' id='word_1_376' title='bbox 375 2479 460 2521; x_wconf 84' lang='lat'><strong>361</strong></span> <span class='ocrx_word' id='word_1_377' title='bbox 479 2492 516 2519; x_wconf 88' lang='lat' dir='ltr'><strong>v.</strong></span> <span class='ocrx_word' id='word_1_378' title='bbox 534 2479 574 2519; x_wconf 88' lang='lat'><strong>7.</strong></span> <span class='ocrx_word' id='word_1_379' title='bbox 640 2476 803 2530; x_wconf 71' lang='lat' dir='ltr'><strong>Oblias]</strong></span> <span class='ocrx_word' id='word_1_380' title='bbox 833 2478 933 2518; x_wconf 89' lang='lat' dir='ltr'><strong>cuius</strong></span> <span class='ocrx_word' id='word_1_381' title='bbox 963 2478 1111 2529; x_wconf 88' lang='lat' dir='ltr'><strong>linguae</strong></span> <span class='ocrx_word' id='word_1_382' title='bbox 1132 2479 1204 2518; x_wconf 90' lang='lat' dir='ltr'><strong>hoc</strong></span> <span class='ocrx_word' id='word_1_383' title='bbox 1228 2477 1444 2518; x_wconf 85' lang='lat' dir='ltr'><strong>vocabulum</strong></span> <span class='ocrx_word' id='word_1_384' title='bbox 1462 2476 1509 2515; x_wconf 91' lang='lat' dir='ltr'><strong>sit</strong></span> <span class='ocrx_word' id='word_1_385' title='bbox 1528 2479 1566 2516; x_wconf 88' lang='lat' dir='ltr'><strong>et</strong></span> <span class='ocrx_word' id='word_1_386' title='bbox 1581 2475 1673 2528; x_wconf 91' lang='lat' dir='ltr'><strong>quid</strong></span> 
     </span>
     <span class='ocr_line' id='line_1_41' title="bbox 207 2532 1671 2589; baseline -0.005 -11"><span class='ocrx_word' id='word_1_387' title='bbox 207 2538 408 2589; x_wconf 73' lang='lat' dir='ltr'><strong>uignifioet‚</strong></span> <span class='ocrx_word' id='word_1_388' title='bbox 440 2549 515 2576; x_wconf 90' lang='lat' dir='ltr'><strong>non</strong></span> <span class='ocrx_word' id='word_1_389' title='bbox 540 2534 722 2586; x_wconf 86' lang='lat' dir='ltr'><strong>intelligo.</strong></span> <span class='ocrx_word' id='word_1_390' title='bbox 779 2532 972 2588; x_wconf 75' lang='grc' dir='ltr'><strong>περιοχῆν</strong></span> <span class='ocrx_word' id='word_1_391' title='bbox 1001 2538 1103 2576; x_wconf 80' lang='grc' dir='ltr'><strong><em>λαοῦ</em></strong></span> <span class='ocrx_word' id='word_1_392' title='bbox 1134 2537 1183 2575; x_wconf 90' lang='lat' dir='ltr'><strong>ad</strong></span> <span class='ocrx_word' id='word_1_393' title='bbox 1213 2536 1370 2576; x_wconf 90' lang='lat' dir='ltr'><strong>verbum</strong></span> <span class='ocrx_word' id='word_1_394' title='bbox 1399 2534 1546 2573; x_wconf 87' lang='lat' dir='ltr'><strong>reddidi</strong></span> <span class='ocrx_word' id='word_1_395' title='bbox 1570 2546 1671 2572; x_wconf 89' lang='lat' dir='ltr'><strong>com-</strong></span> 
     </span>
     <span class='ocr_line' id='line_1_42' title="bbox 204 2589 1673 2648; baseline -0.005 -13"><span class='ocrx_word' id='word_1_396' title='bbox 204 2595 350 2648; x_wconf 82' lang='lat' dir='ltr'><strong>plexum</strong></span> <span class='ocrx_word' id='word_1_397' title='bbox 369 2593 511 2647; x_wconf 88' lang='lat' dir='ltr'><strong>populi</strong></span> <span class='ocrx_word' id='word_1_398' title='bbox 564 2594 811 2631; x_wconf 85' lang='lat' dir='ltr'><strong>narrationem</strong></span> <span class='ocrx_word' id='word_1_399' title='bbox 832 2593 928 2631; x_wconf 87' lang='lat' dir='ltr'><strong>hanc</strong></span> <span class='ocrx_word' id='word_1_400' title='bbox 949 2598 1078 2632; x_wconf 84' lang='lat' dir='ltr'><strong>noster</strong></span> <span class='ocrx_word' id='word_1_401' title='bbox 1097 2597 1161 2632; x_wconf 89' lang='lat' dir='ltr'><strong>aut</strong></span> <span class='ocrx_word' id='word_1_402' title='bbox 1182 2605 1226 2631; x_wconf 88' lang='lat' dir='ltr'><strong>ex</strong></span> <span class='ocrx_word' id='word_1_403' title='bbox 1249 2591 1461 2644; x_wconf 88' lang='lat' dir='ltr'><strong>Nicephoro</strong></span> <span class='ocrx_word' id='word_1_404' title='bbox 1479 2589 1673 2642; x_wconf 86' lang='lat' dir='ltr'><strong>descripsit</strong></span> 
     </span>
     <span class='ocr_line' id='line_1_43' title="bbox 202 2645 1671 2716; baseline -0.003 -25"><span class='ocrx_word' id='word_1_405' title='bbox 202 2655 272 2691; x_wconf 73' lang='lat' dir='ltr'><strong>aut</strong></span> <span class='ocrx_word' id='word_1_406' title='bbox 286 2664 334 2690; x_wconf 84' lang='lat' dir='ltr'><strong>ex</strong></span> <span class='ocrx_word' id='word_1_407' title='bbox 345 2652 430 2716; x_wconf 84' lang='lat' dir='ltr'><strong>ipso</strong></span> <span class='ocrx_word' id='word_1_408' title='bbox 444 2650 650 2701; x_wconf 84' lang='lat' dir='ltr'><strong>EgesippO,</strong></span> <span class='ocrx_word' id='word_1_409' title='bbox 674 2662 718 2688; x_wconf 83' lang='lat' dir='ltr'><strong>ex</strong></span> <span class='ocrx_word' id='word_1_410' title='bbox 732 2663 807 2699; x_wconf 86' lang='lat' dir='ltr'><strong>quo</strong></span> <span class='ocrx_word' id='word_1_411' title='bbox 825 2663 906 2689; x_wconf 85' lang='lat' dir='ltr'><strong>eam</strong></span> <span class='ocrx_word' id='word_1_412' title='bbox 925 2649 1156 2702; x_wconf 86' lang='lat' dir='ltr'><strong>Nicephorus</strong></span> <span class='ocrx_word' id='word_1_413' title='bbox 1172 2650 1287 2688; x_wconf 80' lang='lat' dir='ltr'><strong>refert</strong></span> <span class='ocrx_word' id='word_1_414' title='bbox 1303 2649 1388 2687; x_wconf 88' lang='lat' dir='ltr'><strong>hist.</strong></span> <span class='ocrx_word' id='word_1_415' title='bbox 1400 2647 1540 2687; x_wconf 79' lang='lat' dir='ltr'><strong>Eccles.</strong></span> <span class='ocrx_word' id='word_1_416' title='bbox 1551 2648 1578 2687; x_wconf 81' lang='lat'><strong>2</strong></span> <span class='ocrx_word' id='word_1_417' title='bbox 1600 2645 1671 2687; x_wconf 84' lang='lat'><strong>38.</strong></span> 
     </span>
     <span class='ocr_line' id='line_1_44' title="bbox 202 2705 1671 2759; baseline -0.003 -13"><span class='ocrx_word' id='word_1_418' title='bbox 202 2719 318 2759; x_wconf 86' lang='lat' dir='ltr'><strong>quem</strong></span> <span class='ocrx_word' id='word_1_419' title='bbox 345 2708 378 2746; x_wconf 85' lang='lat' dir='ltr'><strong>si</strong></span> <span class='ocrx_word' id='word_1_420' title='bbox 402 2707 586 2746; x_wconf 88' lang='lat' dir='ltr'><strong>Graecum</strong></span> <span class='ocrx_word' id='word_1_421' title='bbox 608 2706 840 2755; x_wconf 87' lang='lat' dir='ltr'><strong>habuissem,</strong></span> <span class='ocrx_word' id='word_1_422' title='bbox 870 2707 1071 2758; x_wconf 82' lang='lat' dir='ltr'><strong>potuissem</strong></span> <span class='ocrx_word' id='word_1_423' title='bbox 1091 2706 1256 2758; x_wconf 90' lang='lat' dir='ltr'><strong>plurimis</strong></span> <span class='ocrx_word' id='word_1_424' title='bbox 1276 2706 1398 2745; x_wconf 85' lang='lat' dir='ltr'><strong>locis</strong></span> <span class='ocrx_word' id='word_1_425' title='bbox 1389 2718 1426 2743; x_wconf 87' lang='lat' dir='ltr'><strong>m</strong></span> <span class='ocrx_word' id='word_1_426' title='bbox 1450 2705 1671 2754; x_wconf 87' lang='lat' dir='ltr'><strong>corrigendo</strong></span> 
     </span>
     <span class='ocr_line' id='line_1_45' title="bbox 203 2757 1672 2832; baseline -0.002 -29"><span class='ocrx_word' id='word_1_427' title='bbox 203 2765 384 2803; x_wconf 88' lang='lat' dir='ltr'><strong>Cedreno</strong></span> <span class='ocrx_word' id='word_1_428' title='bbox 410 2764 599 2803; x_wconf 82' lang='lat' dir='ltr'><strong>adhibere.</strong></span> <span class='ocrx_word' id='word_1_429' title='bbox 629 2763 735 2804; x_wconf 76' lang='grc' dir='ltr'><strong>Χῖι..</strong></span> <span class='ocrx_word' id='word_1_430' title='bbox 793 2763 1021 2832; x_wconf 87' lang='lat' dir='ltr'><strong>Epiphanius</strong></span> <span class='ocrx_word' id='word_1_431' title='bbox 1055 2763 1212 2803; x_wconf 89' lang='lat' dir='ltr'><strong>Haeresi</strong></span> <span class='ocrx_word' id='word_1_432' title='bbox 1239 2763 1296 2804; x_wconf 88' lang='grc'><strong>78</strong></span> <span class='ocrx_word' id='word_1_433' title='bbox 1328 2775 1365 2801; x_wconf 87' lang='grc' dir='ltr'><strong>ιι</strong></span> <span class='ocrx_word' id='word_1_434' title='bbox 1394 2764 1444 2803; x_wconf 92' lang='lat'><strong>7:</strong></span> <span class='ocrx_word' id='word_1_435' title='bbox 1484 2758 1570 2830; x_wconf 72' lang='grc' dir='ltr'><strong>ἔσχε</strong></span> <span class='ocrx_word' id='word_1_436' title='bbox 1597 2757 1672 2812; x_wconf 72' lang='grc' dir='ltr'><strong>μὲν</strong></span> 
     </span>
     <span class='ocr_line' id='line_1_46' title="bbox 204 2813 1671 2874; baseline -0.003 -12"><span class='ocrx_word' id='word_1_437' title='bbox 204 2835 282 2862; x_wconf 86' lang='grc' dir='ltr'><strong>ουν</strong></span> <span class='ocrx_word' id='word_1_438' title='bbox 308 2819 333 2862; x_wconf 79' lang='grc' dir='ltr'><strong><em>ὁ</em></strong></span> <span class='ocrx_word' id='word_1_439' title='bbox 356 2816 503 2874; x_wconf 77' lang='grc' dir='ltr'><strong><em>Ἰωσήφ</em></strong></span> <span class='ocrx_word' id='word_1_440' title='bbox 533 2817 784 2874; x_wconf 80' lang='grc' dir='ltr'><strong><em>πρωτὸτοκον</em></strong></span> <span class='ocrx_word' id='word_1_441' title='bbox 813 2817 880 2862; x_wconf 85' lang='grc' dir='ltr'><strong>τὸν</strong></span> <span class='ocrx_word' id='word_1_442' title='bbox 899 2815 1093 2873; x_wconf 79' lang='grc' dir='ltr'><em>Ἰάκωβον</em></span> <span class='ocrx_word' id='word_1_443' title='bbox 1112 2816 1184 2862; x_wconf 80' lang='grc' dir='ltr'><strong>τὸν</strong></span> <span class='ocrx_word' id='word_1_444' title='bbox 1202 2816 1472 2872; x_wconf 66' lang='grc' dir='ltr'><strong>ἐπικληθέντα</strong></span> <span class='ocrx_word' id='word_1_445' title='bbox 1495 2813 1671 2871; x_wconf 81' lang='grc' dir='ltr'><strong>Ὀβλίαι,</strong></span> 
     </span>
    </p>
   </div>
  </div>
 </body>
</html>
