1890 3236
315 198 416 246 256
792 195 1030 243 GEORGn
1059 197 1304 245 CEDRENI

309 311 578 364 ἐξαπέστειλεν
598 310 655 361 εἷς
674 310 748 366 τὴν
767 306 922 354 τούτων
942 307 1146 367 ἓξώνησιν.
1212 313 1443 368 &pava-‘hig
1464 306 1536 358 οὖν
1555 311 1579 358 ὅ
1602 314 1774 372 Συμεών

310 382 380 424 διὰ
413 384 484 423 τοῦ
514 380 779 435 δρουγγαρίου
799 378 1036 422 Εὖσταθίου
1058 379 1130 423 τὸν
1148 381 1321 435 βασιλέα
1343 382 1488 425 ἱκέτευε
1507 384 1599 440 περὶ
1617 389 1694 439 τῆς
1713 385 1772 428 εἲ-

309 448 453 506 ρήνης·
498 447 600 502 πρὸς
637 445 689 502 ἢν
726 445 888 498 ὗπεῖξεν
925 445 946 491 ὃ
985 447 1198 502 βασιλεύς,
1241 451 1308 492 καὶ
1343 449 1414 493 τὸν
1451 450 1770 509 Χοιροσφᾶκτην

307 517 474 560 Λέοντα
491 516 554 557 ἐπὶ
574 518 634 573 τῷ
652 513 908 569 ποιήσασθαι
927 516 1173 568 ἐξαπέστειλε
1191 517 1266 568 τὰς
1283 515 1483 570 σπονδάς,
1517 521 1584 562 καὶ
1605 517 1628 562 ὃ
1647 520 1771 575 δομέ-

308 601 444 635 στικος
471 587 552 626 τῶν
577 586 734 637 σχολῶν
755 581 776 625 ὃ
801 587 952 636 Φωκεῖς
966 588 1033 628 καὶ
1052 583 1073 628 ὅ
1096 583 1362 643 ὄρουγγάριος
1383 585 1639 645 ὑποστρέψαι
1665 589 1801 643 peras,

307 657 381 696 τοῦ
417 655 520 695 λαοῦ
550 650 861 707 ἐκελεύσθησαν.
929 651 951 696 ὃ
989 655 1034 697 δὲ
1059 653 1228 709 Συμεών
1253 653 1488 698 ἀπελθόντα
1517 656 1622 714 πρὸς
1646 656 1771 701 αὖτόν
1799 703 1802 706 Α

306 721 378 764 τὸν
402 717 722 778 Χοιροσφάκτην
745 722 912 764 Λέοντα
933 722 975 765 ἓν
997 723 1132 780 εἱρκτῇ
1153 724 1319 778 κατέσχε
1329 755 1344 776 ,
1377 724 1482 780 μηδὲ
1503 723 1624 781 λόγου
1646 725 1771 770 αὐτὸν

307 787 499 840 ἀξιώσας.
569 788 864 844 ἐκστρατεύσας
893 790 937 833 δὲ
966 795 1092 847 βαρεῖ
1120 796 1283 850 στρατῷ
1311 792 1415 835 κατὰ
1443 797 1525 836 τῶν
1557 792 1769 852 Τούρκων,

254 870 283 905 Β
306 858 364 913 μὴ
385 856 627 912 δυνηθέντος
644 861 716 899 τοῦ
732 858 932 912 βασιλέως
947 860 1016 903 διὰ
1033 860 1079 903 τὸ
1099 860 1300 918 αι’φνίὸιόν
1311 878 1360 920 ,τε
1377 863 1443 904 καὶ
1465 861 1768 919 ἀπροσδόκητον

303 925 507 982 βοήθειαν
536 926 673 976 αὐτοῖς
697 933 939 984 παρασχεῖν,
970 927 1118 980 αὐτούς
1150 947 1192 972 τε
1224 930 1422 985 ἐτρέψατο
1444 931 1512 973 καὶ
1531 930 1606 986 τὴν
1623 930 1767 990 χώραν
1778 939 1822 975 10

303 999 440 1038 πᾶσαν
479 994 717 1052 κατέδραμε.
783 1000 961 1052 γαυριῶν
990 997 1034 1040 ‹5'
1071 998 1134 1039 ἐπὶ
1167 1003 1218 1055 τῇ
1244 1000 1333 1056 νίκῃ
1365 1000 1432 1041 καὶ
1463 998 1768 1056 φρυαττόμενος

302 1062 458 1120 ἔγραψε
490 1062 592 1119 πρὸς
622 1063 693 1106 τὸν
720 1064 892 1117 βασιλέα
919 1065 978 1120 μὴ
1011 1065 1205 1123 πρότερον
1233 1071 1398 1122 ποιῆσαι
1421 1066 1581 1124 εῗρήνην
1601 1070 1696 1127 πρὶν
1716 1068 1766 1112 ἄν

301 1129 595 1186 ἀπολήψεσθαι
623 1132 720 1183 τοὺς
747 1131 1030 1187 αἰχμαλώτους
1047 1133 1322 1192 Βουλγάρους.
1388 1136 1569 1180 ἐπένευσε
1593 1137 1640 1180 δὲ
1663 1137 1766 1195 πρὸς

299 1205 419 1244 τοῦτο
452 1199 474 1242 ὃ
505 1199 708 1253 βασιλεύς.
777 1196 904 1256 ἦλθεν
931 1197 1002 1246 οὖν
1027 1203 1132 1258 μετὰ
1157 1208 1230 1246 τοῦ
1251 1198 1764 1262 Χοιροσφάκτααθεόδω-

300 1267 372 1327 ρός
390 1286 451 1320 τις
470 1270 612 1320 οῗκεΐος
631 1268 689 1312 ὢν
704 1273 764 1329 τῷ
780 1269 975 1325 Συμεών,
1008 1273 1075 1314 καὶ
1097 1271 1337 1330 παρειλήφει
1357 1270 1527 1324 πάντας.
1774 1276 1818 1313 15

432 1357 608 1414 Ἐξόχως
637 1360 682 1402 δὲ
710 1359 780 1403 τὸν
811 1361 1045 1416 δομέστικον
1068 1360 1308 1421 Νικηφόρον
1327 1362 1397 1406 τὸν
1421 1365 1572 1407 Φωκᾶν
1591 1360 1671 1406 ὖπὸ
1688 1360 1764 1408 τοῦ

298 1429 498 1483 βασιλέως
524 1427 786 1484 ἀγαπώμενον
813 1427 834 1472 ὅ
859 1430 1167 1489 βασιλεοπάτωρ
1186 1433 1395 1484 Ζαουτζᾶς
1412 1432 1598 1490 γαμβρὸν
1615 1431 1763 1476 ἐσπού-

248 1509 280 1543 c
305 1499 399 1549 δαζε
415 1502 594 1549 ποιῆσαι.
641 1497 958 1552 ἀπαναινομένου
977 1500 1022 1542 δὲ
1036 1499 1138 1556 πρὸς
1151 1505 1268 1543 τοῦτο
1287 1502 1353 1542 καὶ
1372 1500 1495 1557 ὀργὴν
1515 1499 1762 1544 ’ὑποπτεύον-

297 1583 368 1616 τος
393 1565 436 1607 ἐκ
464 1566 683 1619 βασιλέως,
718 1569 935 1621 θυμωθεὶς
965 1565 986 1611 ὅ
1018 1570 1229 1621 Ζαουτζᾶς
1258 1570 1326 1610 καὶ
1358 1570 1491 1612 αι’τιάν
1514 1569 1609 1612 κατ’
1633 1569 1760 1612 αὐτοῦ

301 1632 443 1691 ῥάψας
473 1634 671 1691 παρέλυσε
703 1639 846 1678 τοῦτον
873 1639 947 1691 τῆς
976 1635 1128 1692 ἀρχῆς,
1170 1635 1473 1695 προβαλόμενος
1503 1637 1595 1681 ἀντ’
1632 1637 1815 1681 αὗτοῦΞΟ

299 1702 556 1746 Κατακαλὼν
584 1701 807 1760 μάγιστρον
837 1703 908 1747 τὸν
932 1706 1164 1760 Ἅβίόηλαν.
1233 1705 1298 1747 ἐπ’
1334 1705 1466 1762 ὀλίγον
1490 1706 1535 1749 δὲ
1557 1705 1760 1760 σχολάσας

297 1768 320 1814 ὅ
346 1769 583 1829 Νικηφόρος
601 1772 825 1829 στρατηγὸς
843 1777 923 1816 τῶν
945 1773 1188 1834 Θρακησίων
1206 1772 1490 1830 προβάλλεται.
1558 1774 1761 1833 ἀριστείας

388 1898 613 1993 ιὸῃᾶρῖἕῗαίζιᾶς
633 1912 688 1936 om
712 1901 744 1937 C
906 1903 950 1939 11
973 1899 1216 1949 ἐπαιρόμενος
1237 1914 1356 1951 margo
1377 1904 1407 1940 P
1569 1903 1615 1940 19
1635 1901 1760 1945 αἰτίας

292 2063 457 2106 perator,
492 2059 658 2106 civesque
679 2071 761 2095 suos
783 2063 934 2106 emptum
957 2060 1079 2099 mittit.
1125 2061 1268 2096 Simeon
1291 2061 1422 2097 fractus
1446 2072 1511 2108 per
1532 2061 1756 2107 drongarium

293 2106 515 2141 Eustathium
540 2118 658 2152 pacem
683 2107 727 2141 ab
750 2105 963 2152 imperatore
985 2107 1089 2153 petit.
1136 2107 1167 2142 is
1201 2120 1274 2142 eam
1301 2108 1496 2142 concedens
1518 2108 1671 2142 Leonem
1694 2121 1756 2143 co·-

292 2152 455 2197 gnomine
477 2152 794 2197 Choerosphactam
820 2153 1035 2197 (occisorem
1084 2153 1158 2188 orci
1180 2153 1217 2188 id
1240 2153 1441 2199 significat)
1467 2155 1511 2189 ad
1533 2153 1756 2189 condiciones

291 2198 389 2244 pacis
422 2197 553 2233 dandas
583 2197 873 2244 accipiendasque
895 2198 1021 2242 mittit,
1086 2199 1206 2234 hocam
1237 2200 1431 2235 scholarum
1462 2200 1686 2235 domesticum
1720 2204 1757 2235 et

291 2243 514 2288 drungarium
546 2255 622 2278 cum
653 2244 765 2290 copiis
791 2245 927 2279 domum
956 2244 1073 2279 redire
1104 2246 1214 2280 iubet.
1261 2246 1402 2280 Simeon
1429 2246 1474 2281 ad
1496 2257 1536 2280 se
1556 2244 1757 2280 venientem

291 2290 600 2335 Choerosphacten
623 2302 668 2324 ne
691 2290 841 2336 alloquio
865 2290 1003 2336 quidem
1028 2291 1189 2336 dignatus
1213 2291 1249 2325 in
1278 2303 1449 2326 carcerem
1470 2291 1625 2327 coniicit.
1673 2291 1757 2326 inde

291 2347 413 2380 magno
441 2347 516 2370 cum
542 2336 697 2370 exercitu
719 2336 756 2371 in
780 2336 918 2371 'rureos
937 2338 1033 2372 facta
1059 2337 1300 2383 expeditione,
1335 2349 1411 2372 cum
1445 2338 1490 2372 ob
1524 2337 1673 2373 subitam
1699 2337 1756 2371 in-

290 2387 535 2427 speratamque
570 2393 653 2421 rem,
675 2381 806 2417 auxilia
841 2381 892 2416 eis
924 2383 1063 2417 mittere
1094 2383 1286 2430 imperator
1314 2395 1383 2418 non
1404 2387 1543 2429 posset,
1577 2384 1615 2418 in
1638 2384 1755 2428 fugam

290 2439 351 2461 eos
384 2427 503 2472 pellit,
536 2438 723 2473 eorumque
752 2427 931 2473 regionem
955 2440 1087 2463 omnem
1109 2430 1354 2474 depraedatur.
1402 2441 1476 2464 eam
1503 2430 1548 2463 ob
1571 2429 1756 2464 victoriam

288 2473 465 2508 ferociens
490 2473 534 2507 ad
558 2472 804 2519 imperatorem
829 2474 969 2519 scribit,
1006 2486 1045 2509 se
1070 2487 1189 2521 pacem
1217 2487 1286 2509 non
1308 2476 1476 2510 facturum
1508 2474 1577 2509 nisi
1598 2473 1753 2520 receptis

289 2518 439 2563 captivis
463 2519 637 2563 Bulgaris.
684 2520 721 2554 id
753 2531 892 2566 quoque
922 2520 1126 2555 admittente
1149 2521 1380 2565 imperatore,
1414 2520 1512 2555 venit
1536 2531 1611 2554 cum
1635 2520 1754 2554 Choe-

289 2565 474 2608 rosphacta
504 2565 714 2599 Theodorus
745 2567 884 2611 quidam
917 2566 1090 2602 Simeonis
1122 2566 1329 2612 familiaris,
1370 2570 1406 2602 et
1439 2565 1600 2612 captivos
1634 2575 1753 2600 omnes

289 2608 451 2644 dimissos
473 2610 608 2646 domum
631 2612 787 2646 abducit.
1672 2614 1673 2617 ’

382 2677 487 2711 Circa
509 2678 575 2712 hoc
597 2682 730 2724 tempus
752 2679 988 2727 Nicephorum
1008 2679 1159 2716 Phocam
1180 2679 1423 2723 domesticum,
1445 2678 1647 2724 imperatori
1667 2690 1751 2724 per-

289 2733 427 2768 carum,
451 2724 600 2757 Zautzas
624 2736 785 2768 generum
810 2738 907 2761 suum
930 2728 1048 2761 facere
1072 2726 1223 2768 studuit3
1248 2731 1284 2760 et
1303 2730 1541 2769 recusantem,
1565 2726 1659 2770 quod
1677 2736 1751 2759 me-

288 2773 404 2803 tueret
427 2781 470 2803 ne
493 2781 534 2803 eo
559 2770 652 2804 facto
673 2772 893 2816 imperatoris
917 2772 1190 2817 indignationem
1213 2772 1428 2814 incurreret,
1467 2770 1578 2805 iratus
1602 2771 1751 2806 conficto

288 2813 432 2849 crimine
455 2826 519 2848 sua
542 2815 720 2850 functione
745 2818 914 2862 detrusit,
938 2818 1041 2863 eique
1064 2817 1205 2853 suffecit
1226 2816 1415 2851 Catacalon
1437 2816 1618 2851 Abidelam
1640 2816 1753 2861 magi-

286 2865 408 2896 strum.
454 2860 674 2906 Nicephorus
706 2873 782 2898 cum
807 2875 877 2898 non
909 2863 971 2899 diu
1001 2863 1038 2898 in
1070 2864 1143 2899 otio
1175 2862 1344 2908 vixisset,
1379 2873 1459 2897 mox
1489 2862 1752 2898 Thracensibus
