1890 3236
319 187 416 234 928
440 179 444 182 ’
921 183 1168 229 FABROTI

317 294 388 345 τοὶς
410 293 613 347 ἐκκλησίας
633 291 908 346 ἐπραίδευσαν.
942 293 1023 335 Leo
1041 293 1149 334 Tact.
1167 308 1200 334 c.
1219 295 1271 337 17
1294 293 1320 347 §
1338 294 1407 338 85.
1444 295 1636 336 Constant.
1652 295 1760 337 Tact.

317 367 355 406 p.
376 353 442 394 25.
497 352 582 390 hinc
599 351 748 403 πραῖδα
766 352 903 403 praeda
924 351 1080 390 Ioannes
1098 351 1268 390 Moschus
1288 351 1487 391 Limonarii
1503 365 1537 392 c.
1558 351 1656 396 16⁵2
1675 368 1732 406 τη
1724 350 1761 394 ’ν

317 409 490 461 πραῖδαν
508 406 736 458 πεποίηκεν.
794 408 834 447 S.
855 406 1106 446 Athanasius·
1097 421 1135 446 ιιι
1158 409 1263 459 epist.
1281 409 1331 446 acl
1351 409 1558 447 Africanos·
1585 407 1644 456 εἰς
1662 408 1761 464 πρέ-

317 465 392 504 dcxv
413 462 557 503 δέδωκε
576 477 650 513 την
672 462 891 514 ἐκκλησίαν
947 464 1013 502 sed
1032 465 1154 516 scripti
1171 465 1311 504 codices
1330 465 1466 503 habent
1484 464 1696 518 πραῖδαν.·
1716 478 1760 506 v.

314 520 538 559 Glossarium
561 518 787 557 Nomicum'
777 531 815 557 m
841 532 884 559 ea
906 519 1076 559 dictione.
1670 552 1677 565 ,
1747 546 1754 554 ’-

423 570 767 643 πραιπόσιτος
803 577 1046 627 praepositus.
1101 575 1256 614 Basilius
1283 575 1322 614 in
1348 576 1615 618 Grammatica:
1641 591 1762 628 πραι-

311 627 469 678 πόσιτος
489 627 532 670 τὸ
556 624 722 684 ἀξίωμα.
776 633 1068 684 praepositorum
1084 631 1281 683 appellatio
1302 631 1477 671 latissima
1495 637 1562 672 est.
1601 632 1761 673 Ammia-
1781 651 1784 654 ·

311 700 379 726 nus
407 686 638 726 Marcellinus
667 687 828 726 meminit
857 688 1055 740 praepositi
1082 688 1254 736 cubiculi,
1304 688 1487 736 fabricae,
1523 688 1760 728 Martensium

310 745 483 790 militum,
521 746 712 792 monetae,
749 742 855 794 Tyrii
880 745 1037 783 textrini.
1095 745 1143 783 de
1164 744 1374 795 praeposito
1395 744 1546 783 cubiculi
1564 745 1686 784 titulus
1705 746 1762 784 es't

310 799 338 838 l.
366 801 417 841 12
442 798 533 837 cod.
558 799 820 849 philostorgius
846 800 945 839 Hist.
969 800 1108 840 Eccles.
1136 801 1187 841 11
1221 798 1268 840 4.
1310 814 1384 850 την
1402 803 1478 840 τοῦ
1497 801 1759 852 πραιποσίτου

312 870 431 908 τιμην
462 850 631 907 ἅναβοῖς.
696 860 776 895 erat
805 859 843 894 et
872 857 1100 908 praepositus
1129 856 1435 894 cubiculariorum.
1490 857 1760 909 Theophanes.

313 908 572 964 πραιπόσιτος
600 925 681 951 των
710 912 1063 964 κουβικουλαρίων.
1120 913 1168 951 de
1197 913 1408 963 praeposito
1442 911 1604 952 laborum
1638 913 1760 952 titulus

316 972 372 1007 est
392 968 492 1009 l.12
513 968 609 1008 Cod.
631 971 668 1006 et
686 970 913 1020 praepositus
941 969 1074 1020 palatii.
1130 968 1388 1007 Marcellinus
1379 981 1417 1006 ιιι
1438 961 1614 1008 Chronico
1636 974 1674 1009 et
1691 983 1760 1008 au-

315 1027 393 1062 ctor
417 1025 577 1063 incertus
603 1024 698 1063 vitae
718 1024 757 1062 S.
778 1024 986 1063 Athanasii:
1021 1023 1089 1064 και
1108 1023 1149 1064 ἐν
1171 1028 1252 1071 τοῖς
1269 1024 1480 1091 βασιλείοις
1496 1021 1760 1076 πραιπόσιτον

315 1078 582 1148 ὖποφθείρας.
638 1080 794 1118 Ioannes
822 1080 972 1119 Malcla:
1009 1080 1076 1120 καὶ
1105 1078 1175 1121 τὸν
1202 1076 1459 1132 πραιπόσιτον
1475 1084 1550 1121 τοῦ
1568 1083 1760 1123 nai-auton

318 1131 443 1177 αυτοῦ
474 1132 660 1176 Ροδανόν
693 1133 820 1188 ἄνδρα
841 1134 1046 1178 δυνατὸν’
1031 1134 1127 1177 ὄντα
1149 1135 1216 1176 καὶ
1240 1133 1413 1190 εὔπορον
1437 1137 1505 1178 καὶ
1535 1138 1762 1179 διοικοῦντα

316 1190 361 1232 τό
395 1189 587 1233 παλάτιον
618 1208 671 1240 ως
695 1196 852 1244 πρῶτον
887 1190 985 1233 ὄντα
1017 1189 1296 1245 ἆρχιευνοῦχον
1325 1191 1392 1232 καὶ
1421 1191 1464 1233 ἐν
1489 1191 1636 1248 μεγάλῃ
1663 1195 1762 1250 τιμῇ

318 1246 425 1289 ὄντα.
482 1262 590 1300 quem
618 1245 882 1301 πραιπόσιτον
899 1252 971 1301 τῆς
994 1246 1119 1301 αὐλῆς
1140 1253 1244 1288 vocat
1274 1250 1396 1288 Simeo
1417 1249 1686 1302 Metaphrastes
1711 1262 1760 1289 m.

315 1306 421 1356 Sept.
452 1305 490 1342 in
520 1305 686 1343 Eudoxio
709 1309 746 1343 et
769 1305 938 1343 Romulo.
976 1307 1206 1357 praepositus
1232 1305 1496 1344 thesaurorum.
1535 1307 1578 1344 S.
1603 1306 1759 1344 Basilius

314 1364 422 1413 epist.
449 1358 550 1403 264:
593 1358 668 1414 ἐγω
696 1359 764 1401 καὶ
793 1357 858 1402 διὰ
889 1364 962 1402 τοῦ
990 1359 1175 1414 βικαρίόυ
1204 1364 1276 1413 τῆς
1301 1356 1461 1416 Θρᾴκης
1485 1359 1684 1402 ἐπέστειλα
1709 1363 1760 1417 τῇ

311 1417 524 1471 θεοσεβείᾳ
544 1428 615 1457 σου
635 1414 706 1457 διοί
724 1431 832 1465 τινος
852 1418 1112 1472 πραιποσίτου
1131 1432 1228 1458 κατα
1253 1419 1453 1458 Φιλίππου
1469 1413 1584 1459 πόλιν
1600 1422 1761 1470 ’θησαυ-

313 1489 407 1526 ρων.
466 1477 570 1511 erant
598 1477 636 1512 et
658 1475 857 1525 praepositi
885 1475 1056 1521 militum,
1085 1475 1132 1513 de
1155 1475 1286 1525 quibus
1304 1474 1385 1515 inl.
1409 1476 1434 1515 3
1454 1472 1480 1526 ὅ
1499 1474 1566 1515 ult.
1585 1478 1623 1514 et
1639 1475 1664 1512 1.
1683 1476 1710 1516 6
1733 1471 1760 1525 5

311 1530 376 1568 ult.
398 1530 447 1568 D.
462 1530 510 1567 de
529 1542 570 1567 re
584 1528 688 1568 milit.
708 1530 850 1568 Rusus'
841 1543 879 1568 ιιι
898 1530 965 1569 LL
988 1531 1218 1569 militaribus:
1257 1526 1327 1570 ἐάν
1345 1544 1404 1577 τις
1420 1532 1667 1582 στρατιωτῶν
1683 1534 1762 1582 χεῖ-

311 1600 382 1639 ρας
399 1582 569 1639 ἐπιβάλῃ
586 1587 641 1638 τῷ
663 1585 751 1640 ἰδίῳ
771 1587 1041 1640 πραιποσίτῳ,
1079 1588 1302 1634 κεφαλικῶς
1321 1586 1584 1638 τιμωρείσθω.
1640 1587 1760 1625 dicam

310 1642 452 1694 plenius
476 1642 524 1679 ad
547 1642 723 1680 lulianum
743 1641 1021 1681 Antecessorem
1041 1646 1078 1682 et
1098 1643 1321 1680 Glossarium
1341 1641 1542 1680 Nominum.

423 1711 485 1748 πρ
500 1712 524 1736 α
536 1711 581 1736 ιτ
595 1693 625 1736 ὥ
637 1712 658 1762 ρ
671 1713 717 1738 ιο
729 1712 754 1737 ν
779 1699 1014 1750 praetorium,
1044 1711 1112 1764 pro
1131 1699 1310 1736 auditorio
1330 1699 1500 1746 iudicum,
1528 1697 1586 1736 vel
1605 1697 1758 1736 aedibus

311 1753 510 1806 praetoris,
537 1754 759 1805 principum,
787 1754 844 1793 vel
860 1767 985 1794 eorum
1003 1755 1066 1805 qui
1083 1755 1121 1793 in
1138 1754 1258 1804 aliqua
1274 1757 1457 1805 potestate
1477 1757 1561 1791 sunt
1581 1753 1673 1792 civili
1694 1758 1761 1791 aut

311 1810 477 1848 custodia
498 1822 562 1847 seu
582 1809 661 1848 loco
679 1822 751 1860 quo
770 1811 823 1849 rei
841 1812 1112 1850 coercebantur.
1173 1811 1222 1848 de
1253 1810 1434 1848 auditorio
1451 1810 1607 1848 iudicum
1624 1810 1761 1861 passim

312 1866 542 1904 observatum
574 1869 642 1903 est.
702 1867 751 1904 de
772 1867 923 1905 aedibus
941 1867 1119 1918 praetoris
1138 1865 1393 1917 Nicephorus
1384 1878 1422 1904 ιιι
1440 1865 1627 1904 Breviario
1643 1865 1760 1903 histo-

312 1922 405 1960 rico:
432 1921 488 1968 εἰς
505 1936 548 1960 το
567 1916 812 1974 πραιτώριον
832 1919 999 1962 ἄνεισιν.
1056 1923 1104 1961 de
1128 1921 1264 1974 palatio
1282 1922 1453 1973 principis
1476 1922 1520 1960 B.
1541 1921 1762 1972 Chrysosto-

313 1990 393 2015 mus
413 1978 450 2015 in
471 1978 659 2028 epistolam
678 1977 780 2016 Pauli
798 1980 846 2017 ad
851 1978 1018 2044 Philipp.
1040 1991 1071 2018 c.
1096 1979 1119 2019 1
1145 1978 1243 2016 hom.
1266 1981 1316 2019 2:
1357 1976 1400 2017 ἐν
1417 1975 1494 2031 όλῳ
1512 1979 1569 2030 τῷ
1585 1991 1761 2029 πραιτω-

316 2034 408 2087 ρίῳ·
437 2031 535 2081 τέως
555 2048 629 2086 γαρ
650 2029 776 2082 ου’τως
793 2029 959 2075 ἐκάλουν
977 2050 1025 2074 τα
1047 2034 1235 2086 βασίλεια.
1289 2017 1586 2085 Theophylactus
1603 2034 1760 2071 ibidem·

315 2091 388 2129 τοῦ
408 2090 664 2157 πραιτωρίου,
691 2090 863 2131 τουτέστι
881 2094 962 2130 ταῖν
981 2091 1201 2159 βασιλείων.
1258 2093 1376 2128 exstat
1395 2090 1618 2140 epigramma
1640 2089 1760 2127 Silen-

316 2145 458 2184 tiariil.
481 2142 508 2186 4
532 2140 674 2185 ἆνθολ.
699 2160 733 2186 c.
754 2150 807 2188 23
830 2149 945 2214 epigr.
974 2147 1026 2187 10
1065 2146 1121 2194 εἰς
1152 2161 1195 2186 το
1229 2143 1327 2197 μέγα
1349 2141 1602 2214 πραιτώριον.
1658 2145 1760 2183 con-

318 2202 497 2239 stantinus
517 2202 563 2240 tle
582 2202 693 2240 them.
717 2204 738 2243 1
759 2203 810 2242 th.
831 2201 909 2244 14
899 2217 938 2242 ιιι
957 2203 1068 2241 Samo
1085 2202 1220 2241 insula·
1249 2199 1274 2242 o‘
1298 2199 1341 2241 δὲ
1364 2198 1572 2255 στρατηγὸς
1593 2202 1667 2240 τοῦ
1685 2198 1761 2240 θέ-

316 2271 437 2309 ματος
464 2254 590 2309 αυτην
616 2257 724 2310 ε’λαχε
742 2254 935 2312 Σμυρνην
956 2274 1030 2311 την
1050 2254 1169 2300 πόλιν
1189 2272 1443 2311 πραιτωριον.
1498 2258 1547 2295 de
1540 2257 1759 2324 praetorio

315 2326 391 2363 quo
410 2313 462 2351 rei
483 2314 725 2365 continentur,
754 2315 1002 2365 Menologium
1025 2315 1203 2354 Graecum
1219 2327 1266 2352 m.
1286 2312 1398 2365 Apr.:
1438 2311 1507 2352 καὶ
1529 2308 1659 2365 ωσπερ
1678 2310 1759 2351 τινὶ

313 2371 396 2408 τῶν
425 2366 660 2423 κακούργων
693 2370 874 2424 περιθεις
906 2367 1015 2426 αὕτῳ
1043 2367 1156 2411 κλοια
1189 2369 1232 2410 ἐν
1263 2372 1322 2424 τῷ
1356 2368 1580 2439 πραιτωρίῳ
1614 2369 1759 2408 τοῦτον

314 2426 527 2478 κατεῖρξεν.
584 2427 763 2477 Georgius
783 2427 1045 2466 Alexandrinus
1068 2429 1106 2466 in
1124 2427 1198 2464 vita
1214 2426 1477 2475 Chrysostomi:
1520 2423 1543 2464 o‘
1563 2421 1642 2464 δὲ’
1625 2421 1759 2476 ἄρχων

314 2478 556 2533 παραλαβων
580 2496 675 2530 τους
706 2478 878 2536 ἄσκητοῖς
904 2482 1086 2524 ἐνέδυσεν
1114 2497 1261 2530 αυτους
1294 2478 1429 2534 ἱμάτια
1458 2479 1526 2520 καὶ
1557 2476 1764 2533 ἐπήγαγεν

316 2536 373 2584 εἰς
388 2534 430 2577 τὰ
449 2552 700 2606 πραιτωριον.

425 2607 486 2643 πρ
498 2594 546 2644 ιβ
556 2609 608 2632 ατ
619 2591 646 2632 α’
655 2609 676 2646 ρ
689 2609 765 2634 ιον
793 2595 1110 2660 quemadmmlum,
1131 2594 1247 2644 inquit
1264 2594 1319 2632 vir
1334 2591 1618 2632 eruditissimus
1608 2603 1644 2629 ιιι
1662 2593 1758 2655 post.

316 2661 368 2695 n.,
395 2648 593 2699 imperator
612 2650 741 2688 habuit
762 2652 891 2702 privati
908 2652 1036 2693 aerarii
1058 2651 1290 2701 praefectum,
1319 2662 1427 2700 quem
1449 2646 1602 2700 κόμητα
1615 2641 1758 2698 πριβα-

317 2718 396 2742 των
413 2705 668 2755 appellabant,
709 2710 751 2744 ut
774 2708 872 2758 apud
901 2708 941 2747 S.
964 2708 1077 2747 Basil.
1106 2707 1143 2744 in
1161 2706 1322 2756 inscript.
1351 2705 1455 2771 epist.
1485 2704 1567 2746 415
1596 2707 1633 2741 et
1660 2701 1757 2750 423,

319 2759 517 2798 Concilium
534 2761 703 2800 Chalced·
721 2766 792 2802 act.
816 2765 857 2804 1.
885 2759 1013 2814 κόμης
1032 2777 1111 2802 των
1134 2763 1258 2802 θείων
1276 2775 1514 2814 πριουατων,
1544 2760 1591 2797 de
1608 2771 1680 2808 quo
1698 2760 1759 2796 et-

319 2815 391 2854 iam
409 2815 495 2855 alibi
510 2817 596 2868 dixi,
612 2817 663 2856 ita
677 2822 714 2857 et
726 2818 876 2858 ecclesia
890 2832 973 2858 suos
986 2819 1203 2872 privatarios
1221 2831 1285 2858 seu
1301 2816 1548 2870 gazophylacii
1561 2813 1759 2867 praesides·
