1916 3210
307 181 406 228 880
730 179 1022 224 XYLANDRI
1052 180 1125 223 ET
1161 179 1334 223 GOARI

307 303 471 342 servum,
500 290 540 329 id
567 291 623 329 est
648 288 832 328 subditum
839 317 851 338 ‚
880 289 950 327 fuit
974 288 1181 340 professus,
1210 291 1251 327 at
1276 299 1352 328 non
1379 287 1451 328 alio
1473 291 1662 343 proposito
1687 291 1760 331 nisi

308 354 348 389 ut
366 351 404 387 in
421 347 552 386 Anium
568 346 796 396 lberiamque
813 349 1032 397 perpetuum
1051 345 1122 384 sibi
1139 345 1343 384 vindicaret
1361 346 1614 398 principatum.
1654 348 1761 400 isque

308 405 568 444 Constantinus
595 403 755 454 pariter,
782 401 945 452 magistri
971 401 1152 452 dignitate
1171 402 1212 439 in
1230 401 1313 440 aula
1333 402 1396 441 ΟΡ
1411 406 1628 453 provectus,
1652 403 1760 443 simul

305 465 426 513 potuit
444 458 591 497 Alaniae
609 458 787 508 portionis
805 459 852 496 ab
873 458 1094 509 imperatore
1112 457 1310 496 renuntiari
1331 458 1518 507 dominus,
1545 471 1591 498 ac
1611 463 1654 499 ut
1669 460 1761 500 sub·-

307 518 402 555 ditus
423 528 487 553 seu
505 514 659 552 vasallus
682 515 748 552 sub
774 515 905 553 eodem
927 514 966 552 in
986 513 1089 552 bellis
1110 515 1253 553 mereri.
1310 514 1449 553 GoAn.

418 575 445 609 t.
464 570 498 608 ll
527 583 564 621 p.
585 570 669 612 562
687 582 719 606 v·
736 569 805 609 20.
863 565 1140 623 Χρυσόπολιν]
1170 570 1298 609 Turcis
1314 583 1410 608 nunc
1433 570 1629 616 Scuta-et.
1668 569 1762 612 maie

306 642 330 668 a
347 627 566 680 quibusdam
581 639 665 665 cum
682 626 916 666 Chalcedone
931 626 1080 665 inferius
1099 627 1169 664 sita
1184 626 1429 664 confunditur.
1484 626 1626 667 GoAn.

418 687 446 722 t.
467 683 500 721 11
528 695 567 734 p.
582 682 664 725 563
685 695 717 721 v.
732 680 771 723 4.
827 684 906 722 τῶν
926 680 1052 735 ἁγίων
1070 677 1333 735 ἄναργύρων]
1363 682 1522 723 Cosmae
1538 687 1578 723 et
1593 682 1764 723 Damiani

307 740 425 778 nulla
444 752 512 789 spe
530 738 717 776 mercedis
737 739 912 778 medicam
931 743 1048 778 artem
1064 751 1110 778 ex
1126 739 1278 778 caritate
1295 736 1535 777 obeuntium.
1567 739 1707 780 GoAR.

419 800 446 835 t.
464 796 498 834 Π
523 809 563 848 p.
581 793 662 838 564
683 808 718 833 v-
735 797 803 836 20.
860 790 1158 848 στραβομύτην]
1187 793 1335 832 obtorto
1356 807 1468 833 naso.
1506 795 1628 836 facilia
1644 795 1765 836 Grae-

306 855 360 894 'cis
378 866 423 893 ex
443 865 632 904 corporum
652 852 853 890 defectibus
873 853 1101 901 cognomina.
1156 852 1296 890 Gon.

422 909 502 948 t.11
530 921 568 960 p.
586 908 667 949 568
687 920 721 946 v.
744 910 810 949 16.
863 907 1089 945 solitudinis
1125 906 1367 959 Dircorum]
1398 906 1499 947 locus
1525 907 1625 948 haud
1653 907 1764 948 dubie

311 979 472 1013 mancus,
499 965 646 1003 tametsi
664 963 882 1003 sententiam
898 965 1044 1017 explere
1058 965 1173 1003 lector
1189 964 1296 1003 facile
1309 965 1441 1016 possit.
1498 963 1764 1016 Tragolipaces

313 1027 401 1075 post
420 1020 707 1072 Tangrolipaces
727 1021 869 1062 dicitur.
924 1021 990 1059 sed
1007 1021 1078 1059 hoc
1094 1033 1170 1059 non
1184 1025 1242 1059 est
1258 1021 1471 1059 inusitatum
1484 1020 1524 1059 in
1537 1020 1608 1060 hoc
1622 1020 1764 1071 codice,

312 1081 412 1119 idem
429 1077 644 1116 vocabulum
664 1078 807 1116 diverse
825 1077 932 1115 scribi
951 1077 1137 1128 aliquanto
1159 1077 1319 1116 inferius.
1374 1075 1474 1117 ΧΠ..

425 1139 452 1180 t.
472 1134 506 1172 ll
532 1147 572 1185 p.
586 1133 666 1175 570
686 1135 798 1175 v.22.
854 1133 1098 1171 Leia-haeliae
1108 1132 1251 1184 filiu-s]
1282 1134 1355 1185 τῆς
1368 1131 1622 1184 Λειχουδίας.
1654 1132 1766 1185 paulo

313 1188 685 1244 suprawconstantini
719 1189 927 1229 Lsichudae
960 1191 1056 1228 facta
1090 1191 1245 1239 mentio,
1284 1189 1324 1227 in
1353 1189 1516 1228 Tornicii
1540 1189 1766 1229 defectionet

314 1262 410 1287 nunc
427 1259 491 1285 cur
507 1248 581 1298 τῆς
597 1245 769 1284 articulus
785 1246 978 1285 femininus
996 1246 1044 1285 sit
1062 1247 1210 1284 additus
1227 1246 1370 1294 neseio,
1397 1246 1468 1283 nisi
1493 1246 1596 1296 quod
1616 1246 1767 1284 coniicio

311 1318 335 1342 a
363 1304 515 1356 praedio
540 1302 663 1353 aliquo
692 1306 758 1341 aut
783 1302 925 1341 dicione
951 1316 1016 1341 sua
1037 1303 1075 1341 id
1097 1315 1179 1341 eum
1196 1301 1420 1352 cognominis
1439 1301 1606 1353 potuisse
1618 1301 1767 1341 habere.

311 1363 416 1400 XYn.
474 1371 549 1397 non
574 1371 598 1397 a
623 1359 766 1397 dicione
793 1358 850 1397 vel
877 1360 1054 1410 praedio,
1082 1359 1149 1397 sed
1168 1371 1191 1396 a
1209 1362 1344 1406 matre,
1373 1370 1419 1397 ex
1440 1370 1516 1408 qua
1531 1358 1768 1408 quandoque,

312 1419 345 1455 si
371 1416 567 1468 spectatior
587 1415 638 1452 sit
658 1419 695 1454 et
714 1416 950 1464 nominatior,
980 1416 1111 1454 Graeci
1133 1415 1226 1452 filios
1251 1413 1454 1466 appellant,
1482 1413 1691 1466 Stephanus
1709 1413 1769 1451 hic

312 1475 443 1512 dicitur
464 1471 705 1523 Λειχουδίας
722 1468 832 1519 vids.-
859 1472 970 1521 alias,
998 1473 1096 1511 iuxta
1110 1471 1364 1522 Xylandrum,
1385 1470 1527 1523 praedii
1541 1469 1600 1510 vel
1615 1470 1768 1510 dicionis

311 1530 405 1568 filius
430 1533 485 1567 est
508 1529 737 1566 asserendus.
793 1528 930 1567 Gom.

424 1584 521 1622 ibid.
581 1581 942 1636 παραδυναστεύων
973 1583 1163 1633 dignitatis
1195 1596 1260 1621 seu
1286 1582 1520 1632 magistratus
1542 1583 1600 1620 est
1619 1591 1768 1630 nomen,

311 1642 417 1693 quasi
441 1641 670 1691 imperatoris
698 1641 869 1678 vicarium
894 1640 1092 1689 designans
1111 1643 1149 1677 et
1169 1638 1368 1688 collegam,
1396 1638 1460 1689 qui
1475 1641 1514 1677 et
1529 1639 1647 1677 rector
1668 1637 1769 1675 dice-

311 1700 436 1738 batur.
492 1698 600 1735 XYL.

422 1756 450 1791 t.
467 1753 503 1791 ΙΙ
529 1766 569 1803 p.
590 1750 672 1794 575
696 1764 730 1790 v.
749 1754 817 1795 10.
859 1751 995 1804 fratre
1010 1764 1055 1788 ex
1072 1750 1196 1787 altero
1210 1748 1400 1802 parente]
1430 1751 1629 1796 incertum,
1656 1748 1770 1788 uteri-

311 1821 409 1850 none
440 1822 489 1848 an
517 1808 588 1847 alia
616 1811 735 1847 matre
761 1812 869 1857 nato,
898 1808 1005 1860 quasi
1034 1808 1096 1858 qui
1124 1807 1273 1846 aliunde
1298 1808 1540 1857 germinasset
1558 1805 1674 1844 frater
1692 1817 1769 1843 non

314 1878 524 1918 germanus.
581 1864 651 1902 hoc
673 1866 768 1903 enim
787 1869 895 1903 sonat
910 1877 980 1903 vox
999 1859 1253 1915 ἓτεροθαλής.
1310 1866 1347 1901 et
1366 1862 1459 1902 tales
1479 1861 1620 1900 flosculi
1640 1862 1680 1900 in
1699 1861 1769 1899 ho-

314 1935 396 1962 rum
425 1922 640 1972 scriptorum
664 1921 777 1971 pratis
802 1934 878 1960 non
900 1924 983 1960 sunt
1006 1920 1226 1969 insolentes,
1263 1922 1394 1970 estque
1419 1919 1550 1959 eadem
1573 1930 1646 1957 vox
1669 1917 1770 1970 apud

317 1979 524 2025 zenan-am,
552 1980 591 2015 et
608 1977 702 2015 infra
719 1990 840 2015 rursus
859 1979 907 2016 de
925 1976 1034 2015 Alimi
1050 1976 1176 2018 fratre.
1232 1976 1337 2014 XYr..

429 2037 459 2072 t.
477 2034 511 2071 11
539 2046 579 2084 p.
602 2032 682 2074 578
703 2046 738 2071 v.
760 2033 826 2075 23.
883 2033 1095 2071 indictione
1122 2031 1319 2082 secunda]
1359 2042 1456 2069 anno
1485 2028 1620 2068 scilicet
1644 2028 1772 2067 mundi

318 2088 450 2139 6557,
479 2089 658 2139 siquidem
685 2090 836 2127 indictio
862 2090 1059 2129 secundum
1081 2101 1198 2128 annos
1219 2092 1399 2134 mutatur,
1429 2090 1466 2125 et
1482 2086 1686 2136 quindecim
1705 2097 1771 2123 an-

319 2160 447 2185 norum
470 2146 616 2184 circuitu
639 2146 687 2183 ad
709 2147 866 2185 eundem
887 2147 1025 2185 reditur
1042 2157 1243 2184 numerum.
1299 2145 1440 2183 constat
1462 2145 1582 2180 autem
1599 2141 1771 2179 indictio-

318 2216 402 2242 nem
428 2203 655 2240 undecimam
682 2203 794 2241 fuisse
819 2216 953 2241 annum
979 2206 1050 2240 etc.
1109 2201 1182 2251 51,
1213 2205 1250 2240 et
1277 2199 1526 2238 duodecimam
1546 2210 1679 2235 annum
1702 2195 1770 2245 52,

317 2272 363 2299 ex
391 2258 658 2310 superioribus,
688 2263 726 2297 et
754 2271 849 2309 quae
871 2260 920 2297 de
942 2257 1164 2296 Theodorae
1183 2258 1332 2308 imperio
1350 2256 1446 2294 infra
1464 2255 1648 2301 dicuntur,
1674 2253 1772 2290 aliis-

317 2329 391 2366 que
416 2314 550 2353 multis.
607 2315 661 2352 ita
688 2314 852 2354 Tornicii
874 2315 1049 2362 defectio,
1080 2326 1174 2364 quae
1195 2315 1232 2351 in
1249 2314 1402 2364 primam
1419 2311 1653 2348 indictionem
1672 2309 1772 2347 dicta

318 2377 376 2410 est
393 2371 588 2419 incidisse,
616 2370 684 2408 fuit
698 2384 795 2410 anno
811 2370 920 2414 6556
937 2371 1135 2409 secundum
1153 2374 1330 2408 nostrum.
1374 2368 1444 2407 hoc
1460 2366 1646 2405 mdiorum
1661 2375 1772 2404 causa

315 2428 413 2466 volui
433 2432 622 2466 annotare.
678 2428 782 2466 XYL.

429 2487 456 2521 t.
477 2482 512 2521 ΙΙ
540 2496 576 2534 p.
599 2482 679 2526 589
700 2497 734 2522 V.
753 2487 817 2526 17.
879 2478 1139 2535 Τριάδιτζαν]
1170 2481 1256 2519 olim
1278 2479 1466 2518 Sardicen.
1523 2478 1659 2515 GOAR.

428 2543 456 2578 t.
476 2540 509 2577 ΙΙ
538 2553 576 2590 p.
595 2539 677 2581 596
698 2553 733 2578 v.
755 2539 819 2582 14.
877 2538 992 2576 haud
1015 2538 1131 2589 longe
1155 2534 1359 2586 Achiam]
1390 2536 1443 2573 ita
1471 2546 1561 2573 sane
1588 2532 1772 2572 sententia

317 2595 489 2645 requirit,
519 2596 591 2633 nisi
612 2597 810 2634 admodum
828 2595 952 2645 fallor,
981 2596 1067 2633 satis
1090 2607 1136 2633 ex
1156 2593 1390 2644 sequentibus
1411 2591 1570 2630 illustris.
1626 2601 1715 2639 ergo
1732 2588 1772 2625 in

322 2651 466 2689 Graeco
491 2664 558 2702 pro
583 2650 651 2690 καὶ
667 2650 777 2693 πάνυ
797 2648 935 2705 πόρρω
954 2651 1150 2701 legendum
1169 2649 1237 2690 καὶ
1257 2645 1308 2689 ου’
1325 2643 1434 2688 πάνυ
1452 2642 1603 2699 πόρρω.
1659 2645 1712 2683 sic
1734 2647 1772 2682 et

321 2707 360 2743 in
384 2707 568 2758 sepultura
587 2707 819 2748 Monomachi
838 2722 904 2760 pro
923 2704 1118 2759 τυχούσης
1139 2707 1221 2756 lego
1242 2701 1291 2746 ου’
1309 2699 1516 2756 τυχούσης.
1573 2701 1674 2740 XYL·

435 2767 461 2802 t·
483 2763 517 2800 Π
544 2777 584 2814 p·
603 2763 684 2806 597
704 2778 739 2804 v.
759 2768 823 2807 16.
881 2761 1203 2815 Fiancopzilzim]
1244 2763 1334 2800 sicut
1364 2765 1449 2799 ante
1480 2757 1628 2808 Bulgari
1661 2754 1774 2795 comi-

324 2817 441 2870 topuli
472 2819 706 2869 dicebantur,
746 2821 799 2861 ita
827 2821 922 2860 hunc
948 2833 1020 2872 ego
1046 2833 1069 2859 a
1093 2819 1244 2859 Francis
1272 2818 1464 2857 oriundum
1491 2816 1604 2854 fuisse
1630 2811 1774 2861 colligo,
