1916 3210
293 162 391 212 844
715 159 1008 205 XYLANDRI
1039 160 1112 204 ET
1146 158 1322 203 GOARI

292 277 342 314 sis
359 274 494 324 aliquid
514 271 612 311 aliud
630 273 753 322 potest
772 270 999 320 significare,
1027 268 1166 308 reditus
1188 269 1355 308 nimirum
1373 270 1556 322 publicos;
1583 283 1737 323 quorum

293 333 505 381 diligentem
532 327 690 376 gessisse
711 339 849 374 curam,
893 329 931 364 et
950 327 1003 364 rei
1020 324 1187 376 publicae
1211 325 1356 374 utilem,
1397 326 1652 378 Theodoram,
1692 339 1738 367 ex

294 389 423 426 eodem
446 386 571 433 liquet.
628 382 695 421 sed
715 382 813 432 prius
835 383 1023 432 praefero,
1052 382 1138 431 quia
1159 381 1207 420 de
1228 381 1374 420 Bardae
1393 382 1539 421 interitu
1558 396 1638 423 cum
1653 384 1737 434 agi-

292 448 353 481 tur
375 445 522 491 postea,
554 439 683 477 eadem
700 450 771 476 vox
790 438 841 476 sic
858 441 1032 488 usurpata
1051 441 1118 476 est.
1146 437 1239 475 Xrn.
1277 444 1370 474 acta
1389 437 1584 489 referendi
1598 440 1738 490 gratia

291 498 401 536 vertit
426 495 627 544 Xylander.
683 506 861 544 quaenam
889 492 1000 531 acta?
1055 506 1131 531 non
1151 493 1317 545 explicat.
1374 494 1510 533 deinde
1530 497 1738 546 profecturo

289 553 436 603 quidem
466 552 515 589 ad
537 550 712 618 palatium
731 549 841 588 Laus·
833 562 945 587 lacum
975 548 1189 588 Theoctisto
1216 549 1431 600 logothetae
1450 562 1549 589 mors
1570 553 1651 590 erat
1671 563 1738 602 par

290 612 391 646 rata:
429 620 555 645 verum
581 602 676 657 μετοὲ
705 620 780 657 την
802 605 998 655 διοίκησιν
1022 612 1116 655 post
1131 605 1453 643 administratam
1470 607 1555 643 iam
1575 619 1739 652 mamm,

290 677 364 703 non
383 664 488 713 quasi
507 663 546 700 in
566 662 724 700 futurum
746 668 838 698 aeta
861 662 900 699 in
919 660 1096 700 Lausiaco
1116 661 1315 699 relaturus
1332 663 1453 701 adhuc
1470 664 1576 703 foret.
1624 663 1739 701 satius
1790 657 1794 660 ⁴

291 721 419 758 dixero
439 719 690 757 Theoctistum
706 717 800 755 hunc
821 721 861 754 nt
879 717 1103 767 logothetam
1122 718 1298 757 aerarium
1316 719 1601 766 administrasse,
1628 722 1740 770 atque

291 777 376 814 ideo
395 787 516 813 coram
534 775 752 838 imperatore
769 773 824 812 vel
841 774 917 812 eius
938 774 1087 811 consilio
1102 772 1192 827 περὶ
1212 776 1284 826 τῆς
1301 776 1382 814 τῶν
1403 789 1623 826 αναφορων
1640 774 1742 815 διοι-

291 828 443 882 κήσεως
460 830 508 867 de
523 831 643 880 regiis
661 829 850 866 reditibus
863 836 899 866 et
910 829 1168 881 vectigalibus
1180 829 1321 881 illisque
1331 834 1431 869 recte
1441 830 1742 870 administrandis

295 889 475 926 disserere
498 886 689 933 debuisse3
727 899 804 951 quo
825 892 971 937 peracto
991 883 1085 936 μετοὲ
1103 901 1178 938 την
1196 887 1395 939 διοίκησιν
1411 889 1490 927 τῶν
1508 881 1740 939 α’ναφορων,

294 943 568 981 administrato
590 956 765 988 munere,
794 943 831 979 in
846 941 1062 980 Lausiacum
1077 944 1306 1011 profecturus
1324 947 1424 991 erat3
1441 955 1532 1011 quo
1551 943 1589 982 in
1612 944 1742 982 itinere
1762 940 1766 944 ’

293 1012 391 1038 mors
411 1000 639 1066 parabatur.
681 994 899 1050 α’ναφορῶν
920 1003 1045 1036 autem·
1055 999 1114 1041 hic
1131 1000 1218 1050 lego
1235 994 1316 1039 απὸ
1332 1001 1405 1039 τοῦ
1425 993 1627 1053 ἅναφορᾶ.
1669 998 1742 1039 alia

296 1057 392 1094 enim
421 1056 531 1094 dictio
560 1049 788 1107 οἷνάφορον,
832 1055 981 1104 eiusque
1009 1054 1149 1106 plurale
1184 1050 1398 1108 ἅναφορων
1428 1055 1562 1094 nullum
1594 1067 1742 1096 sensum

294 1115 416 1164 potest
432 1124 660 1162 componere.
715 1112 800 1149 vide
820 1115 1005 1149 auctorem
1023 1125 1061 1163 p.
1080 1110 1173 1151 555
1231 1113 1361 1150 Gosn.

406 1172 431 1205 t.
446 1167 480 1205 II
500 1181 536 1218 p.
553 1167 680 1207 157v.
696 1165 759 1208 14.
789 1163 1043 1219 οἷσηκρήτεια]
1070 1168 1133 1206 ubi
1151 1169 1335 1207 secretarii
1357 1168 1630 1209 conveniebant.
1649 1169 1743 1208 Χῑι..

405 1222 459 1260 ib.
492 1237 527 1261 v.
557 1226 624 1263 20.
682 1222 897 1275 ἑταιρείας]
925 1223 1019 1262 forte
1040 1237 1086 1262 ex
1103 1224 1200 1271 suis,
1236 1225 1300 1274 qui
1327 1225 1365 1262 in
1387 1237 1516 1263 necem
1535 1223 1745 1263 Theoctisti

293 1280 574 1330 conspirassent.
632 1278 832 1330 alioquin‘
814 1283 999 1332 εταιρεῖαι
1017 1283 1102 1318 sunt
1117 1279 1328 1319 sodalitates
1340 1308 1352 1327 ,
1378 1280 1418 1318 id
1434 1284 1492 1319 est
1509 1285 1628 1319 certus
1646 1281 1744 1320 mili-

292 1341 370 1374 tum
387 1349 449 1374 seu
470 1337 684 1386 stipatorum
702 1335 897 1374 aulicorum
918 1339 1063 1384 coetus,
1098 1349 1253 1386 quarum
1278 1337 1413 1375 mentio
1430 1349 1504 1374 non
1521 1337 1742 1387 infrequens.

291 1392 386 1430 ΧΠ.
442 1391 629 1440 Xylander
652 1405 697 1430 ex
713 1391 940 1438 sodalitate,
970 1405 1041 1442 ego
1069 1405 1114 1432 ex
1141 1391 1424 1443 confoederatis
1447 1392 1539 1445 Imp.
1558 1393 1747 1432 militanti-

291 1449 373 1489 bus.
433 1448 570 1489 Gosn,

336 1510 338 1513 ’
404 1507 432 1541 t.
451 1504 485 1541 11
512 1518 552 1555 p.
576 1503 653 1545 159
674 1516 709 1542 v.
729 1503 772 1545 5.
827 1506 908 1543 τῶν
930 1504 1146 1554 βασιλικῶν
1168 1499 1378 1556 χρημάτων
1397 1503 1541 1555 ταμίας
1559 1503 1746 1556 παρίστη]

290 1560 375 1597 hinc
401 1560 552 1610 insuper
581 1561 755 1598 confirmo
776 1558 994 1613 λογοθέτην
1018 1573 1100 1599 esse
1123 1573 1330 1611 supremum
1355 1562 1577 1612 praefectum
1601 1562 1744 1599 aerarii.

289 1616 508 1655 Theoctisto
543 1629 700 1666 namque
734 1628 779 1654 eo
807 1629 957 1655 munere
987 1618 1164 1666 fungente
1194 1617 1335 1664 occiso,
1371 1619 1411 1653 ut
1439 1617 1530 1666 quid
1545 1617 1746 1656 Theodora

291 1675 505 1720 quaestores
530 1671 618 1710 istos
649 1673 781 1710 adesse
808 1672 952 1710 iuberet
971 1673 1039 1710 nisi
1061 1676 1103 1710 ut
1123 1685 1253 1722 quam,
1293 1677 1492 1711 memorato
1515 1672 1702 1724 praefecto
1723 1686 1745 1712 e

290 1728 379 1764 vivis
406 1727 547 1764 sublato
558 1755 570 1774 ,
596 1740 670 1766 non
687 1731 834 1778 poterat
850 1728 1002 1778 populus
1020 1732 1058 1767 et
1075 1734 1224 1767 senatus
1239 1728 1375 1766 habere
1393 1729 1556 1767 notitiam
1576 1729 1706 1767 aerarii
1721 1741 1746 1766 a

291 1784 369 1820 filio
390 1782 569 1821 Michaele
597 1785 635 1822 in
662 1788 827 1834 sumptus
856 1784 1001 1822 inutiles
1029 1784 1282 1835 dilapidandi,
1321 1785 1402 1835 ipsa
1427 1797 1494 1835 per
1517 1788 1744 1835 quaestores,

291 1839 472 1877 subiectos
496 1840 625 1878 aerarii
659 1840 830 1878 custodes
858 1852 902 1878 ac
927 1841 975 1879 ad
1006 1853 1154 1879 manum
1174 1840 1429 1890 administros,
1468 1840 1617 1880 aliunde
1633 1841 1745 1880 fidem

290 1893 456 1934 faceret?
513 1895 651 1936 GoAn.

267 1992 270 1995 ,
404 1955 431 1990 t.
451 1950 486 1988 II
514 1964 551 2001 p.
572 1953 652 1994 160
670 1964 705 1990 v.
726 1951 791 1991 11.
847 1948 1028 1998 δεδωκώς
1055 1953 1110 2005 τῷ
1138 1951 1254 2008 ἶδικῷ
1282 1951 1380 1994 ὥστε
1407 1950 1475 1993 καὶ
1503 1947 1648 1998 ταύτας
1669 1966 1744 2003 χω-

254 2026 264 2042 :
293 2008 455 2052 νεῦσαι]
486 2008 581 2045 forte
598 2009 668 2046 sic:
706 2008 810 2046 dedit
829 2021 892 2046 eas
909 2008 1058 2059 privatis
1081 2008 1304 2059 hominibus,
1335 2010 1398 2060 qui
1419 2023 1499 2048 cum
1521 2022 1583 2047 eas
1601 2013 1747 2058 gestare

293 2063 381 2113 ipsis
401 2063 613 2114 permissum
633 2067 697 2102 aut
717 2064 888 2102 decorum
915 2077 991 2102 non
1009 2069 1131 2113 esset,
1170 2067 1247 2104 de
1238 2067 1279 2104 iis
1299 2066 1500 2104 conflandis
1523 2077 1685 2115 auroque
1707 2065 1747 2102 in

294 2132 381 2156 usus
408 2132 493 2156 suos
511 2121 686 2158 vertendo
710 2121 942 2171 cogitarunt,
980 2125 1021 2158 ut
1039 2123 1095 2175 τῷ
1117 2121 1231 2177 ἰδικῷ
1256 2122 1304 2160 sit
1325 2135 1392 2174 pro
1415 2117 1600 2167 mamam.
1656 2121 1747 2170 quid

294 2176 325 2212 si
349 2174 483 2229 alama
503 2176 607 2214 forte·
616 2175 792 2227 scripsit?
831 2180 869 2215 et
892 2180 1061 2221 monetae
1079 2190 1292 2228 percussor,
1319 2179 1383 2228 qui
1398 2179 1551 2216 sormam
1572 2189 1662 2216 auro
1680 2178 1748 2214 im-

292 2215 474 2282 primeref,
503 2232 555 2270 sic
575 2231 806 2283 appellatur?
833 2233 899 2270 sed
922 2233 1390 2299 nescio.X11.‚·privato
1409 2234 1576 2271 aerario.
1609 2233 1749 2274 GoAn.

403 2291 433 2328 t.
450 2287 486 2323 Π
514 2289 653 2339 p.163
670 2302 706 2326 v.
727 2287 795 2328 23
855 2289 1140 2341 Λαλακαίωνα]
1169 2291 1285 2330 vicina
1303 2295 1388 2329 sunt
1406 2290 1602 2329 Melitenae
1621 2296 1659 2330 et
1675 2287 1748 2327 Ar-

294 2343 434 2381 meniae
450 2342 530 2381 loca
550 2344 607 2382 hic
627 2348 847 2383 enumerata.
906 2346 1041 2383 GoAn.

408 2402 435 2436 t.
451 2400 487 2435 ΙΙ
514 2413 553 2451 p.
577 2400 654 2442 164
676 2413 710 2440 v.
731 2403 769 2441 6.
828 2400 1052 2453 Ptosontc's]
1097 2415 1140 2441 ex
1169 2402 1318 2441 zonara
1347 2415 1414 2453 pro
1443 2395 1646 2441 πιαὶσοντα
1674 2399 1750 2449 legi

294 2466 511 2494 πτωσοντα.
567 2456 664 2495 idem
682 2457 793 2495 habet
815 2460 1086 2507 Λαλακαῶνα,
1123 2458 1380 2498 Lalacaonem.
1438 2458 1582 2499 videtur
1611 2457 1650 2494 in
1677 2457 1748 2494 hoe

295 2510 456 2549 allusisse
476 2512 525 2549 ad
545 2509 645 2552 λαόν
665 2516 704 2551 et
724 2512 864 2552 καίειν.
922 2514 1012 2551 ΧΥι..

409 2565 463 2603 ib.
495 2580 530 2605 v.
559 2569 597 2608 9.
653 2568 920 2621 γυρισθῆναι]
963 2571 1122 2620 quadrat
1161 2571 1244 2608 huic
1286 2570 1366 2609 loco
1406 2568 1603 2607 modernus
1644 2567 1747 2604 huius

296 2622 391 2659 vocis
410 2635 494 2659 usus
507 2651 517 2667 ,
556 2637 628 2673 quo
651 2637 726 2662 non
743 2626 853 2662 modo
875 2626 918 2662 in
934 2640 1079 2676 gyrum
1098 2626 1299 2663 includere
1309 2654 1325 2672 ‚
1363 2626 1430 2663 sed
1459 2627 1498 2662 et
1528 2625 1570 2660 in
1591 2623 1748 2674 ficgam,
1809 2674 1814 2679 ¹

297 2684 458 2723 vertere,
487 2686 586 2716 retro
603 2680 822 2717 amandare
839 2685 878 2719 et
894 2682 949 2719 his
970 2683 1096 2720 similia
1115 2684 1308 2732 significat.
1365 2682 1502 2719 GOAR.

408 2737 435 2770 t·
455 2735 489 2770 Π
518 2749 556 2785 p·
577 2737 653 2776 168
676 2749 710 2775 v.
729 2740 768 2776 2.
828 2738 1038 2789 Μαμοῦμ]
1080 2739 1111 2776 is
1149 2740 1247 2778 idem
1281 2739 1344 2790 qui
1379 2735 1566 2788 dignitatis
1601 2733 1746 2774 nomine

296 2792 548 2828 amermumnis
566 2793 676 2831 modo
693 2797 841 2832 vocatus
863 2798 928 2832 est.
986 2795 1115 2833 GoAn.
1807 2787 1815 2802 ³
