1890 3236
303 212 396 261 112
772 208 1010 256 GEORGII
1044 209 1283 255 CEDRENI

299 327 563 383 ἐξελέγξαντες
578 325 645 367 καὶ
666 323 739 378 τὴν
755 324 982 381 θηριωδίαν
998 328 1058 383 τῷ
1075 322 1239 382 σφόδρα
1254 326 1749 383 παρρησιασθῆναιῖωα-

300 395 506 449 λεσάμενοι
527 392 628 447 μετὰ
646 393 800 443 πολλὰς
821 394 953 443 αἰκίας
971 410 1012 436 τε
1033 395 1098 435 καὶ
1118 392 1323 447 βασάνους
1343 399 1416 450 τῆς
1435 394 1588 444 πόλεως
1608 395 1759 453 325ka-

245 470 278 506 0
300 469 483 518 σθησαν,
516 462 586 503 τὸν
619 460 662 503 δὲ
690 465 762 503 τοῦ
791 460 1026 519 προδρόμου
1055 462 1152 504 ναὸν
1180 462 1249 506 τὸν
1278 461 1383 505 οὕτω
1406 461 1652 518 καλούμενον
1674 467 1753 508 τοῦ

299 534 475 589 φοβεροῦ
507 529 582 571 κάν
612 533 669 586 τῷ
698 530 870 588 Εὐξείνῳ
903 531 1148 584 διακείμενον
1174 529 1306 588 πόντῳ
1325 529 1648 586 καταλαβόντες,
1680 531 1761 575 καὶ,

296 606 384 649 ταῖς
412 599 454 640 ἐκ
480 602 560 640 τῶν
585 599 789 654 μαστίγων
809 602 977 655 πληγαῖς
995 600 1153 649 τελείως
1173 599 1537 654 καταπονηθέντες,
1569 603 1642 654 τῆς
1664 597 1780 645 ἅνωὸ

297 666 444 722 λήξεως
468 664 717 721 ἠξιώθησαν.
786 660 841 708 ὧν
869 669 936 709 καὶ
967 667 1017 710 τὰ
1043 670 1154 722 τίμια
1177 666 1346 722 σώματα
1367 666 1508 725 ἄταφα
1530 667 1750 726 ἐρριμμένα
1777 715 1780 718 ‚

297 738 352 785 εἰς
378 734 584 792 τοῦδαφος
607 739 694 778 σῶα
714 735 776 776 ἐπὶ
797 738 978 778 πλεῖστον
1001 735 1301 792 διετηρήθησαν
1312 734 1482 793 χρόνον,
1515 736 1633 794 μέχρι
1652 734 1749 779 ὅτου

297 805 433 847 πιστοί
449 820 550 853 τινες
571 801 838 856 ἀναλαβόντες
858 809 985 847 ταῦτα
1009 804 1225 859 ἐκήδευσαν
1246 807 1312 847 καὶ
1335 803 1593 860 καταλλήλως
1613 804 1752 859 ἐπίμηκ-

297 889 374 915 σαν
395 879 478 921 τοῖς
498 870 598 928 ὑπὲρ
618 874 804 929 Χριστοῦ
824 876 898 915 τοῦ
918 877 1016 916 θεοῦ
1038 872 1363 930 μαρτυρήμασιν.
1431 871 1634 931 ἐφάμιλλα
1654 870 1757 916 τοῦν·

297 957 382 991 τοις
409 941 475 982 καὶ
506 940 663 996 ἀδελφὰ
690 941 761 982 καί
785 957 844 990 τις
869 941 1046 996 μοναχός
1067 942 1199 1000 ἕτερος
1217 943 1439 992 ἐπεδείξατο
1451 973 1464 993 ,
1499 941 1602 999 πρὸς
1622 940 1807 997 demvm

301 1007 516 1066 ἱερωσύνης
556 1007 648 1065 ἄρτι
690 1007 954 1065 ἀναδραμών·
998 1008 1117 1065 ζήλου
1158 1011 1236 1068 γὰρ
1273 1012 1388 1053 θειόυ
1422 1011 1618 1064 πλησθεὶς
1649 1007 1754 1052 κατὰ

299 1076 516 1135 πρόσωπον
542 1075 635 1130 ἵστη
663 1081 735 1119 τοῦ
762 1075 981 1133 τυράννου,
1016 1082 1084 1120 καὶ
1114 1078 1218 1120 ἄλλα
1242 1079 1314 1132 μὲν
1344 1078 1498 1129 διεξιὼν
1525 1078 1598 1123 οὐκ
1624 1077 1752 1133 ὀλίγα,

252 1150 285 1185 D
309 1147 375 1188 καὶ
406 1145 451 1187 τὸ
484 1149 555 1187 τοῦ
587 1143 813 1188 ἀποστόλου
845 1147 889 1189 δὲ
919 1144 1092 1189 Παύλου
1124 1146 1243 1204 ῥητὸν
1275 1151 1393 1190 τοῦτο
1429 1146 1480 1201 δὴ
1513 1147 1559 1190 τὸ
1596 1145 1753 1204 φάσκον

297 1211 370 1256 “aei‘
394 1231 454 1264 τις
482 1211 577 1267 ὗμΐν
608 1213 891 1269 εὐαγγελίζεται
912 1215 1014 1272 παρ’
1041 1214 1064 1257 ὃ
1086 1214 1351 1272 παρελάβετε,
1385 1214 1574 1269 ἀνάθεμα
1603 1213 1749 1258 {orm-'²

303 1281 409 1325 ἀλλὰ
429 1283 496 1324 καὶ
516 1279 645 1339 τούτῳ
668 1283 823 1337 πληγὰς
843 1284 996 1334 ἐπιθεὶς
1013 1283 1085 1325 οὐκ
1103 1283 1237 1339 ὀλίγας
1244 1315 1256 1335 ,
1293 1283 1427 1338 ἐπειδὴ
1453 1281 1754 1340 σταθηρότερος
1764 1290 1808 1327 15

303 1349 435 1401 ἔδοξεν
452 1352 492 1393 ἓν
510 1354 562 1407 τῇ
581 1351 771 1402 διαλέξει,
807 1351 908 1407 πρὸς
928 1352 997 1394 τὸν
1016 1352 1167 1407 Ἰαννῆν
1187 1353 1485 1403 ἐξαποστέλλει,
1518 1350 1755 1407 καθηγητὴν

299 1423 372 1461 τοῦ
402 1416 597 1475 τυράννου
627 1418 815 1474 γεγονότα
846 1421 911 1461 καὶ
943 1420 1208 1472 διδάσκαλον,
1245 1423 1506 1470 διαλεκτικαῖς
1532 1419 1756 1470 ἀποδείξεσι

300 1491 444 1529 τοῦτον
466 1493 598 1529 πεῖσαι
619 1485 960 1542 ἐγκελευσάμενος.
1027 1488 1132 1530 ἀλλὰ
1154 1490 1221 1532 καὶ
1242 1493 1383 1531 τοῦτον
1405 1486 1426 1531 ὃ
1450 1494 1626 1544 γενναῖος
1647 1488 1756 1544 ἄγω-

299 1555 436 1610 νιστὴς
464 1555 511 1598 οὗ
544 1563 796 1612 σοφιστικαῖς
815 1559 880 1598 καὶ
899 1559 1161 1608 ὁιαλεκτικαΐς
1180 1557 1425 1608 ἀποδείξεσιν
1433 1588 1446 1608 ,
1476 1556 1756 1606 ἀποστολικοῖς

300 1624 344 1666 δὲ
376 1625 443 1666 καὶ
472 1624 736 1679 εὖαγγελικοΐς
760 1623 934 1682 ῥήμασιν
966 1624 1220 1682 ἇφωνότερον
1249 1625 1403 1680 ἰχθύων
1430 1624 1620 1677 ἀπέδειξε.
1687 1625 1810 1668 καὶὸ)

298 1691 388 1736 τότε
411 1692 485 1746 μὲν
504 1692 576 1734 οὐκ
598 1693 734 1748 ὀλίγας
756 1692 875 1736 πάλιν
895 1694 1033 1748 λαβὼν
1058 1695 1395 1751 ἒξοστρακίζεται,
1429 1692 1596 1750 ὕστερον
1625 1693 1670 1736 δὲ
1697 1696 1758 1752 τῷ.

299 1758 462 1819 μεγάλῳ
491 1759 642 1812 συστὰς
666 1761 843 1822 Ἰγνατίῳ
872 1765 939 1808 καὶ
963 1761 1111 1821 χρόνον
1134 1763 1223 1808 τινὰ
1245 1763 1540 1821 συνδιατρίψας
1558 1761 1669 1822 αὐτῷ
1688 1762 1756 1806 καὶ

391 1913 415 1948 9
437 1911 710 1959 μαρτυρήσασιν
733 1913 764 1949 C

301 2046 475 2082 inscitiam
498 2050 602 2094 atque
625 2048 806 2083 saevitiam
826 2047 1108 2095 redarguissent,
1144 2050 1188 2084 ob
1215 2061 1376 2085 summam
1400 2047 1539 2084 dicendi
1560 2048 1757 2084 libertatem

304 2093 428 2128 multos
459 2095 629 2129 cruciatus
663 2100 766 2140 atque
794 2100 963 2130 tormenta
987 2096 1102 2141 passi,
1135 2098 1220 2130 urbe
1243 2097 1346 2130 etiam
1371 2096 1406 2130 in
1432 2095 1588 2129 exsilium
1610 2094 1759 2138 relegati

303 2144 398 2174 sunt.
445 2140 506 2185 qui
529 2151 603 2176 cum
628 2141 670 2176 ad
694 2142 809 2176 fanum
832 2141 973 2176 Ioannis
998 2141 1191 2186 baptistae,
1217 2143 1309 2186 quod
1333 2141 1509 2176 Terribile
1531 2144 1758 2185 cognomento

304 2185 433 2220 dicitur
456 2191 577 2232 estque
598 2186 635 2221 in
658 2187 796 2222 Euxino
819 2193 925 2232 ponto
949 2187 1074 2231 situm,
1108 2188 1370 2233 pervenissent,
1403 2186 1614 2231 flagellorum
1647 2184 1760 2231 plagis

302 2242 454 2285 prorsus.
471 2233 621 2268 confecti
644 2233 679 2267 in
703 2233 864 2268 coelitum
888 2239 1021 2268 coetum
1044 2233 1216 2269 abierunt.
1263 2245 1380 2270 eorum
1398 2234 1571 2267 cadavera
1586 2231 1762 2276 insepulta

302 2288 340 2311 in
371 2277 479 2314 solum
510 2279 663 2324 proieota
693 2279 754 2313 diu
785 2279 964 2314 admodum
989 2279 1127 2324 integra
1159 2285 1378 2323 manserunt,
1414 2279 1526 2313 donec
1547 2277 1598 2324 pii
1622 2277 1763 2322 quidam

305 2335 347 2357 ea
378 2324 622 2369 humaverunt,
659 2330 695 2360 et
726 2325 845 2360 eodem
879 2337 946 2371 quo
980 2325 1113 2359 Christi
1145 2331 1315 2370 martyres
1350 2325 1481 2359 honore
1510 2323 1644 2369 dignati
1666 2326 1762 2360 sunt·

303 2380 468 2413 germana
499 2371 552 2404 his
583 2376 664 2406 sunt
695 2371 852 2406 facinora
882 2370 1038 2406 monachi
1063 2371 1238 2406 cuiusdam
1261 2372 1329 2406 iam
1356 2371 1399 2406 ad
1422 2369 1654 2411 sacerdotium
1676 2380 1761 2417 pro-

301 2414 407 2449 vecti.
453 2415 484 2450 is
516 2416 634 2451 divino
670 2417 794 2452 mentis
826 2418 951 2452 ardore
985 2417 1117 2451 excitus
1142 2417 1178 2451 in
1200 2417 1324 2452 faciem
1355 2422 1505 2462 tyranno
1535 2415 1688 2459 restitit,
1725 2417 1763 2450 et

302 2471 379 2494 cum
402 2459 470 2495 alia
493 2462 596 2497 muita
619 2463 804 2507 disseruit,
825 2468 896 2498 tum
921 2463 1004 2500 illud
1025 2463 1124 2496 Pauli
1146 2463 1274 2498 dictum
1293 2462 1438 2508 protulit
1461 2462 1559 2506 (Gal.
1574 2462 1611 2505 1)
1632 2457 1762 2495 “exse-

303 2504 443 2539 crabilis
479 2513 577 2553 esto,
611 2509 807 2554 quicunque
840 2508 931 2544 aliud
955 2510 999 2544 ab
1023 2520 1064 2543 eo
1089 2510 1181 2554 quod
1208 2508 1393 2553 accepistis
1420 2507 1636 2552 evangelium
1658 2504 1761 2541 vobis

301 2547 449 2585 tradit.”
494 2554 555 2587 sed
587 2553 676 2589 hunc
705 2566 842 2600 quoque
865 2554 980 2591 multis
1002 2555 1210 2590 verberibus
1234 2554 1416 2590 mulcatum
1438 2553 1652 2598 imperator,
1684 2562 1762 2586 cum

301 2595 340 2630 in
372 2595 543 2642 colloquio
575 2601 844 2635 constantiorem
874 2601 1030 2645 videret,
1065 2601 1109 2635 ad
1130 2601 1271 2636 Iannem
1293 2611 1391 2635 suum
1418 2600 1589 2643 quondam
1615 2608 1762 2642 praecc-

301 2645 435 2687 ptorem
459 2654 499 2677 ac
523 2646 718 2688 magistrum
741 2646 852 2690 misit,
876 2647 1035 2682 mandato
1059 2651 1099 2683 ut
1120 2647 1166 2681 iis
1191 2646 1389 2682 monachum
1409 2643 1599 2679 dialecticis
1618 2644 1764 2678 demon-

303 2687 528 2741 strationibus
563 2701 584 2724 a
615 2693 793 2736 proposito
829 2692 1023 2728 diduceret.
1083 2693 1187 2727 istum
1223 2702 1359 2737 quoque
1391 2691 1531 2738 Iannem
1561 2689 1762 2736 praeclarus

301 2737 371 2767 iste
401 2739 553 2769 certator
585 2746 652 2769 non
684 2737 874 2772 dialecticis
899 2744 959 2773 aut
980 2738 1181 2784 sophisticis
1204 2736 1549 2780 ratiocinationibus,
1586 2736 1650 2771 sed
1675 2746 1763 2780 apo-

301 2778 437 2814 stolicis
459 2780 740 2827 evangelicisque
765 2783 868 2818 dictis
891 2784 988 2828 pisce
1012 2784 1121 2829 magis
1145 2788 1270 2818 mutum
1293 2782 1443 2826 redegit.
1490 2792 1531 2815 ac
1551 2785 1623 2816 tum
1647 2781 1761 2818 denuo

302 2824 417 2858 multis
455 2826 602 2861 affectus
636 2829 840 2863 verberibus
873 2830 983 2864 solum
1014 2836 1153 2864 vertere
1184 2829 1297 2863 iussus
1332 2833 1399 2862 est.
1445 2832 1529 2874 post
1563 2838 1649 2861 vero
1685 2837 1763 2863 cum

301 2880 425 2916 magno
442 2871 579 2918 Ignatio
603 2872 815 2920 aliquamdiu
836 2881 1063 2912 conversatus
1083 2886 1125 2912 ae
1145 2874 1189 2912 de
1209 2872 1448 2912 subsecuturis
1465 2872 1676 2920 vaticinatus
1695 2872 1762 2909 im·
