1916 3210
746 155 1122 200 GLOSSARIUM.
1556 153 1657 201 905

195 264 350 307 suidas:
370 259 595 333 ἆναβρλευς
611 263 682 307 καὶ
698 262 729 319 ἦ
746 262 857 320 ’παρα
873 263 1087 319 Ῥωμαίοις
1105 263 1296 320 λεγομένη
1315 260 1452 308 excita
1508 264 1660 306 Corona

195 323 381 377 pretiosa:
409 319 539 364 enata
557 321 666 364 scala.
722 335 760 362 ν.
778 323 936 391 Procop.
955 322 1077 364 Vand.
1097 319 1135 376 β’
1156 337 1194 376 p.
1221 322 1314 367 148.

311 377 561 432 ἑταιρεία,
598 375 973 432 ἔταιρειαρχης.
1028 380 1159 420 cohors
1179 393 1275 431 quae
1297 379 1490 419 constabat
1511 391 1556 418 ex
1571 378 1657 418 belli
1700 427 1702 430 7

195 436 304 476 sociis
326 440 368 476 et
387 436 600 476 foederatis.
656 436 762 475 huius
785 438 992 489 praefectus
1021 433 1291 491 ἓταιριᾶρχης,
1331 438 1408 476 sive
1434 441 1475 475 ut
1500 436 1660 487 loquitur

194 493 408 542 cedrenus,
448 489 694 544 ἑταιρείας”
666 507 813 545 αρχων.
868 497 975 532 erant
1006 498 1153 544 autem,
1196 499 1238 532 ut
1265 494 1448 533 Meursius
1473 493 1661 541 observat,

194 549 322 604 plures
337 549 517 589 eiusmodi
537 547 745 601 ἑταιρεῖαι,
774 563 927 601 quarum
947 561 1021 588 una
1046 549 1077 603 ἦ
1099 545 1252 604 μεγαλη
1272 551 1481 598 dicebatur,
1510 550 1662 600 eiusque

194 606 427 658 praepositus
448 603 570 658 μέγας
593 601 885 660 ἑταιρειάρχηςς
918 607 968 646 de
986 619 1061 658 quo
1080 607 1314 647 Constantin.
1333 606 1496 646 Manass.
1516 606 1659 657 Georg.

194 661 358 714 Logoth.
375 666 416 702 et
433 661 598 702 Nicetas.

309 713 494 772 ζιβήνη
533 719 675 768 sibina,
712 717 944 760 venabulum.
1002 718 1160 758 Glossae
1186 718 1397 759 Philoxeni·
1440 718 1659 759 venabulum

194 770 358 830 ζιβήνη.
413 776 466 814 sic
484 775 593 815 etiam
612 776 808 827 exponitur
825 776 862 814 in
878 775 998 814 Gloss
1017 775 1152 827 Cyrilli.

308 833 368 881 ζω
379 828 468 885 στή
498 845 615 882 genus
635 832 836 883 dignitatis.
891 833 1090 871 Codinus
1079 846 1119 871 in
1138 831 1427 885 παρεκβολαῒςε
1467 829 1537 872 καὶ
1561 846 1658 886 προ·

193 883 367 942 ἤρχοντο
400 887 446 928 αι
473 902 515 930 τε
542 887 683 938 ζωσταὶ
717 887 787 929 καὶ
824 887 868 929 οἱ
893 889 1095 942 πατρίκιοι
1129 887 1200 930 καὶ
1232 889 1274 930 οἱ
1292 884 1563 943 πραιπόσιτοι.
1617 902 1654 928 v.

193 951 273 985 not.
295 945 527 1012 posteriores.

306 1018 332 1054 η
346 997 603 1055 γούμενος
629 1000 869 1053 hegumenus,
892 1002 1019 1050 maior,
1047 1002 1165 1041 maior
1184 1002 1410 1051 monasterii,
1433 979 1657 1054 praefectus,

191 1060 438 1112 praepositum
507 1059 548 1097 S.
578 1058 801 1097 Athanasius
832 1059 870 1096 in
899 1059 1121 1129 metaphrasi
1148 1071 1204 1098 ms
1232 1058 1369 1098 Psalmi
1396 1061 1473 1108 67,
1517 1061 1566 1098 ad
1595 1059 1656 1097 illa

192 1127 287 1155 vers.
313 1117 368 1158 26
392 1111 709 1169 προέφθασαν”
681 1129 888 1182 αρχοντες,
926 1113 1014 1156 οἷ’
983 1111 1205 1185 ηγούμενοι
1222 1130 1306 1156 των
1326 1131 1527 1168 μοναχων.
1585 1117 1658 1167 Sy-

191 1173 312 1212 nodus
329 1169 495 1212 Nicaeua
513 1175 540 1213 2
562 1175 631 1212 act.
655 1172 701 1212 1.
746 1167 913 1224 Σάββας
939 1170 963 1212 o‘
990 1168 1269 1225 εὖλαβέστατος
1288 1170 1510 1225 ἡγούμενος
1530 1176 1658 1224 μονῆς

190 1230 276 1269 ταῖν
304 1229 543 1270 Στουδίων.·
585 1227 802 1267 Anastasius
824 1228 989 1267 biblioth.
1010 1231 1124 1268 vertit
1147 1228 1396 1280 hegumenus
1421 1230 1659 1268 monasterii

190 1282 343 1324 Studii.
399 1287 499 1326 idem
522 1284 694 1324 Anastas.
719 1285 883 1324 biblioth.
917 1286 955 1324 in
984 1286 1111 1325 histor.
1140 1286 1290 1326 eccles:
1329 1287 1497 1327 Petrum
1518 1288 1658 1339 Euge-

190 1338 355 1382 menum
375 1342 419 1382 S.
439 1341 583 1382 Sabae.
619 1342 703 1392 lege
722 1341 997 1394 hegumenum.
1048 1343 1189 1395 Synod.
1209 1342 1294 1383 Nic.
1323 1345 1359 1382 d
1386 1348 1458 1383 act.
1482 1345 1504 1384 1
1527 1340 1659 1410 nymf-

190 1414 316 1472 μενον
334 1401 582 1453 praepositum
600 1399 726 1438 vertit.
781 1399 937 1439 Ioannes
965 1399 1108 1438 Mosch.
1136 1399 1235 1439 Lim.
1266 1413 1298 1439 c.
1316 1401 1390 1443 95:
1432 1397 1659 1470 ἤγούμενος

190 1451 247 1509 ἦν
266 1457 340 1497 τοῦ
357 1456 566 1525 κοινοβίου
585 1457 660 1496 τοῦ
675 1451 908 1507 Ἀβαζᾶνου
965 1455 1105 1497 Pallad.
1126 1455 1243 1495 Laus.
1270 1470 1303 1495 e.
1321 1460 1396 1499 76:
1426 1453 1657 1510 ἡγούμενον

190 1514 344 1565 πολλῆς
373 1507 658 1582 ἆδελφότητος
714 1513 798 1551 hinc
828 1510 1090 1583 ἡγουμενεία,
1133 1514 1378 1566 praefectura.
1435 1515 1608 1565 Synodus
1629 1515 1656 1556 8

191 1570 397 1668 Οθεέοιπηεῐι.
423 1584 454 1610 c.
475 1569 524 1612 4.
563 1584 658 1617 τους
691 1565 735 1610 δὲ
771 1565 871 1624 παρ’
907 1565 1034 1610 αὐτοῦ
1067 1569 1125 1618 εἰς
1156 1567 1424 1624 ἥγουμενείαν
1456 1586 1659 1625 προχειρι-

189 1638 215 1668 σ
268 1641 361 1676 ντας

303 1682 458 1753 θέμα,
487 1680 769 1736 θεματικοί
794 1683 992 1734 provincia.
1050 1681 1263 1721 Cedrenus:
1294 1679 1362 1722 διοῖ
1385 1698 1466 1723 των
1482 1682 1659 1735 Ῥωμαϊ-

190 1742 279 1781 κῶν
295 1737 499 1794 θεμάτων,
528 1753 573 1778 ex
592 1739 796 1778 Romanis
807 1739 1046 1791 provinciis.
1088 1739 1303 1778 Anastasius
1333 1740 1497 1779 biblioth.
1519 1742 1554 1778 in
1573 1741 1658 1779 hist.

190 1797 345 1836 eccles.:
390 1803 477 1835 tam
504 1797 550 1834 in
568 1798 684 1848 regia
702 1796 798 1834 urbe
818 1811 943 1848 quam
966 1798 1011 1834 in
1026 1795 1270 1834 thematibus
1290 1795 1484 1848 degentes.
1529 1797 1658 1836 Theo-

189 1854 302 1892 dorus
316 1852 588 1923 Hermopolites
607 1853 700 1892 adl.
722 1856 749 1896 6
773 1852 799 1906 ὃ
822 1853 848 1893 8
871 1853 920 1894 D.
941 1854 990 1893 de
1009 1853 1105 1892 offic.
1129 1854 1312 1905 praesid..
1303 1867 1312 1876 ·
1344 1853 1386 1894 οἷ
1410 1849 1656 1906 στελλόμενοι

190 1907 376 1962 αρχοντες
405 1910 464 1959 εἰς
489 1906 562 1957 τοὶς
594 1908 783 1963 ἐπαρχίας
813 1907 904 1961 η’τοι
933 1910 991 1958 εἰς
1024 1907 1072 1950 vo?
1103 1909 1273 1962 θέματα.
1329 1910 1413 1949 hinc
1436 1908 1655 1963 θεματικός

188 1966 441 2020 provincialis3
478 1967 577 2006 idem
597 1966 779 2019 Hermop.
809 1967 872 2005 lib.
891 1968 918 2007 9
945 1968 1001 2005 tit.
1027 1968 1065 2007 1.
1122 1967 1304 2005 interdum
1334 1965 1442 2019 θέμα
1470 1968 1653 2018 legionem

190 2023 385 2074 significat.
441 2027 546 2063 vetus
570 2023 734 2064 Glossar.
754 2023 810 2062 tit.
834 2024 883 2062 de
902 2023 1056 2062 Militia.
1086 2023 1191 2075 legio
1215 2019 1348 2072 ταξις,
1391 2022 1512 2076 θέμα.
1569 2025 1654 2063 hinc

189 2079 405 2133 θεματικοί
425 2081 630 2131 legionarii.
690 2080 897 2119 cedrenus·
926 2078 1189 2132 συναχθέντες
1208 2078 1251 2120 δὲ
1272 2081 1314 2120 οἵ
1328 2080 1549 2132 θεματικοί,
1571 2081 1654 2118 the-

190 2138 336 2175 maciei
363 2137 524 2176 milites.
581 2136 751 2176 Anastas.
781 2136 947 2178 biblioth.
979 2138 1016 2175 in
1046 2137 1129 2176 hist.
1151 2138 1299 2177 eccles..
1339 2138 1572 2189 appellatus
1595 2144 1654 2175 est

191 2200 410 2247 imperator
431 2193 484 2232 ab
505 2193 692 2232 omnibus
712 2194 825 2231 ultra
844 2195 938 2231 sitis
956 2193 1212 2232 thematibus.
1268 2193 1433 2233 Historia
1451 2194 1556 2233 Misc.
1578 2197 1654 2238 22:

191 2258 230 2290 et
247 2265 342 2290 cum
365 2250 426 2290 ad
448 2250 722 2291 Orientalium
742 2250 889 2297 thema,
919 2252 1040 2288 cuius
1057 2258 1224 2303 praetor
1245 2257 1333 2290 erat
1350 2252 1551 2300 Lucinas,
1583 2265 1653 2288 cu.

187 2309 393 2348 *our-risset.
451 2309 500 2348 de
530 2309 600 2347 hoc
639 2308 801 2347 themate
831 2309 1065 2348 Constantin.
1107 2309 1219 2349 them.
1249 2312 1288 2351 1.
1345 2314 1385 2348 et
1408 2309 1518 2361 paulo
1546 2312 1655 2360 post:

189 2363 458 2404 Artabasdus
489 2372 628 2403 autem
662 2379 690 2402 a
721 2364 968 2402 thematibus
997 2366 1293 2416 pronuntiatus
1328 2372 1385 2403 est
1421 2367 1651 2417 imperator.

190 2426 229 2462 et
246 2423 406 2463 ibidem:
439 2423 622 2474 pervenit
648 2421 944 2460 Constantinus
970 2422 1248 2474 Chrysopolim
1270 2436 1363 2461 cum
1386 2421 1547 2460 duobus
1566 2422 1655 2460 the-

190 2481 356 2517 matteis
391 2479 606 2519 militibus.
663 2483 701 2518 et
734 2480 795 2517 lib.
829 2478 905 2522 24:
947 2479 1189 2517 mulieribus
1223 2494 1314 2518 vero
1346 2479 1654 2517 thematicorum

191 2537 387 2586 militum,
417 2538 491 2589 qui
504 2538 683 2587 fuerant
707 2537 753 2573 in
774 2536 999 2587 Bulgaria,
1026 2538 1125 2574 auri
1149 2538 1326 2589 quinque
1348 2537 1503 2575 talenta
1526 2535 1652 2574 dedit.

191 2594 386 2632 Codinus'
376 2607 413 2632 in
431 2594 697 2666 παρεκβολαῖς
714 2606 760 2632 ex
780 2593 960 2632 Chronico
980 2594 1199 2646 Cpolitano:
1231 2594 1390 2664 ε’γραψε
1411 2591 1454 2634 δὲ
1479 2592 1549 2634 καὶ
1567 2597 1652 2642 τοῖς

191 2654 424 2717 στρατηγοῖς
446 2649 515 2691 και
540 2665 758 2702 τοπαρχαις
788 2665 856 2690 και
881 2649 993 2699 δουξὶ
1017 2650 1083 2691 καὶ
1103 2652 1200 2691 πᾶσι
1232 2655 1315 2700 τοῖς
1338 2644 1456 2693 οὖσιν
1484 2646 1650 2717 αρχηγέ-

133 2722 139 2728 ·
190 2722 278 2755 ταις
309 2703 472 2748 πάντων
501 2722 584 2748 των
618 2708 834 2759 βασιλικῶν
866 2703 1056 2760 θεμάτων
1089 2703 1287 2760 οἷνατολῆς
1317 2723 1358 2749 τε
1388 2707 1455 2748 καὶ
1486 2703 1648 2757 δύσεως,

131 2785 134 2789 >
190 2777 339 2817 αρκτου
358 2762 426 2804 καὶ
447 2764 708 2817 μεσημβρίας.
751 2761 1021 2831 καβαλλαρικοῖ
1041 2763 1196 2817 θέματα
1219 2766 1318 2820 apud
1337 2765 1545 2806 Cedrenum
1561 2768 1649 2804 sunt

189 2824 380 2873 equestres
397 2822 545 2875 copiae·
577 2817 745 2863 ἱππικόν
764 2836 894 2876 ταγμα
912 2823 1143 2863 Herodiano.
