1890 3236
272 160 337 212 66
743 157 979 206 GEORGII
1008 159 1248 208 CEDRENI

224 293 255 329 c
277 276 374 330 ἔθος
394 272 594 335 ἐπεκράτει
618 272 728 327 τότε,
760 272 818 331 μή
831 306 846 328 ,
879 272 1013 332 ὥσπερ
1038 278 1124 327 νῦν,
1157 271 1269 317 ἔνδον
1290 278 1369 318 τῶν
1389 274 1625 330 βασιλείων,
1650 272 1720 321 ἵκ-

275 364 363 391 τοτε
396 346 522 400 λαβὸν
550 343 621 397 τὴν
651 341 793 400 ἀρχήν,
837 343 966 397 μένειν
994 344 1090 394 τοὺς
1122 346 1173 400 τῇ
1203 344 1388 402 ἐκκλησία
1419 347 1492 386 τοῦ
1524 344 1721 388 παλατιόυ

276 414 505 471 ψάλλοντας
530 410 764 468 κληρικούς,
805 410 908 454 ἀλλὰ
938 418 1022 462 τοῖς
1053 413 1168 462 ἰδίοις
1198 410 1342 462 οἴκοις,
1388 413 1477 468 περὶ
1508 411 1552 453 δὲ
1585 412 1722 468 τρίτην

279 482 464 541 φυλακὴν
491 483 562 534 τῆς
588 478 730 530 νυκτὸς
756 478 987 536 ἄγείρεσθαι
1007 479 1109 522 κατὰ
1137 479 1210 533 τὴν
1230 479 1499 535 ἐλεφαντίνην,
1535 479 1722 534 κάκεῖθεν

279 550 436 593 ἀπιέναι
463 547 564 605 πρὸς
589 547 662 602 τὴν
686 548 894 602 ἐκκλησίαν
920 549 987 590 καὶ
1014 552 1070 606 τῷ
1091 551 1177 605 θεῷ
1197 545 1464 598 τὰςὶωθινὰς
1485 544 1757 594 ἃποδιδόναιεί

280 615 412 671 εὐχάς.
479 614 635 666 τούτοις
653 615 690 657 οἳ
713 613 940 670 συνωμόται
966 615 1324 672 ἔγκαταμιχθέντες
1341 613 1452 667 τότε,
1488 613 1566 658 ὑπὸ
1591 613 1727 670 μάλης

280 685 492 742 ἐγχειρίδια
511 682 687 738 ἔχοντες,
720 682 996 741 συνεισῇεσαν,
1031 686 1096 727 καὶ
1119 683 1159 726 ἵν
1178 700 1253 725 τινι
1277 687 1463 741 σκοτεινῷ
1486 687 1559 738 τῆς
1586 685 1728 738 ἓκκλη-
1767 675 1770 678 ⁴

280 755 371 804 σιάς
397 750 637 807 λοχήσαντες
660 750 770 809 τόπῳ
796 752 842 795 τὸ
870 749 1064 807 σύνθημα
1090 751 1327 805 ἐξεδέχοντο.
1395 749 1451 801 ὡς
1481 750 1524 793 δ’
1558 748 1586 796 ὃ,
1604 749 1730 805 ὕμνος

285 822 570 878 διεπεραίνετο,
604 819 682 875 ἤδη
716 820 760 862 δὲ
787 825 920 877 παρῆν
950 822 1016 863 καὶ
1046 818 1067 863 ὃ
1097 817 1312 875 βασιλεύς,
1347 821 1414 861 καὶ
1432 822 1504 874 τῆς
1523 817 1730 877 ὖμνῳδίας

229 906 262 941 1)
285 891 458 946 ἐξῆρχεν,
493 888 548 939 ὥς
573 887 691 940 ἔθος,
732 885 820 946 “τῷ
848 886 1119 938 παντάνακτος
1144 885 1410 945 ἐξεφαύλισαν
1436 886 1592 945 πόθ·ῳ”
1628 883 1728 941 (εἶχε
1741 894 1784 931 10

283 957 384 1016 γάρ,
418 956 474 1008 ὥς
503 957 675 1011 εἴπομεν,
709 957 935 1014 τορωτέραν
967 955 1156 1014 φωνήν),
1200 954 1288 998 τότε
1327 956 1377 1010 δὴ
1421 953 1732 1012 εῗσπηδήσαντες

286 1024 442 1083 ἀθρόον
464 1026 502 1067 οἳ
525 1022 754 1079 συνωμόται
781 1025 824 1067 ἐκ
852 1025 926 1079 μὲν
951 1029 1026 1080 τῆς
1051 1023 1211 1081 πρώτης
1237 1021 1469 1086 ἡμάρτανον
1486 1026 1732 1079 προσβολῆς,

285 1093 387 1151 πρὸς
414 1093 484 1136 τὸν
515 1097 586 1135 τοῦ
614 1090 763 1148 κλήρου
796 1091 966 1149 ἔξαρχον
996 1092 1368 1147 ἀποπλανηθέντες,
1403 1091 1479 1134 εἴτε
1508 1091 1732 1148 παρόμοιον

287 1162 384 1205 ὅντα
400 1165 457 1218 τῷ
478 1165 643 1214 βασιλεῖ’
663 1160 767 1203 κατὰ
787 1161 861 1216 τὴν
878 1161 1108 1215 σωματικὴν
1128 1161 1353 1216 ἐμφέρειαν,
1389 1160 1463 1203 εἴτε
1484 1163 1535 1216 τῇ
1550 1161 1639 1217 περὶ
1660 1158 1733 1214 τὴν

287 1229 466 1287 κεφαλὴν
483 1227 602 1288 ὁμοίᾳ
620 1233 834 1286 περιβολῇ·
866 1223 917 1283 ἦν
934 1229 1012 1286 γὰρ
1035 1227 1061 1284 ῆ
1083 1227 1171 1284 ὥρα
1195 1226 1411 1284 κρυμώδης
1435 1244 1478 1270 τε
1507 1230 1574 1270 καὶ
1596 1227 1733 1283 χειμέ-
1746 1235 1788 1271 15

286 1315 394 1356 ριος,
428 1299 494 1339 καὶ
515 1297 584 1338 διὰ
599 1301 716 1339 τοῦτο
738 1298 778 1339 ἓν
794 1295 1064 1352 περιβλήμασι
1082 1295 1225 1346 πάντες
1241 1296 1518 1353 διεκαρτέρουν
1535 1311 1736 1351 στεγανω-

285 1366 439 1422 τέροις,
473 1366 600 1415 πίλοις
620 1364 694 1415 τὰς
713 1365 891 1422 κεφαλὰς
916 1363 1123 1415 ὀξυτάτοις
1149 1363 1518 1420 περικαλύπτοντες.
1587 1363 1684 1406 ἀλλ’
1712 1361 1734 1406 ὅ

284 1434 358 1488 μέν
380 1436 452 1476 τοῦ
472 1430 623 1489 κλήρου
643 1433 884 1488 καθηγεμὼν
904 1432 973 1475 τὸν
991 1434 1171 1475 κίνδυνον
1189 1430 1413 1484 ἀπεώσατο,
1441 1431 1511 1474 τὸν
1533 1435 1651 1474 πῖλον
1665 1435 1738 1486 τῆς

286 1505 465 1558 κεφαλῆς
483 1502 643 1558 ἀφελὼν
661 1503 727 1543 καὶ
752 1505 803 1558 τῇ
830 1499 1022 1560 φαλάκρᾳ
1051 1500 1123 1556 τὴν
1149 1501 1350 1557 σωτηρίαν
1368 1498 1736 1557 πραγματευσάμε-

285 1583 374 1619 νος·
409 1567 431 1611 ὃ
463 1569 508 1611 δὲ
535 1569 726 1622 βασιλεὺς
752 1567 1069 1623 συναισθόμενος
1100 1572 1172 1623 τῆς
1201 1569 1417 1622 ἐπιβουλῆς
1445 1570 1501 1618 εἷς
1529 1567 1580 1610 τὰ
1603 1566 1792 1616 ἄδυταρο

284 1641 359 1680 τοῦ
380 1626 672 1694 θυσιαστηρίου
691 1638 842 1689 εἷσέδυ,
877 1639 943 1680 καὶ
965 1637 1036 1692 τὴν
1064 1641 1138 1679 τοῦ
1158 1637 1430 1693 θυμιατηρίου
1457 1635 1596 1692 σειρὰν
1617 1637 1738 1693 διαρ-

286 1704 440 1756 πάσας,
483 1704 509 1759 ἢ
533 1704 588 1755 ὥς
613 1723 714 1756 τινες
734 1706 891 1761 λέγουσι
910 1710 1024 1748 θεῖον
1044 1702 1232 1760 σταυρόν,
1275 1704 1348 1754 τὰς
1366 1704 1494 1758 βολὰς
1511 1707 1591 1748 τῶν
1611 1707 1738 1758 πλητ-
1774 1758 1782 1768 .

147 1790 177 1826 Ρ
200 1788 268 1827 495
290 1771 438 1817 τόντων
455 1773 624 1826 ἐδέχετο.
692 1773 786 1815 ἀλλ’
809 1774 846 1816 οἱ
869 1771 1097 1828 συνωμόται
1119 1771 1268 1829 ἀθρόοι
1286 1774 1353 1814 καὶ
1375 1773 1422 1815 οὗ
1439 1772 1541 1825 καθ’
1566 1772 1635 1815 ἵνα
1652 1772 1739 1814 ἐπι-

289 1839 529 1899 δραμόντες,
562 1839 584 1883 ὃ
601 1841 675 1896 μὲν
690 1842 791 1884 κατὰ
813 1847 884 1898 τῆς
902 1846 1105 1900 κεφαλῆς,
1138 1839 1260 1892 ἄλλος
1279 1841 1383 1883 κατὰ
1403 1845 1484 1884 τῶν
1503 1838 1740 1896 σπλάγχνων

382 1971 427 2007 12
451 1966 603 2015 ἁθρόως
625 1969 656 2005 C
772 1970 816 2007 14
837 1971 935 2017 περὶ]
957 1968 1061 2017 παρὰ
1083 1970 1114 2005 C
1249 1970 1294 2006 21
1316 1969 1392 2005 τῶν
1414 1970 1686 2016 θυσιαστηρίου
1709 1969 1740 2004 P

289 2083 423 2132 perium
446 2082 598 2128 paravit.
644 2086 718 2118 mos
741 2087 825 2119 tunc
847 2087 924 2119 erat
945 2095 1014 2118 non
1040 2082 1072 2118 is
1102 2082 1163 2128 qui
1193 2094 1283 2118 nunc
1304 2087 1464 2128 tenetur,
1502 2084 1547 2118 ab
1570 2082 1630 2118 illo
1653 2087 1743 2118 tem-

290 2142 377 2176 pore
399 2134 573 2175 receptus,
596 2133 636 2164 ut
653 2129 714 2174 qui
731 2130 767 2164 in
790 2129 950 2165 Palatino
974 2129 1103 2174 templo
1125 2130 1277 2174 psallunt
1300 2128 1431 2173 clerici,
1461 2129 1497 2164 in
1520 2129 1619 2174 regia
1641 2128 1743 2164 habi-

290 2181 384 2210 tent:
420 2175 482 2210 sed
513 2174 659 2220 quisque
685 2175 776 2210 domi
805 2186 891 2210 suae
921 2176 1050 2220 degens
1082 2173 1175 2210 circa
1204 2174 1343 2209 tertiam
1375 2175 1487 2209 noctis
1518 2174 1673 2219 vigiliam
1698 2175 1745 2209 ad

290 2227 426 2266 portam
451 2220 711 2265 elephantinum
734 2232 797 2256 seu
821 2222 1004 2255 eburneam
1038 2221 1314 2264 conveniebant,
1347 2220 1498 2265 indeque
1520 2220 1557 2254 in
1583 2220 1746 2266 templum

290 2267 470 2311 progressi
499 2267 564 2302 deo
596 2267 762 2302 matutina
789 2273 873 2301 vota
896 2267 1153 2311 nuncupabant.
1198 2266 1243 2300 iis
1267 2272 1337 2300 tum
1361 2266 1531 2301 coniurati
1553 2278 1594 2300 se
1616 2265 1745 2312 permi-

292 2318 449 2357 scentes,
484 2312 692 2357 pugionibus
713 2313 833 2347 subter
863 2312 935 2347 alas
959 2312 1162 2356 occultatis,
1192 2322 1260 2346 una
1281 2311 1478 2355 intrabant,
1510 2311 1689 2357 abditique
1707 2311 1746 2346 in

293 2358 438 2391 obscuro
462 2358 582 2403 templi
604 2357 679 2392 loco
704 2362 870 2393 tesseram
897 2358 1159 2402 exspectabant.
1208 2358 1335 2402 hymno
1359 2357 1540 2401 absoluto,
1573 2357 1672 2392 venit
1691 2362 1746 2391 et-

292 2402 360 2436 iam
383 2403 583 2447 imperator,
607 2416 649 2438 ac
671 2415 735 2449 pro
759 2415 853 2438 more
876 2415 939 2438 suo
964 2414 1052 2438 voce
1071 2403 1257 2447 grandiore
1274 2403 1448 2438 intonavit
1464 2414 1603 2438 carmen
1622 2399 1747 2448 “spre-

292 2459 377 2481 vere
399 2449 519 2482 summi
544 2454 668 2484 cuncta
692 2461 807 2484 amore
827 2445 1035 2496 principis.”
1081 2453 1151 2484 tum
1175 2449 1348 2484 coniurati
1377 2449 1558 2483 confertim
1582 2448 1746 2494 impetum

292 2492 474 2537 dederunt,
498 2493 557 2538 qui
579 2506 639 2528 eos
662 2494 763 2530 initio
788 2507 851 2541 per
874 2505 1027 2530 errorem
1050 2494 1086 2529 in
1111 2494 1195 2529 cleri
1218 2494 1419 2540 magist-rum
1442 2493 1535 2538 tulit,
1559 2493 1636 2528 sive
1654 2493 1747 2538 quod

294 2538 326 2572 is
350 2549 495 2583 corpore
517 2539 717 2584 imperatori
739 2541 905 2576 adsimilis
927 2546 1023 2584 erat,
1053 2540 1131 2575 sive
1154 2540 1246 2586 quod
1269 2545 1373 2585 caput
1392 2539 1496 2574 simili
1520 2544 1619 2574 veste
1649 2538 1747 2572 vela-

293 2587 413 2618 verat}
449 2589 525 2618 erat
545 2585 634 2619 enim
654 2590 809 2632 tempore
833 2598 873 2620 eo
896 2597 1054 2631 magnum
1076 2586 1176 2631 gelu,
1209 2586 1359 2631 ideoque
1381 2584 1496 2630 quivis
1521 2589 1626 2628 caput
1649 2594 1747 2619 suum

295 2629 456 2663 densiore
477 2629 568 2674 pileo
590 2634 718 2666 tectum
740 2643 807 2666 non
830 2632 1039 2667 denudabat.
1086 2632 1147 2666 sed
1171 2632 1362 2676 is¹quidem
1382 2630 1475 2675 pileo
1499 2630 1608 2675 capiti
1627 2630 1747 2664 detra-

296 2679 365 2718 cto,
388 2679 525 2709 ostensa
548 2674 709 2720 calvitie,
745 2678 899 2723 periculo
921 2689 961 2712 se
978 2677 1164 2712 subtraxit.
1210 2677 1400 2722 imperator
1423 2675 1568 2711 insidias
1589 2675 1747 2710 sentiens

294 2719 333 2754 in
357 2720 532 2764 penetrale
549 2720 667 2756 altaris
690 2733 730 2756 se
753 2723 926 2766 subduxit,
953 2724 1165 2769 dereptaque
1189 2721 1353 2757 thuribuli
1377 2726 1520 2765 catena,
1547 2726 1606 2756 aut
1628 2725 1667 2755 ut
1684 2721 1748 2755 alii

294 2764 491 2810 perhibent,
512 2765 595 2801 diva
616 2777 728 2811 cruce,
754 2767 842 2802 ictus
866 2779 1106 2812 percussorum
1130 2768 1280 2813 excepit.
1328 2777 1447 2801 verum
1470 2766 1496 2800 ii
1518 2778 1586 2800 non
1615 2765 1747 2811 singuli

295 2810 357 2846 sed
379 2810 473 2846 facto
494 2822 603 2849 cuneo
627 2812 819 2859 irruentes,
853 2813 940 2849 alius
964 2814 1095 2861 capiti,
1118 2813 1234 2849 ventri
1257 2812 1362 2858 alius,
1388 2811 1476 2848 alius
1503 2812 1564 2847 alii
1587 2812 1747 2858 corporis
