1890 3236
306 203 402 253 104
777 199 1012 248 GEORGII
1044 199 1289 248 GEDREM

301 316 389 374 ἅμα
405 314 555 370 ταύτας
575 318 630 366 εἷς
644 321 784 372 χεῖρας
803 313 1063 370 ἐμβάλλουσα
1089 313 1315 374 (ἐφύλαττε
1335 319 1380 362 δὲ
1398 314 1440 362 ἓν
1460 335 1542 363 τινι
1553 313 1751 380 κιβιοπῖᾳ)

301 392 359 446 τῷ
385 403 428 430 τε
453 383 655 442 προσώπῳ
683 385 750 426 καὶ
778 390 862 435 τοῖς
886 386 1058 440 χείλεσιν
1078 385 1211 428 αὐτῶν
1225 386 1476 443 ἐπιτιθεμένη
1495 386 1654 444 ἦγίαξε,
1680 391 1754 433 καὶ

299 455 402 512 πρὸς
418 454 463 496 τὸ
484 453 639 495 ἐκείνων
657 450 867 509 ἀνηρέθιζε
884 454 1064 511 φίλτρον.
1110 458 1229 497 τοῦτο
1251 450 1321 498 οὖν
1337 457 1549 511 ἐνδελεχῶς
1564 461 1751 511 ποιοῦσα,

297 525 366 566 καὶ
394 527 483 572 ταῖς
511 517 686 577 ἐγγόνοις
713 521 784 564 τὸν
812 524 901 580 περὶ
930 521 1004 572 τὰς
1035 523 1151 573 θείας
1179 521 1333 574 εἰκόνας
1358 523 1491 567 πόθον
1516 523 1752 570 ἀνάπτουσαι

246 599 279 635 D
303 591 375 634 οὔκ
400 588 525 632 ἔλαθε
553 589 622 631 τὸν
651 587 853 648 Θεόφιλον
880 589 1185 646 πυνθανόμενον
1215 589 1238 633 ὅ
1263 608 1302 634 τι
1327 609 1371 635 τε
1392 592 1532 645 αὗταῖς
1547 593 1661 651 παρὰ
1677 598 1783 650 τῆς-5

294 657 468 714 μάμμης
495 655 718 714 δεδώρηται
748 660 816 701 καὶ
848 657 871 702 ὅ
898 676 936 702 τι
961 656 1130 717 χάριτος
1149 660 1395 717 ἐξείργασται
1415 659 1540 713 ἄξιον.
1599 662 1651 705 ἀἱ
1676 663 1751 718 μὲν
1778 684 1781 687 ’

295 721 368 770 οὖν
406 725 527 768 ἄλλαι
565 726 638 777 τὰς
678 726 824 769 τούτου
859 724 1037 780 πεύσεις,
1080 729 1291 786 σταθηρὸν
1336 728 1499 784 ἔχουσαι
1545 729 1750 788 φρόνημα,

294 794 430 852 ὥσπερ
454 794 566 845 τινὰς
585 795 716 850 λαβὰς
735 794 968 853 ἐρρωμένως
987 798 1249 854 παρέτρεχον·
1283 795 1310 852 ἦ
1333 798 1376 840 δὲ
1394 799 1628 856 Πουλχερία
1644 799 1750 842 κατὰ

291 863 365 918 τὴν
396 861 552 918 ἡλικίαν
584 862 831 918 νηπιάζουσα
861 863 935 915 τάς
963 881 1005 907 τε
1034 863 1338 924 φιλοφροσύνας
1373 867 1555 923 κατέλεγε
1593 868 1661 910 καὶ
1677 864 1748 911 [τὸ

291 935 453 987 πλῆθος
474 936 554 974 τῶν
583 931 774 989 ὀπωρῶν,
801 933 1030 989 προσετίθει
1059 935 1103 976 δὲ
1131 936 1198 976 καὶ
1219 934 1292 990 τὴν
1313 939 1393 977 τῶν
1416 940 1572 978 σεπτῶν
1586 934 1804 979 εῗκόνωνίθ

289 997 584 1057 προσκύνησιν,
620 999 725 1042 οὕτω
756 1001 800 1042 δὲ
829 998 967 1042 ἁπαλὰ
1002 1007 1211 1060 φρονοῦσα
1240 1005 1308 1046 καὶ
1335 1003 1528 1059 λέγουσα,
1563 1002 1619 1055 ὥς
1645 1006 1749 1047 marla

286 1068 420 1110 πολλὰ
443 1068 502 1123 εἴη
525 1068 627 1125 αὐτῇ
648 1068 752 1111 κατὰ
771 1068 817 1112 τὸ
839 1068 1046 1123 κιβώτιον,
1080 1073 1146 1113 καὶ
1169 1076 1296 1114 ταῦτα
1317 1076 1368 1129 τῇ
1389 1076 1548 1129 κεφαλῇ
1570 1074 1748 1124 καὶτοῖς

287 1134 519 1193 προσώποις
538 1134 652 1191 ἡμῶν
675 1138 878 1193 ἐπιτίθησι
896 1138 998 1192 μετὰ
1017 1139 1067 1181 τὰ
1088 1138 1312 1196 φιλήματα.
1378 1140 1601 1183 ταῦταπτὸν
1622 1145 1748 1196 βασι-

286 1205 360 1247 λέα
389 1206 442 1255 εἲς
467 1206 615 1259 μανίαν
636 1204 807 1263 διήγειρε
815 1238 829 1257 ,
859 1209 1009 1264 πρᾶξαι
1028 1207 1076 1250 δέ
1091 1224 1130 1250 τι
1149 1213 1228 1250 τῶν
1250 1209 1578 1265 ὃραστικωτέρων
1592 1210 1652 1260 ἐἷς
1668 1209 1746 1252 αὗ-

283 1273 359 1328 τὴν
391 1271 607 1325 ἐκωλύετο,
642 1279 692 1330 τῇ
726 1292 768 1317 τε
797 1274 898 1332 πρὸς
930 1275 1004 1329 τὴν
1035 1282 1205 1332 γυναῖκα
1234 1277 1346 1318 aido?
1368 1278 1435 1318 καὶ
1464 1277 1744 1338 εὖλαβείᾳικαὶ
1757 1281 1800 1318 15

284 1342 403 1384 πλέον
421 1336 449 1398 ᾖ
465 1341 652 1398 ἐκέχρητο
674 1344 878 1402 παρρησίᾳ
902 1342 1129 1399 εἰργόμενος
1155 1346 1251 1399 (καὶ
1270 1344 1347 1400 γὰρ
1368 1339 1417 1399 ἦν
1436 1342 1639 1403 ἀριδήλως
1657 1345 1745 1388 ἔπι·-

284 1407 526 1453 σκώπτουσα
553 1415 695 1453 τοῦτον
724 1413 792 1453 καὶ
821 1412 1077 1466 διελέγχουσα
1103 1413 1169 1454 ἐπί
1191 1430 1233 1455 τε
1255 1419 1338 1462 τοῖς
1357 1413 1461 1455 καθ’
1488 1412 1645 1472 ἡμέραν
1664 1417 1746 1457 τῶν

140 1480 172 1516 Ρ
193 1482 265 1520 516
287 1475 543 1533 ὅμολογητῶν
564 1480 754 1534 διωγμοῖς
774 1481 841 1522 καὶ
859 1483 911 1536 τῇ
931 1482 1159 1538 ὁηλωθείσῃ
1180 1481 1348 1538 αἱρέσει,
1382 1482 1450 1523 καὶ
1471 1480 1577 1537 μόνη
1598 1487 1746 1540 μικροῦ

284 1546 464 1604 φανερὰν
506 1551 678 1590 ποιοῦσα
716 1547 790 1603 τὴν
832 1547 936 1604 πρὸς
973 1548 1095 1591 αὐτὸν
1134 1553 1213 1592 τῶν
1256 1547 1444 1592 ἁπάντων
1480 1549 1742 1605 ἀπέχθειαν),

283 1613 430 1657 ἐκώλυε
460 1615 505 1657 δὲ
533 1614 657 1670 μόνον
683 1616 756 1672 τὴν
782 1616 883 1674 πρὸς
904 1616 975 1672 τὴν
998 1617 1240 1673 Θεοκτίστην
1261 1622 1341 1661 τῶν
1359 1619 1598 1677 θυγατέρων
1616 1619 1799 1663 αὗτοῦΞΟ

283 1683 434 1741 ἄφιξιν.

420 1749 594 1802 Τούτοις
623 1751 886 1809 παραπλήσια
914 1753 1141 1809 συμβέβηκε
1172 1755 1240 1796 καὶ
1262 1758 1313 1811 τῇ
1332 1755 1512 1809 βασιλίδι
1533 1753 1743 1817 Θεοδώρου.

283 1819 470 1880 ἐτρέφετο
489 1821 602 1878 παρὰ
627 1827 711 1872 τοῖς
734 1823 951 1876 βασιλείοις
980 1820 1197 1880 ἀνδράριον
1220 1824 1574 1881 παρακεκομμένον
1595 1826 1662 1867 καὶ
1685 1830 1742 1885 τῷ

371 1951 395 1986 7
422 1947 570 1995 ἔχουσαι
591 1947 632 1985 τὸ
661 1947 804 1984 τούτων
827 1962 890 1994 φρ.
915 1951 945 1986 C
1066 1953 1109 1988 16
1131 1949 1241 1997 ἐχρῆν
1263 1952 1292 1987 Ρ
1410 1954 1454 1989 19
1477 1950 1597 1999 αὐτὴν
1619 1951 1740 1991 ἀποίν-

371 2008 446 2031 των
469 1997 498 2031 Ρ
633 1997 679 2031 20
701 1994 853 2032 ἐκώλυσε
878 1997 906 2031 Ρ

279 2109 404 2156 puellis
429 2109 544 2155 dedit,
579 2109 752 2155 facieique
774 2115 811 2145 et
832 2110 936 2145 labiis
960 2110 1136 2155 admovit,
1171 2115 1212 2146 ut
1234 2122 1351 2147 earum
1379 2123 1528 2147 amorem
1551 2112 1737 2152 excitaret.

280 2157 347 2190 hoc
371 2167 446 2190 cum
470 2156 531 2191 illa
552 2155 739 2190 identidem
761 2161 901 2201 ageret,
940 2162 978 2190 ut
1009 2156 1217 2191 desiderium
1241 2157 1353 2192 cultus
1376 2158 1627 2193 venerabilium
1649 2159 1739 2195 ima-

279 2202 396 2246 ginum
420 2202 456 2236 in
479 2203 640 2247 neptibus
663 2203 882 2246 accenderet,
904 2214 973 2236 non
992 2201 1118 2236 fefellit
1134 2203 1380 2249 Theophilum.
1412 2216 1490 2239 nam
1508 2204 1538 2239 is
1556 2203 1742 2250 aliquando

281 2259 356 2282 cum
379 2248 471 2283 filias
493 2248 723 2293 interrogaret
746 2248 909 2292 quidnam
933 2249 975 2282 ab
1000 2248 1080 2282 avia
1104 2248 1270 2283 donorum
1294 2250 1535 2296 accepissent,
1571 2257 1632 2286 aut
1655 2251 1742 2296 quid

281 2295 403 2328 scitum
437 2293 610 2338 egissent,
642 2294 786 2339 reliquis
815 2294 1122 2339 interrogationem
1155 2294 1230 2329 eius
1262 2295 1372 2330 veluti
1399 2307 1516 2331 ansam
1538 2302 1741 2332 constanter

280 2339 552 2385 declinantibus,
577 2339 763 2374 Pulcheria
785 2339 933 2374 tenellae
957 2340 1082 2374 aetatis
1106 2339 1327 2385 simplicitate
1350 2342 1471 2387 ducta,
1497 2353 1598 2387 quarn
1615 2342 1742 2378 blande

281 2390 452 2419 tractatae
475 2391 591 2420 essent
612 2397 653 2421 ac
676 2397 776 2431 quam
801 2385 909 2420 variis
933 2385 1104 2420 fructibus
1139 2387 1287 2421 donatae
1324 2399 1520 2433 exponens,
1553 2387 1740 2434 imaginum

281 2441 421 2475 quoque
444 2432 676 2466 adorationem
698 2430 871 2477 prodidit,
904 2432 1006 2466 aviae
1029 2431 1066 2466 in
1089 2431 1178 2466 cista
1201 2432 1324 2467 multas
1349 2444 1426 2467 esse
1449 2445 1584 2487 puppas
1606 2434 1739 2478 dicens,

282 2486 368 2519 quas
401 2476 552 2521 ipsarum
579 2477 751 2531 capitibus
777 2483 812 2512 et
834 2477 985 2512 vultibus
1011 2489 1052 2512 ea
1074 2481 1155 2522 post
1177 2477 1291 2512 oscula
1315 2479 1536 2524 applicuerit.
1584 2479 1628 2517 ob
1650 2479 1739 2523 haec

279 2521 399 2555 furore
434 2523 586 2567 percitus
616 2529 805 2569 1mperator
835 2524 954 2558 durius
986 2527 1100 2558 tamen
1124 2522 1160 2557 in
1184 2535 1318 2558 socrum
1342 2530 1497 2559 statuere
1523 2524 1608 2558 nihil
1634 2536 1738 2560 ausus

281 2571 354 2610 est,
379 2567 577 2602 reverentia
600 2569 716 2603 uxoris
742 2574 777 2603 ct
799 2569 904 2603 multo
927 2569 1037 2614 magis
1062 2567 1173 2614 ipsius
1192 2569 1419 2604 Theoctistae
1439 2569 1603 2604 libertate
1625 2569 1738 2616 impe-

281 2611 374 2646 ditus
413 2612 516 2655 (nam
539 2625 701 2657 generum
725 2626 768 2649 ea
792 2615 903 2661 palam
927 2615 1183 2658 insectabatur,
1215 2614 1562 2660 reprehendebatque
1592 2621 1738 2662 propter

280 2657 502 2702 quotidianas
525 2659 759 2694 confessorum
782 2661 985 2696 vexationes
1005 2659 1264 2704 haeresimque,
1297 2665 1334 2695 et
1363 2661 1457 2694 ferre
1486 2660 1561 2695 sola
1593 2661 1737 2696 univer—

281 2714 395 2737 sorum
419 2703 456 2737 in
473 2714 556 2783 gum
578 2704 658 2740 odia
678 2706 959 2751 patefaciebant
994 2711 1126 2741 tautum
1152 2705 1290 2741 filiabus
1312 2705 1413 2744 aviae
1435 2705 1534 2741 aditu
1555 2706 1594 2741 in
1616 2712 1736 2754 poste-

281 2759 356 2784 rum
379 2749 471 2784 inter
496 2749 573 2784 ixit.
1149 2757 1155 2767 ¹

373 2816 504 2851 Similis
535 2828 636 2853 casus
665 2818 841 2864 Augustae
875 2817 1014 2863 obtigit.
1061 2818 1220 2853 alebatur
1250 2817 1288 2852 in
1315 2817 1395 2853 aula
1414 2817 1595 2854 homuncio
1618 2820 1739 2865 fatuus

281 2865 318 2897 et
339 2861 517 2898 Homerici
541 2862 731 2901 Thersitae
753 2864 959 2911 persimilis,
993 2863 1164 2899 Denderis
1186 2864 1343 2910 nomine,
1374 2863 1562 2911 impeditae
1583 2865 1735 2912 linguae,
