1890 3236
321 195 418 242 322
633 205 637 209 ’
710 236 713 239 ,
791 188 1028 236 GEORGH
1060 189 1304 234 CEDRENI

322 325 383 355 σει
402 310 459 368 τῷ
478 303 610 362 πατρί.
651 302 673 346 ὃ
691 303 764 359 μὲν
782 296 854 346 οὖν
873 299 1337 360 Χριστοφόροςέἰρθασε
1356 301 1426 346 τὸν
1443 303 1534 356 βίον
1549 302 1745 349 ἀπολιπεῗι
1757 335 1767 350 ,

321 380 514 434 περιῆσαν
546 372 591 430 δ’
626 370 682 414 ἔτι
710 371 920 428 Στέφανος
950 373 1017 415 καὶ
1051 372 1366 421 Κωνσταντΐνος.
1430 368 1584 414 τούτων
1609 371 1769 428 ἐγνώκει

322 443 668 499 ἀποπειραθῆναι,
701 437 759 494 μή
788 455 873 489 πως
900 441 1060 496 δυνηθῇ
1082 440 1338 495 ἐκπληρῶσαι
1364 437 1409 481 τὸ
1434 437 1768 497 σπουδαζᾷμενον.

302 512 390 554 ,καὶ
417 514 492 553 τοῦ
518 509 593 563 μὲν
621 508 925 551 Κωνσταντίνου
957 502 1027 563 (ἦν
1054 507 1131 564 γὰρ
1163 501 1280 557 οὗτος
1310 507 1576 563 στερεωτέρας
1596 506 1769 566 smadg)

321 578 646 635 ἀποπειραθῆναι
673 575 746 618 οὐκ
774 574 968 631 ἐτόλμησε
978 607 992 627 ,
1026 577 1173 632 τρέψαι
1195 577 1239 617 δὲ
1258 574 1331 630 τὴν
1347 579 1481 619 πᾶσαν
1500 574 1685 631 μηχανὴν
1700 578 1768 622 καὶ
1782 585 1803 618 5

304 644 544 703 ,ἀπόπειραν
560 644 685 702 ἔκρινε
705 643 807 701 πρὸς
825 643 895 686 τὸν
915 644 1136 701 Στέφανον,
1155 641 1415 700 Δκουφότερόν
1434 659 1476 686 τε
1498 642 1596 687 ὄντα
1612 643 1683 689 τὸν
1699 646 1776 687 20--

320 714 464 771 γισμὸν
481 715 548 756 καὶ
566 713 714 773 ῥαδίως
731 710 1054 770 μεταφερόμενον
1073 711 1173 769 πρὸς
1193 710 1215 754 ὅ
1236 729 1297 763 τις
1316 713 1383 754 καὶ
1400 709 1604 765 βούλοιτο.
1647 715 1769 766 Δλαμ-

272 790 302 826 Β
324 781 437 837 βάνει
457 781 558 839 πρὸς
578 785 697 824 τοῦτο
720 779 979 838 συλλήπτορα
999 781 1066 823 καὶ
1088 780 1277 836 συνεργὸν
1296 780 1427 837 εὐφυῆ
1446 779 1537 822 τινὰ
1555 778 1771 838 ἄνδρακαὶ

324 849 470 901 δόλους
480 850 628 903 7πλέξαι
649 850 714 891 καὶ
736 853 1103 907 μηχανορραφῆσαι
1121 846 1270 891 δεινόν·
1315 849 1529 899 Βασίλειος
1545 841 1662 900 οὗτος
1678 845 1771 891 ἐτύ-

323 935 480 976 γχανεν,
514 915 536 960 ὅ
554 917 745 967 Πετεινός
772 916 846 972 τὴν
875 918 1159 974 προσηγοριάν,
1200 917 1243 959 ἓν
1269 920 1326 975 τῷ
1357 914 1530 972 τάγματι
1558 921 1631 972 τῆς
1660 915 1769 961 ἔται·
1782 925 1825 962 10

324 989 434 1044 ρείας
452 986 768 1042 κατειλεγμένος,
802 986 869 1028 καὶ
889 983 1071 1040 συνήθης
1094 987 1160 1028 καὶ
1182 986 1299 1042 φίλος
1327 985 1426 1036 ἐξέτι
1456 985 1555 1027 νέων
1579 982 1772 1042 ὓπάρχων

323 1059 383 1114 τῷ
402 1055 706 1111 Κωνσταντίνῳ.
774 1058 914 1096 τοῦτον
937 1053 1126 1096 κοινωνὸν
1150 1051 1408 1110 προσειλήφει
1431 1056 1504 1097 τοῦ
1528 1053 1770 1108 σκέμματος,

325 1126 393 1166 καὶ
415 1122 473 1166 δι’
496 1123 621 1165 αὗτοῦ
639 1123 756 1180 φίλον
775 1122 929 1164 θέσθαι
949 1123 1198 1177 κατηπείχθη
1218 1121 1286 1164 τὸν
1304 1121 1524 1179 Στέφανον,
1554 1119 1688 1178 λόγοις
1705 1121 1771 1164 αἷ-

323 1192 482 1247 μυλίοις
507 1189 787 1234 ὗποκλαπέντα
816 1192 884 1233 καὶ
912 1188 1085 1240 ἀπάταις
1108 1191 1175 1232 καὶ
1210 1196 1408 1244 μηχαναῖς
1435 1188 1771 1246 παρενηνεγμένον

324 1265 398 1304 τοῦ
420 1263 627 1316 λογισμοῦ.
673 1257 802 1302 πάντα
821 1259 899 1315 γὰρ
921 1257 1069 1315 τρόπον
1086 1256 1322 1308 σπουδάσας
1343 1255 1364 1300 ὅ
1382 1256 1572 1308 Πετεινὸς
1590 1261 1648 1316 τῷ
1667 1260 1769 1301 Ere·
1781 1261 1824 1298 15

325 1326 441 1386 φάνῳ
464 1331 736 1384 φιλιωθῆναι,
770 1326 906 1382 ἐπειδὴ
934 1328 1171 1384 πεφιλίωτο,
1206 1325 1372 1383 προσῄει
1401 1342 1443 1369 τε
1474 1330 1671 1380 συνεχῶς,
1704 1327 1772 1369 καὶ

325 1395 469 1453 λόγους
485 1397 600 1438 ἐκίνει
618 1397 684 1438 καὶ
701 1400 874 1453 προσῆγε
891 1395 1127 1449 συμβουλὰς
1142 1393 1429 1447 ὗποκνιζούσας
1443 1393 1564 1437 αὐτὸν
1582 1395 1648 1437 καὶ
1669 1394 1770 1436 κατὰ

276 1469 308 1505 C
329 1463 474 1522 μικρὸν
506 1461 740 1519 ἀπαγούσας
768 1468 841 1506 τοῦ
869 1467 1081 1519 λογισμοῦ,
1110 1461 1212 1505 “‘c'va
1233 1465 1275 1506 τί
1281 1463 1304 1478 ''
1343 1464 1480 1518 λέγων,
1506 1457 1773 1516 ιἰἶϊρἀσιλείιᾈ

325 1533 414 1584 νέος
431 1531 485 1575 ὢν
505 1531 618 1586 ἲσχύϊ
629 1549 670 1574 τε
692 1531 917 1588 ῥωμαλέος,
954 1533 1021 1574 καὶ
1038 1536 1174 1587 ψυχῆς
1193 1529 1435 1587 γενναιότητι
1451 1528 1689 1588 ὑπερφέρων
1705 1532 1773 1573 καὶ

327 1598 519 1659 φρονήσει
547 1600 868 1653 πεπυκνωμένος,
908 1599 960 1643 τὰ
988 1598 1205 1657 πράγματα
1235 1604 1417 1658 παρορᾷς
1437 1598 1517 1641 ἀπὸ
1538 1602 1682 1642 λεπτοῦ
1704 1599 1827 1642 καὶΞΟ

329 1672 505 1711 παλαιοῦ
525 1670 591 1710 καὶ
613 1667 876 1725 δίερρωγότος
898 1668 1050 1722 μι’του”
1086 1668 1155 1710 τὸν
1177 1667 1302 1710 αὐτοῦ
1323 1667 1474 1724 πατέρα
1495 1664 1774 1722 ὑπαινιττόμε-

331 1754 399 1787 νος
425 1735 710 1792 ι(ε”ξᾱρτώμενα
721 1768 734 1787 ,
775 1739 839 1778 καὶ
862 1736 908 1778 οὗ
931 1737 1181 1779 ὃιανίστασαι
1194 1768 1207 1787 ,
1241 1738 1308 1778 καὶ
1327 1740 1468 1778 τοῦτον
1483 1735 1556 1790 μὲν
1575 1734 1630 1786 ὥς
1649 1733 1776 1790 ε’μπό-

329 1806 415 1848 ὁιον
434 1812 522 1855 ταῖς
543 1811 634 1855 σαῖς
650 1803 944 1861 γενναιοτάταις
963 1802 1107 1861 ὁρμαῖς
1126 1804 1304 1847 ἓκποὸὡν
1322 1810 1458 1855 ποιεῖς,
1493 1803 1616 1854 αὐτὸς
1635 1804 1679 1846 δὲ
1695 1807 1774 1847 τῶν

329 1871 576 1932 πραγμάτων
610 1872 886 1930 ἀντιλαμβάνῃ
897 1905 910 1925 ‚
967 1870 1187 1928 δυνάμενος
1224 1873 1299 1926 οὐχ
1323 1871 1432 1923 ὅπως
1458 1872 1531 1928 τὴν
1566 1870 1775 1927 Ῥωμαίων

421 1980 465 2017 18
490 1979 560 2015 νοῦ
583 1980 614 2015 C
749 1981 795 2016 22
814 1976 1043 2025 ἑξαρτοόμενα
1063 1991 1117 2015 om
1138 1980 1168 2015 C

328 2071 467 2107 citaret.
513 2071 578 2106 iam
600 2070 638 2105 in
661 2072 733 2106 fata
757 2075 975 2106 concesserat
995 2070 1193 2115 christifer,
1218 2075 1254 2106 et
1276 2074 1481 2117 supererant
1499 2070 1697 2117 Stephanus
1720 2074 1774 2105 at-

329 2129 397 2164 que
421 2117 682 2152 Constantinus.
706 2129 848 2162 quorum
871 2118 960 2152 hunc
985 2123 1024 2152 ut
1043 2118 1148 2152 animi
1168 2118 1352 2152 firmiorem
1375 2117 1552 2152 solicitare
1572 2128 1640 2152 uon
1661 2127 1776 2161 ausus,

322 2161 370 2198 'ut
399 2163 593 2198 institutum
624 2164 829 2208 conficeret,
867 2164 982 2198 omnia
1011 2175 1075 2198 sua
1106 2164 1252 2199 consilia
1282 2175 1323 2198 ac
1351 2163 1466 2198 studia
1495 2163 1540 2197 ad
1563 2161 1776 2208 Stephanum

330 2210 612 2254 corrumpendum
635 2210 790 2252 confert,
826 2211 999 2244 vaniorem
1029 2210 1162 2244 scilicet
1191 2216 1228 2244 et
1258 2209 1294 2243 in
1323 2220 1410 2254 quas
1433 2208 1512 2254 quis
1533 2208 1640 2243 vellet
1659 2212 1779 2254 partes

330 2254 590 2292 mutabiliorem.
638 2267 712 2290 eam
749 2257 791 2290 ad
827 2267 897 2289 rem
927 2255 1057 2290 socium
1090 2255 1185 2300 capit
1214 2261 1319 2301 atque
1350 2254 1585 2289 administrum
1613 2252 1779 2289 Basiliam

326 2306 555 2345 ,cognomento
579 2300 774 2340 Volucrem,
809 2301 976 2335 hominem
1002 2302 1151 2347 prompti
1177 2300 1309 2346 ingenii
1332 2305 1368 2335 et
1389 2300 1690 2335 machinandarum
1710 2298 1780 2334 sal-

330 2346 497 2380 laciarum
521 2346 674 2392 apprime
699 2346 868 2391 callidum,
893 2353 975 2381 tunc
997 2347 1033 2381 in
1057 2348 1231 2382 cohortem
1253 2346 1448 2382 sodalitatis
1470 2345 1639 2387 allectum,
1662 2350 1698 2380 et
1717 2343 1778 2390 qui

331 2403 353 2425 a
378 2403 485 2436 puero
511 2393 735 2427 Constantino
773 2393 886 2427 fuerat
911 2399 1013 2427 notus
1036 2398 1140 2438 atque
1163 2392 1356 2427 familiaris.
1402 2403 1466 2437 per
1489 2391 1579 2427 hunc
1600 2391 1671 2426 sibi
1694 2390 1777 2425 Ste-

325 2437 479 2481 phanum
496 2436 758 2484 quamprimum
782 2439 925 2473 amicum
950 2439 1068 2473 facere
1095 2440 1221 2483 studet,
1247 2438 1381 2473 blandis
1403 2438 1490 2472 dece
1513 2442 1585 2472 tum
1608 2435 1777 2472 sermoni-

330 2483 394 2516 bus
419 2488 455 2517 et
477 2483 657 2519 fraudibus
681 2496 700 2518 a
725 2492 821 2519 recta
843 2485 1025 2519 abductum
1049 2485 1195 2519 ratione.
1242 2484 1388 2530 proinde
1409 2483 1490 2518 Bas'
1506 2483 1571 2526 ius,
1597 2494 1672 2518 cum
1688 2482 1780 2517 omni

329 2527 400 2569 ,hoc
422 2530 631 2564 confecisset
653 2540 776 2565 conatu
801 2536 838 2564 ut
860 2531 951 2565 inter
974 2530 1161 2564 familiares
1186 2531 1371 2564 haberetur
1391 2528 1573 2574 Stephani,
1597 2529 1719 2563 crebro
1735 2527 1780 2562 ad

331 2584 408 2607 eum
431 2575 624 2619 ventitare,
659 2576 942 2620 sermonibusque
973 2588 1014 2611 ac
1049 2577 1202 2611 consiliis
1227 2576 1392 2610 hominem
1416 2573 1637 2608 titillantibus
1660 2573 1782 2619 coepit

333 2629 354 2652 a
386 2629 472 2652 sana
501 2625 614 2654 mente
648 2621 809 2666 paulatim
843 2622 1039 2666 dimovere,
1076 2628 1111 2657 et
1140 2622 1177 2657 in
1202 2622 1288 2655 hanc
1311 2622 1386 2655 fere
1411 2619 1618 2664 compellare
1639 2624 1781 2654 senten-

331 2663 437 2707 tiam,
476 2675 536 2698 cur
567 2667 703 2701 tandem
734 2667 922 2712 imperator
951 2668 1088 2702 iuvenis
1117 2679 1159 2702 ac
1188 2668 1315 2702 robore
1338 2671 1372 2701 et
1396 2665 1500 2700 animi
1522 2665 1655 2700 viribus
1678 2676 1782 2711 prae-

334 2713 441 2753 stans,
478 2711 696 2756 munitusque
721 2713 916 2757 prudentia,
950 2718 1128 2758 pateretur
1151 2724 1308 2748 summam
1330 2724 1445 2746 rerum
1469 2723 1491 2746 a
1514 2717 1635 2746 vetere
1658 2717 1695 2745 et
1714 2709 1781 2744 iam

327 2759 436 2798 ,rupto
465 2755 523 2788 filo
558 2756 632 2798 (sic
658 2764 786 2802 patrem
813 2759 981 2804 Stephani
1004 2761 1171 2800 notabat)
1196 2759 1375 2804 pendere?
1422 2769 1483 2792 cur
1505 2768 1574 2791 non
1596 2768 1676 2791 sese
1697 2767 1781 2801 pro-

332 2799 463 2843 ferret,
500 2806 536 2834 et
568 2808 667 2846 patre
696 2803 767 2837 suis
802 2804 1081 2848 generosissimis
1101 2805 1293 2840 obsistente
1314 2803 1494 2838 conatibus
1517 2807 1682 2837 summoto
1704 2801 1782 2847 ipse

332 2856 404 2879 rem
428 2845 598 2891 publicam
622 2851 844 2894 capesseret?
870 2861 943 2893 cum
967 2850 1103 2897 quidem
1127 2862 1196 2886 non
1219 2850 1373 2884 Romano
1399 2854 1530 2884 tantum
1549 2849 1610 2883 sed
1635 2853 1671 2882 et
1690 2858 1782 2881 com-
