1890 3236
323 201 419 250 434
798 197 1035 243 GEORGII
1065 189 1307 242 CEDRENI

321 314 473 371 σπότην
494 314 560 356 καὶ
579 310 680 370 πρὸς
699 311 749 354 τὰ
773 312 898 353 οῗκεῖα
920 307 1254 365 ὗπονοστῆσουσι.
1322 311 1594 364 διασωθέντος
1612 314 1658 356 δέ
1679 314 1781 372 πρὸς

323 381 514 440 Χοσρόην
543 385 616 423 τοῦ
639 380 828 435 Οὐρανοῦ
853 380 918 420 καὶ
940 381 1020 420 τῶν
1040 381 1262 432 βασιλικῶν
1288 379 1564 435 φωραθέντων
1584 374 1777 438 γραμμά-

321 469 415 502 των,·
450 448 470 492 ὃ
491 446 686 503 Χοσρόης
708 449 775 488 καὶ
798 446 867 489 τὸν
888 446 1137 502 πρεσβευτὴν
1157 448 1223 488 καὶ
1243 445 1314 489 τὸν
1333 447 1519 505 Σκληρὸν
1537 450 1604 491 καὶ
1623 447 1777 501 πάντας

317 519 411 569 τοὺς
439 518 513 561 σὺν
542 517 653 573 αὐτῷ
678 513 908 570 εΡωμαιόυς
937 511 1168 568 ὑπονοήσας
1190 519 1353 573 φρουρᾷ
1373 517 1642 572 παραδίδωσι.
1706 514 1775 561 &iaz

315 587 483 636 τούτους
507 585 580 638 μὲν
610 582 709 638 εἶχεν
730 581 756 637 ἡ
786 581 971 640 φρουρά,
1004 587 1084 624 τῶν
1106 583 1149 623 δὲ
1164 583 1222 637 μὴ
1244 582 1573 627 συνανελθόντων
1594 580 1807 629 (ineditae

316 660 397 700 τῶν
417 658 473 712 τῷ
491 655 661 709 Σκληρῷ
679 652 805 694 Λέων
822 652 896 705 μὲν
915 649 935 692 ὃ
958 648 1215 704 αι’χμάλωτος
1232 652 1298 693 καὶ
1322 652 1360 692 οἳ
1375 656 1448 694 τοῦ
1469 654 1595 696 δοῦκα
1607 653 1774 712 {Ardye—
1798 672 1802 676 ⁴

267 739 297 773 Β
321 725 427 767 νίκου
451 725 523 764 τοῦ
541 721 694 763 Λυδοῦ
723 721 863 769 παῖδες
887 717 1176 776 Χριστοῳόρος
1205 717 1226 761 ὃ
1251 719 1455 775 Ἐπείκτης
1475 722 1542 763 καὶ
1561 719 1734 778 Βάρὸας
1752 720 1774 764 ὅ

314 791 486 847 ΖΙἸΟγγὸς
512 789 651 846 (ἔφθη
682 788 761 844 γὰρ
790 789 937 837 ἐκεῖνος
958 786 1198 842 ἀποθανεῖν)
1230 787 1275 829 τὸ
1299 788 1594 846 Ἀρμακούριον
1613 791 1681 832 καὶ
1701 790 1774 846 τὴν

313 862 521 902 Πλατεῖαν
551 857 700 914 πέτραν
729 858 796 898 καὶ
827 855 932 897 ἄλλα
959 855 1048 897 τινὰ
1080 854 1258 913 φρούρια
1287 856 1440 913 ἐρυμνὰ
1471 857 1514 898 ἓν
1539 861 1598 914 τῷ
1622 859 1774 912 θέματι

314 930 473 982 κείμενα
493 931 572 970 τῶν
601 926 843 984 Θριιικησίων
870 922 1155 978 κατεσχηκότες
1185 924 1364 978 ἀντεῖχον
1393 925 1468 975 ἕως
1498 923 1644 980 ὀγδόης
1672 924 1772 968 ῗνδι-
1785 931 1830 966 10

313 1001 501 1047 κτιῶνος,
545 997 612 1037 καὶ
639 992 889 1050 ἕπεκὸρομάς
910 994 953 1035 ἐκ
972 991 1124 1034 τούτων
1147 990 1377 1046 ποιούμενοι
1397 993 1447 1035 τὰ
1464 994 1666 1047 βασιλέως
1683 990 1775 1036 3225-

312 1077 439 1108 πουν·
476 1066 542 1106 καὶ
575 1063 621 1105 οὗ
645 1064 737 1117 πρὶν
759 1060 984 1104 ἐπαύσαντο
1013 1060 1086 1110 τὰς
1109 1059 1250 1117 χώρας
1274 1064 1578 1116 λεηλατοῦντες,
1608 1063 1703 1119 πρὶν
1724 1061 1775 1104 ἂν

313 1133 535 1189 ἀμνηστίαν
553 1129 759 1188 εἰληφότες
780 1133 913 1172 κακῶν
931 1129 998 1171 διὰ
1011 1127 1252 1186 Νικηφόρον
1272 1130 1481 1187 πατρικίου
1501 1134 1574 1173 τοῦ
1592 1129 1773 1188 Παρσα-

312 1206 508 1258 κουτηνοῦ
526 1205 583 1258 τῷ
601 1203 765 1253 βασιλεῖ
781 1195 1110 1254 προσεχώρησαν.

448 1267 553 1312 Τότε
579 1268 630 1323 δὴ
652 1269 717 1309 καὶ
735 1265 942 1316 Ἀντώνιος
963 1264 984 1307 ὃ
1003 1262 1274 1323 πατριάρχης,
1308 1264 1413 1307 κατὰ
1441 1264 1515 1320 τὴν
1542 1269 1617 1308 τοῦ
1637 1267 1771 1321 Σκλη-
1785 1271 1827 1306 15

312 1342 387 1397 ροῦ
408 1335 710 1390 ἀποταξάμενος
727 1335 976 1378 ἀποστασίαν
996 1337 1047 1390 τῇ
1069 1334 1263 1392 ἱερατειίὶι,
1299 1333 1475 1387 ἀπεβίω·
1505 1335 1571 1376 καὶ
1589 1350 1772 1391 χειροτο-

258 1422 292 1456 c
314 1414 439 1451 νεῖται
465 1403 716 1462 πατριάρχης
735 1402 940 1452 Νικόλαος
964 1401 985 1445 ὃ
1004 1403 1077 1457 τὴν
1097 1403 1324 1456 ἐπωνυμίαν
1343 1403 1667 1458 Χρυσοβέργιος,
1701 1406 1775 1456 τῆς

312 1476 521 1531 ἐκκλησίας
542 1471 789 1527 ἅποιμάντου
813 1468 1098 1525 ὃιατελεσάσης
1115 1471 1179 1512 ἐπὶ
1198 1469 1265 1524 ἔτη
1284 1470 1462 1526 τέσσαρα
1483 1469 1585 1527 πρὸς
1601 1475 1658 1528 τῷ
1676 1468 1772 1525 ἡμί-

311 1562 385 1588 σει.
455 1542 603 1599 ἐγένετο
638 1542 682 1584 δὲ
712 1542 779 1583 καὶ
810 1539 988 1594 ἔκλειψις
1008 1537 1122 1593 ἡλίου
1151 1540 1241 1593 περὶ
1270 1538 1397 1593 με’σην
1418 1536 1586 1595 ἡμέραν,
1622 1536 1678 1588 ὥς
1704 1540 1772 1580 καὶ

309 1612 483 1669 ἀστέρας
504 1613 693 1668 φανῆναι.
760 1613 841 1652 τῶν
863 1609 906 1650 δὲ
928 1605 1178 1664 Βουλγάρων
1203 1604 1289 1660 ἅμα
1307 1610 1357 1662 τῇ
1375 1610 1538 1663 τελευτῇ
1556 1611 1628 1649 τοῦ
1646 1611 1768 1659 βασι-
1779 1611 1827 1647 20

312 1681 411 1731 λε’ως
443 1678 629 1722 Ἰωάννου
666 1674 1051 1731 ἇποστατησάντων,
1107 1673 1244 1731 ἄρχειν
1284 1674 1418 1717 αὐτῶν
1455 1675 1770 1732 προχειρίζονται

311 1750 502 1806 τέσσαρες
529 1747 704 1804 ἀδελφοί
708 1778 721 1798 ,
764 1745 903 1799 Δαβὶδ
925 1746 1116 1798 Πίῖωϋσῆς
1144 1742 1303 1800 Ἀαρὼν
1330 1745 1397 1785 καὶ
1427 1741 1648 1798 Σαμουήλ,
1683 1741 1772 1794 ἑνὸς

310 1821 391 1860 τῶν
411 1816 523 1874 παρὰ
541 1814 794 1873 Βουλγάροις
813 1814 917 1870 μέγα
936 1812 1188 1867 δυνηθέντων
1209 1809 1384 1866 κόμητος
1408 1810 1518 1862 ὅντες
1542 1813 1684 1862 παῖδες
1704 1813 1772 1854 καὶ

402 1935 424 1971 5
448 1932 705 1970 συνελθόντων
730 1933 760 1967 C
852 1933 875 1967 6
895 1929 1031 1971 δσυκὸς
1053 1932 1083 1966 C
1177 1932 1217 1966 11
1236 1927 1440 1975 ἐπιδρομὰς
1459 1930 1490 1965 C
1585 1930 1628 1966 17
1642 1939 1770 1975 χρυσο-

403 1979 535 2027 βέργης
558 1981 588 2016 C
715 1980 758 2014 18
782 1976 878 2024 πρὸς
899 1978 951 2024 τῷ
975 1975 1098 2034 ἡμίσει
1122 1974 1281 2021 τέσσαρα
1304 1976 1335 2010 C

308 2094 398 2120 mum
421 2084 570 2130 quisque
592 2093 688 2118 suam
723 2094 761 2116 se
796 2083 1010 2116 conferrent.
1058 2092 1133 2115 cum
1159 2080 1203 2115 ad
1225 2079 1409 2114 chosroen
1431 2076 1654 2124 pervenisset
1674 2077 1770 2113 Ura-

309 2142 375 2165 nus
398 2130 590 2175 literaeque
622 2128 844 2175 imperatoris
876 2127 1130 2172 innotuissent,
1165 2127 1342 2160 chosroes
1364 2124 1508 2160 sinistra
1529 2124 1711 2170 suspicans
1735 2129 1772 2158 et

309 2177 472 2221 legatum*
486 2182 523 2211 et.
545 2177 674 2211 Durum
698 2186 885 2219 omnesque
909 2174 971 2219 qui
997 2185 1070 2207 cum
1094 2173 1171 2219 ipse
1194 2176 1296 2206 erant
1318 2172 1494 2206 Romanos
1515 2169 1552 2204 in
1579 2169 1770 2204 custodiam

309 2222 468 2257 tradidit.
517 2222 561 2256 de
583 2220 819 2266 perduellibus
843 2220 903 2266 qui
927 2231 1001 2253 cum
1027 2221 1121 2254 Duro
1146 2230 1187 2252 eo
1213 2229 1283 2252 non
1305 2221 1487 2260 venerant,
1509 2216 1584 2250 Leo
1609 2215 1769 2270 captivus

310 2274 346 2303 et
370 2268 561 2302 Andronici
583 2267 678 2310 Lydi
702 2268 833 2310 ducae,
868 2266 929 2311 qui
951 2265 1020 2299 iam
1044 2278 1064 2299 e
1087 2264 1180 2299 vivis
1204 2268 1427 2307 excesserat,
1463 2261 1547 2307 filii,
1580 2261 1769 2296 Christifer

308 2313 461 2359 Epeicta
489 2319 526 2348 et
547 2314 680 2347 Bardas
705 2313 873 2356 Moncus,
906 2311 1162 2355 Armacurium,
1194 2310 1318 2344 Latum
1341 2320 1460 2343 saxum
1489 2312 1526 2342 et
1547 2307 1616 2342 alia
1639 2307 1770 2342 munita

307 2359 452 2394 castella
474 2359 511 2393 in
534 2359 568 2393 T
570 2359 731 2394 bracensi
755 2358 936 2404 provincia
960 2361 1190 2403 occuparunt3
1213 2355 1366 2399 indeque
1387 2354 1492 2390 factis
1513 2353 1768 2400 eruptionibuS,

308 2405 481 2439 dicionem
513 2404 734 2451 imperatoris
768 2405 966 2439 infestando
991 2415 1102 2447 usque
1125 2403 1171 2437 ad
1193 2401 1416 2436 indictionem
1439 2402 1461 2435 8
1483 2404 1766 2445 perseverarunt,

309 2462 422 2495 neque
451 2451 555 2485 finem
587 2456 667 2484 ante
697 2451 858 2485 fecerunt
889 2450 1147 2484 latrociniorum
1180 2458 1282 2492 quam
1310 2446 1480 2492 promissa
1501 2444 1589 2491 ipsis
1611 2455 1676 2490 per
1698 2444 1766 2478 Ni-

309 2497 495 2540 cephorum
527 2496 711 2543 patricium
733 2496 998 2531 Parsacutinum
1027 2493 1236 2540 impunitate
1257 2493 1302 2528 ad
1321 2492 1566 2539 imperatorem
1593 2489 1768 2525 transive-

307 2547 402 2577 runt.

399 2586 561 2623 Ceterum
585 2588 756 2623 Antonius
784 2587 982 2634 patriarcha
1014 2598 1090 2620 cum
1113 2583 1310 2620 sacerdotio
1331 2582 1568 2618 renuntiasset
1586 2581 1685 2616 Duro
1707 2593 1767 2616 re-

307 2629 489 2668 bellionem
523 2640 706 2678 movente,
739 2641 811 2669 tum
844 2632 1011 2679 temporis
1043 2636 1197 2666 mortuus
1229 2635 1302 2671 est3
1334 2633 1541 2674 creatusque
1566 2627 1767 2674 patriarcha

307 2677 474 2712 Nicolaus
498 2680 798 2725 chrysobergiu5‚
834 2692 909 2714 cum
940 2690 1005 2725 per
1034 2678 1057 2713 4
1086 2688 1195 2711 annos
1228 2675 1376 2710 ecclesia
1404 2681 1547 2720 pastore
1583 2673 1764 2708 caruisset.

309 2723 361 2757 sol
395 2723 498 2758 etiam
531 2726 674 2760 meridie
709 2726 841 2760 defecit
872 2730 908 2759 et
930 2724 1053 2759 stellae
1077 2726 1286 2768 conspectae
1307 2724 1400 2755 sunt.
1447 2719 1652 2764 simulatque
1675 2718 1765 2753 diem

309 2774 495 2803 extremum
519 2770 642 2805 clausit
663 2771 857 2805 Tzimiscas
886 2771 1094 2815 imperator,
1130 2767 1272 2813 Bulgari
1294 2767 1500 2801 defecerunt
1525 2770 1561 2800 et
1583 2763 1762 2810 imperium

306 2813 410 2867 int-se
430 2820 592 2859 quattuor
616 2817 784 2851 fratribus
811 2816 1071 2860 commiserunt,
1103 2814 1240 2849 Davido
1263 2812 1357 2847 Masi
1379 2811 1511 2847 Aaroni
1535 2815 1570 2845 et
1588 2808 1762 2851 Samuele,

305 2858 387 2894 filus
412 2859 512 2896 unius
537 2861 592 2895 cui
615 2867 691 2897 erat
713 2873 836 2908 magna
860 2862 953 2898 inter
976 2861 1146 2907 Bulgaros
1173 2859 1331 2906 potentia
1355 2857 1503 2902 comitis,
1528 2867 1549 2891 a
1573 2867 1642 2901 qua
1663 2865 1703 2888 re
1727 2860 1762 2889 et
