1890 3236
292 191 390 240 ‘292
654 191 657 196 '
760 189 1002 235 GEORGII
1033 190 1277 235 GEDRENI

292 302 363 349 οὖν
384 301 700 358 ἐξιππασάμενος
731 302 895 358 ἀπῆλθε
921 302 1024 360 πρὸς
1051 303 1122 346 τὸν
1144 301 1350 357 Ῥωμανὸν
1371 303 1442 347 τὸν
1461 303 1739 365 δρουγγοίριον,

293 376 364 429 τὴν
384 374 502 428 ὕβριν
519 372 567 427 ἣν
587 369 736 425 ὓπέστη
757 372 823 413 καὶ
839 370 908 415 τὸν
923 371 1253 427 προπηλακισμὸν
1272 370 1553 427 διηγούμενος.·
1581 391 1740 420 ’κοινο-

292 439 567 498 πραγήσαντες
583 434 655 481 οὖν
670 441 736 481 καὶ
750 438 885 495 ὅρκοις
901 438 1100 493 ἀλλήλους
1112 438 1522 497 κατασφαλισάμενοι,
1532 443 1742 499 καὶ-κῆὧς

291 513 346 560 εἷς
367 509 461 558 τοὺς
481 507 634 550 ἑαυτῶν
653 504 914 562 ποιησάμενοι
936 510 1107 560 παῖδας,
1153 509 1194 551 ἓν
1217 512 1275 566 τῷ
1301 513 1466 566 κρυπτῷ
1482 511 1738 565 κατεῖχουπῖ

238 588 268 622 C
292 575 625 630 σπουδαζόμενον.
696 574 718 617 ὃ
739 577 783 618 δὲ
796 574 1000 630 Ῥωμανὸς
1016 578 1184 632 πέμψας
1202 579 1257 627 εἰς
1276 575 1322 619 τὸ
1342 575 1538 620 παλάτιον
1557 579 1773 636 neptun-‘5⁵

289 644 494 702 γεγονότος
517 644 767 699 ἀπελογεῖτο,
810 644 869 699 μὴ
887 645 1106 703 ἀνταρσιάν
1129 643 1227 688 εἶναι
1247 645 1351 700 μηδὲ
1370 644 1593 690 ἀπόστασιν
1613 645 1741 701 {pavr}-
1763 677 1767 681 ·

289 731 408 768 μενος
443 713 495 755 τὰ
522 713 778 768 πραχθέντα·
820 713 895 768 τὴν
923 718 996 756 τοῦ
1027 716 1156 758 Φωκᾶ
1184 714 1230 756 δὲ
1259 715 1438 756 ἐπίθεσιν
1464 712 1740 772 ὖφορῶμενος,

289 784 412 840 φησί,
448 783 513 823 καὶ
534 780 676 830 δεδιὼς
695 782 784 836 περὶ
802 786 874 824 τοῦ
895 782 1094 834 βασιλέως
1114 780 1173 837 μή
1192 800 1231 825 τι
1251 783 1318 824 καὶ
1336 780 1453 840 πάθῃ
1471 787 1668 840 φλαῦρον,
1696 784 1741 826 ἓν

287 856 345 908 τῷ
367 851 548 907 παλατίῳ
570 847 784 904 ἠβουλήθη
808 849 989 893 ἀνελθεῖν
1008 853 1074 893 καὶ
1102 850 1287 909 φυλακὴν
1311 849 1456 894 τούτου
1486 849 1739 907 ποιήσασθαι

288 921 356 962 καὶ
375 923 446 961 τοῦ
462 918 673 972 βασιλέως.
741 918 799 973 μὴ
832 918 1084 970 πιστεύοντος
1111 920 1156 962 δὲ
1185 923 1258 962 τοῦ
1283 918 1532 977 πατριάρχου
1552 920 1657 976 μηδὲ
1685 920 1738 963 τὰ
1751 928 1794 964 10

289 984 480 1043 λεγόμενα
503 987 729 1040 δεχομένου,
764 988 987 1044 ἐπισπέρχει
1010 986 1224 1045 Θεόδωρος
1243 986 1264 1030 ὃ
1285 987 1539 1044 παιδαγωγὸς
1557 988 1627 1032 τὸν
1637 986 1740 1032 Ῥω·-

286 1055 428 1112 μανόν,
472 1054 628 1112 ἄραντα
647 1052 777 1097 πάντα
799 1055 871 1098 τὸν
889 1055 1046 1108 στόλον,
1087 1057 1310 1113 ἀφικέσθαι
1335 1056 1436 1112 πρὸς
1451 1057 1501 1099 τὸ
1515 1060 1590 1100 τοῦ
1604 1061 1740 1100 uala-

286 1125 372 1166 τιόυ
395 1122 559 1180 νεώριον
580 1124 621 1165 ἐν
641 1127 698 1180 τῷ
723 1126 996 1167 Βουκολέοντι.
1062 1125 1277 1179 μέλλοντος
1304 1124 1348 1167 ὁὲ
1371 1123 1514 1167 τούτου
1539 1127 1608 1167 καὶ
1636 1124 1739 1168 ἀνα-

288 1194 498 1247 δυομένου,
544 1191 581 1234 οἶ
611 1192 713 1248 πρὸς
741 1191 815 1246 τὴν
841 1196 1062 1247 λεληθυῖαν
1084 1196 1228 1249 πρᾶξιν
1252 1197 1394 1236 τοῦτον
1421 1191 1624 1248 ἐνάγοντες
1642 1193 1738 1237 ἀνέ-

231 1271 264 1306 D
289 1278 430 1304 πεισαν
452 1261 519 1302 καὶ
546 1259 695 1302 ἄκοντα
716 1264 880 1315 ποιῆσαι
900 1261 946 1304 τὸ
968 1260 1234 1316 κελευόμενον.
1301 1262 1437 1315 ἀμέλει
1455 1263 1522 1303 καὶ
1541 1260 1634 1304 κατ’
1659 1261 1738 1304 m}-
1749 1271 1792 1309 15

285 1329 358 1384 τὴν
385 1330 457 1384 τὴν
484 1327 638 1385 ἡμέραν
659 1333 732 1383 τῆς
753 1327 893 1385 ἑορτῆς
913 1334 985 1372 τοῦ
1011 1330 1298 1386 εὖαγγελισμοῦ
1313 1327 1535 1388 ἐξαρτύσας
1551 1329 1623 1373 τὸν
1640 1327 1739 1372 στό-

285 1401 356 1440 λον
382 1401 604 1450 πολεμικῶς
633 1397 855 1454 ἀφικνεῖται
882 1398 984 1455 πρὸς
1003 1398 1072 1440 τὸν
1092 1399 1381 1440 Βουκολέοντα.
1447 1399 1514 1440 καὶ
1531 1398 1738 1456 Στέφανος

285 1467 358 1520 μὲν
378 1465 504 1515 εὐθὺς
525 1463 546 1507 ὅ
565 1464 784 1522 μάγιστρος
810 1464 960 1508 κάτεισι
981 1472 1061 1509 τῶν
1083 1468 1309 1520 βασιλείων,
1345 1465 1471 1509 ἄνεισι
1489 1467 1534 1509 δὲ
1551 1463 1573 1509 ὃ
1589 1467 1737 1521 πατρί-

284 1551 369 1585 κιος
387 1532 569 1588 Νικήτας
579 1566 591 1585 ,
625 1534 820 1588 κηδεστὴς
840 1533 897 1576 ὢν
911 1532 1118 1589 Ῥωμανοῦ
1128 1567 1141 1587 ,
1176 1537 1243 1577 καὶ
1262 1533 1424 1590 κατάγει
1445 1534 1516 1577 τὸν
1535 1532 1738 1592 πατριάρ-Υ

279 1619 372 1657 χην.
440 1602 479 1643 οἳ
502 1602 546 1643 δὲ
564 1604 651 1658 περὶ
672 1602 741 1644 τὸν
758 1603 929 1656 βασιλέα
948 1603 1000 1646 τὰ
1021 1605 1131 1657 τίμια
1148 1605 1215 1645 καὶ
1234 1603 1407 1659 ζῳοποιά
1425 1601 1526 1653 ξύλα
1544 1603 1792 1658 πέμψαν-20

282 1688 347 1720 τες
367 1670 467 1726 πρὸς
487 1669 556 1712 τὸν
573 1668 792 1724 Ῥωμανόν,
814 1673 879 1713 καὶ
898 1671 1032 1727 ὅρκοις
1051 1671 1172 1714 αὐτὸν
1189 1669 1587 1729 κατασφαλισάμενοι
1607 1675 1735 1728 φοβε-

285 1737 481 1792 ρωτάτοις
512 1740 578 1780 καὶ
607 1739 726 1794 ἀραῖς
756 1739 1127 1793 παλαμναιοτάταις
1155 1740 1353 1795 μηδέποτε
1384 1738 1518 1782 δόλιον
1540 1739 1642 1782 κατὰ
1663 1743 1736 1783 τοῦ

282 1807 482 1861 βασιλέως
503 1805 799 1861 ἓννοήσασθαι,
832 1813 1084 1865 συγχωροῦσι
1109 1808 1202 1863 μετ’
1237 1808 1380 1864 ὀλίγων
1409 1807 1532 1850 αὐτὸν
1553 1808 1736 1851 ἀνελθεῖν

374 1926 397 1960 8
421 1925 567 1969 φαῦλον
590 1925 619 1960 C
803 1927 845 1961 11
877 1922 900 1962 ἆ
933 1926 1002 1961 τοῦ
1034 1925 1104 1972 βῆς
1129 1938 1167 1960 π.
1200 1928 1230 1962 C
1415 1927 1459 1964 12
1479 1924 1605 1960 πάντα
1628 1937 1684 1963 om
1704 1926 1735 1962 C

376 1971 419 2005 15
442 1970 506 2006 καὶ
528 1977 610 2006 ante
632 1968 719 2006 κατ’
741 1983 796 2006 om
819 1972 850 2005 C
990 1974 1032 2008 19
1055 1970 1109 2008 ὢν
1130 1973 1197 2008 τοῦ
1222 1972 1255 2018 ῤ.
1277 1973 1308 2008 C
1445 1973 1492 2009 23
1513 1969 1639 2017 ὀλίγον
1653 1973 1682 2007 Ρ

282 2074 490 2120 perterritus
514 2073 629 2108 statim
653 2085 760 2118 eques
782 2074 825 2108 ad
848 2075 1036 2109 Romanum
1058 2075 1280 2120 ‹lt-ungarium
1303 2086 1343 2109 se
1365 2074 1522 2118 contulit,
1545 2073 1649 2120 eique
1671 2085 1734 2109 ex-

281 2120 401 2165 posuit
422 2121 546 2165 quibus
571 2119 788 2154 contumeliis
811 2122 957 2155 affectus
980 2127 1088 2166 utque
1111 2121 1389 2166 circumscriptus
1411 2125 1518 2157 esset.
1564 2119 1616 2154 ibi
1638 2131 1734 2154 com-

280 2166 455 2200 municata
486 2178 526 2200 re
557 2166 651 2200 inter
677 2177 738 2200 eos
761 2166 911 2200 societas
934 2166 1021 2200 inita
1054 2179 1096 2201 ac
1118 2167 1317 2202 iuramentis
1343 2167 1564 2209 confirmata,
1600 2165 1734 2212 nuptiis

282 2222 422 2256 quoque
443 2211 535 2246 inter
557 2211 687 2246 liberos
709 2223 792 2246 suos
817 2213 1016 2256 contractis,
1040 2213 1302 2258 institutumque
1325 2211 1459 2247 occulte
1479 2211 1646 2246 habitum.
1675 2223 1734 2246 se·

282 2258 428 2292 cundum
451 2257 539 2292 haec
562 2258 736 2292 Romanus
758 2258 811 2292 sui
830 2258 1002 2304 purgandi
1025 2270 1130 2293 causa
1152 2259 1189 2293 in
1213 2258 1322 2294 aulam
1346 2257 1470 2302 mittit,
1492 2256 1736 2292 iureiurando-⁴·

280 2313 349 2346 que
380 2303 588 2348 interposito
620 2304 801 2338 confirmat
830 2315 899 2338 non
932 2304 1131 2339 rebellionis
1161 2310 1221 2340 aut
1252 2303 1435 2339 seditionis
1464 2303 1648 2348 quicquam
1670 2313 1735 2338 suo

278 2349 375 2382 facto
400 2350 564 2394 subesse,
598 2350 660 2384 sed
683 2361 722 2384 se
743 2354 951 2384 metuentem
974 2362 1019 2385 ne
1039 2350 1178 2386 Phocae
1199 2356 1344 2386 conatus
1366 2349 1498 2395 aliquid
1521 2348 1600 2383 mali
1622 2349 1734 2394 impe·-

279 2394 390 2429 ratori
419 2396 606 2440 afferrent,
649 2396 686 2429 in
725 2395 888 2440 palatium
928 2396 1001 2430 eius
1034 2396 1321 2442 imperatorisque
1351 2395 1526 2441 praesidio
1557 2393 1734 2429 muniendi

281 2450 385 2473 causa
418 2441 570 2475 voluisse
603 2441 748 2475 reverti.
795 2442 993 2487 patriarcha
1034 2443 1137 2477 fidem
1173 2443 1365 2487 derogante
1397 2451 1511 2486 neque
1540 2439 1735 2485 accipiente

279 2485 538 2531 purgationem,
570 2486 776 2521 Theodorus
800 2488 988 2523 Romanum
1019 2486 1165 2534 instigat
1196 2493 1234 2523 ut
1266 2499 1341 2523 cum
1372 2487 1537 2522 universa
1558 2485 1667 2520 classe
1689 2485 1734 2520 ad

280 2531 426 2575 navale,
457 2533 551 2576 quod
577 2532 612 2566 in
635 2533 846 2567 Bucoleonte
876 2534 979 2568 situm
1004 2534 1133 2579 palatio
1155 2534 1329 2578 imminet,
1355 2532 1511 2568 accedat.
1557 2531 1734 2566 Romanus

281 2587 358 2610 cum
373 2576 581 2621 aliquamdiu
598 2578 634 2613 id
652 2580 883 2614 detrectasset
906 2591 948 2614 ac
970 2585 1150 2615 cunctatus
1173 2586 1278 2624 esset,
1302 2579 1439 2614 tandem
1459 2576 1664 2622 urgentibus
1687 2577 1734 2611 iis

281 2632 426 2666 quorum
448 2622 615 2658 instinctu
649 2625 784 2659 occulta
813 2624 882 2659 ista
909 2625 1054 2660 consilia
1086 2630 1305 2670 susceperat,
1340 2623 1397 2658 vel
1419 2622 1551 2657 invitus
1573 2622 1733 2657 assentit.

282 2678 365 2711 ergo
390 2667 466 2713 ipso
490 2669 547 2703 die
569 2669 824 2705 annuntiationi
846 2671 940 2706 festo
963 2671 1074 2706 classe
1094 2672 1265 2706 instructa
1286 2669 1461 2705 hostiliter
1480 2669 1524 2702 ad
1539 2667 1734 2703 Bucoleon-

280 2718 351 2746 tem
375 2714 522 2748 accedit.
569 2716 682 2750 statim
706 2716 904 2762 Stephanus
926 2717 1094 2762 magister
1118 2717 1197 2751 aula
1219 2717 1308 2759 exit,
1333 2721 1370 2750 et
1390 2715 1538 2748 Nicetas
1563 2714 1734 2760 patricius

280 2758 429 2793 Romani
450 2761 668 2796 necessarius
688 2762 725 2796 in
748 2761 910 2806 palatium
933 2762 973 2807 it,
998 2763 1148 2807 indeque
1168 2761 1398 2807 patriarcham
1419 2759 1574 2795 abducit.
1620 2759 1732 2805 impe-

279 2808 378 2837 rator
399 2809 514 2839 autem
536 2807 650 2841 missis
672 2807 880 2842 venerandis
913 2819 954 2842 ac
976 2808 1128 2843 vivificis
1152 2808 1264 2842 crucis
1286 2807 1407 2851 lignis,
1444 2817 1465 2839 a
1487 2805 1642 2840 Romano
1667 2805 1731 2839 ad-

278 2849 399 2885 hibitis
430 2850 613 2886 dirissimis
644 2853 942 2889 exsecrationibus
970 2860 1006 2890 et
1035 2853 1266 2890 iureiurandis
1298 2851 1514 2898 gravissimis
1544 2849 1732 2896 stipulatur
