1890 3236
277 198 377 247 398
751 195 986 241 GEORGu
1015 196 1256 241 GEDRENI

274 310 411 370 γάρων
442 310 548 368 ἀμφὶ
574 308 670 359 τοὺς
694 310 948 366 τριακοσίους
968 307 1090 360 ὄντας
1110 309 1181 354 τὸν
1203 309 1384 368 ἀριθμὸν
1406 307 1555 356 ἀνελών
1561 343 1587 366 ,.
1606 310 1730 366 ἔξεισι

276 381 379 424 κατὰ
395 378 616 433 Ῥωμαίων.
683 375 706 418 ὃ
728 377 773 420 δὲ
788 377 980 432 βασιλεὺς
996 379 1071 429 τὰς
1085 379 1128 421 ἓν
1142 382 1194 436 τῇ
1209 376 1377 438 παρόδῳ
1391 377 1527 431 πόλεις
1542 379 1730 429 {iduma

274 447 524 504 στρατηγοὺς
555 445 696 495 αὐταῖς
727 443 966 501 ἐπιστήσας,
996 445 1126 490 πολλά
1146 464 1189 490 τε
1212 445 1390 505 φρούρια
1410 449 1479 490 καὶ
1500 449 1731 504 πολίσματα

272 513 532 571 ἐκπορθήσας
564 515 632 556 καὶ
664 519 749 564 τοῖς
778 513 1044 571 στρατιώταις
1067 519 1124 566 εἷς
1145 514 1328 572 ἁρπαγὴν
1358 513 1573 570 δεδωκώς,
1598 517 1731 573 εἴχετο

271 589 344 639 τῆς
365 582 476 625 ὁδοῦ.
544 585 626 624 τῶν
646 582 691 624 δὲ
709 581 997 638 σκοπῶνῆκειν
1013 583 1258 642 φρασάντων
1275 582 1444 636 Σκύθας
1461 583 1598 638 τινάς,
1630 586 1764 634 λαόνὸ

273 653 473 695 ἓπίλεκτον
503 650 706 704 ἐκπέμπει.
777 649 992 709 Θεόδωρόν
1020 670 1063 695 τε
1093 652 1163 695 τὸν
1189 654 1233 695 ἐκ
1261 654 1475 704 Μισθείας
1507 653 1734 714 αὐτῶν.ςᾷ
1780 679 1783 683 ⁴

274 718 421 775 πλήθει
455 718 631 776 ἀρχηγὸν
664 718 882 775 ἐπιστήσας
915 725 1183 779 προηγεῖσθαι
1215 722 1416 777 ἐπέσκηψε
1442 726 1516 769 τοῦ
1542 726 1735 780 στρατοῦ,

276 794 540 831 κατασκοπεῖν
559 805 603 830 τε
621 787 667 830 τὸ
689 792 851 843 πλῆθος
871 794 952 832 τῶν
973 791 1158 833 ἐναντίων
1177 791 1244 833 καὶ
1266 790 1376 848 αὐτῷ
1396 788 1553 834 διδόναι
1571 795 1734 847 γνῶσιν,

223 865 254 899 D
280 860 315 900 εἷ
341 857 570 914 προχωροίη
604 856 674 909 δέ,
707 859 775 900 καὶ
807 856 1017 916 διάπειραν
1046 863 1119 912 τῆς
1148 858 1279 902 αὐτῶν
1302 857 1440 913 ἰσχύος
1461 857 1735 916 ἀκροβολισά-

275 942 395 981 μενον
413 925 635 982 εἵληφὲναι·
671 925 792 976 αὐτὸς
811 927 856 968 δὲ
873 925 1039 970 κατόπιν
1059 929 1185 970 εἵπετο
1205 927 1514 983 συντεταγμένος
1531 928 1635 982 μετὰ
1649 926 1732 971 πά-
1744 933 1790 973 10

277 1001 352 1050 σης
380 997 452 1049 τῆς
482 997 687 1051 στρατιᾶς.
756 995 794 1036 οἱ
820 995 894 1038 σὺν
919 1000 978 1054 τῷ
1003 994 1204 1053 Θεοδώρῳ
1223 1001 1319 1052 γοῦν
1341 997 1499 1054 ἐπείπερ
1521 999 1578 1047 εἰς
1593 1003 1735 1054 χεῖρας

276 1057 408 1118 ἦλθον
437 1068 520 1112 τοῖς
549 1064 774 1117 πολεμίοις,
801 1064 1038 1118 ἐμπίπτουσι
1060 1062 1216 1115 τούτοις
1236 1064 1434 1122 ῥαγδαῖοι.
1503 1065 1542 1107 οἶ
1570 1065 1615 1108 δὲ
1633 1063 1735 1116 ‘Pube

279 1132 442 1187 ἐνέδραν
461 1131 753 1186 εὐλαβηθέντες
771 1130 911 1189 πρόσω
928 1133 1001 1187 μὲν
1020 1132 1150 1176 οὐκέτι
1168 1131 1369 1187 ἐχώρουν,
1393 1137 1552 1176 πολλῶν
1570 1133 1614 1177 δὲ
1628 1137 1735 1189 πλη-

278 1201 425 1256 γε’ντων
455 1201 526 1242 καί
548 1216 667 1243 τινων
688 1201 732 1243 δὲ
754 1199 958 1243 πεσόντων·
976 1203 1218 1252 ἐκκλίναντες
1240 1203 1282 1252 ἐς
1302 1201 1355 1244 τὰ
1377 1202 1546 1257 πλησίον
1565 1199 1736 1246 σκεδάν-

277 1286 415 1319 νυντμι
441 1267 515 1326 ἰίρη
537 1270 605 1311 καὶ
626 1268 700 1319 τὰς
722 1269 843 1312 ἐκεῖσε
868 1267 1000 1320 νάπας
1014 1271 1198 1324 »βαθείας
1221 1272 1290 1312 καὶ
1312 1270 1563 1328 ἀμφιλαφεῖς
1583 1287 1733 1327 τυγχα-
1745 1275 1789 1313 15

275 1335 446 1389 νούσας,
482 1338 550 1380 καὶ
582 1336 651 1379 διὰ
680 1341 753 1393 τῆς
783 1338 937 1395 ὀρεινῆς
967 1340 1030 1380 ἐπὶ
1059 1339 1132 1394 τὴν
1159 1338 1371 1396 Δρίστραν
1401 1337 1736 1391 ἐπανασώζοντ-αι.

273 1400 380 1461 ἦσαν
399 1406 444 1448 δὲ
465 1405 510 1447 τὸ
531 1408 692 1460 πλῆθος
711 1400 823 1449 οὗτοι
843 1405 1126 1462 ἑπτακισχίλιοι
1138 1439 1152 1459 ,
1186 1407 1224 1449 οἳ
1243 1408 1288 1449 δὲ
1306 1405 1463 1458 τούτοις
1482 1407 1736 1462 συμπλακέν-

274 1491 342 1524 τες
370 1476 436 1516 καὶ
464 1473 710 1530 τρεψάμενοι
723 1473 914 1529 Ῥωμαῖοι
935 1476 1004 1518 τὸν
1023 1475 1204 1532 ἀριθμὸν
1219 1474 1455 1531 τριακόσιοι.
1522 1474 1738 1526 ἔνωθέντες

276 1543 322 1584 δ’
346 1542 385 1584 οἳ
404 1540 568 1584 Σκύθαι
586 1548 644 1601 τῷ
666 1543 1022 1603 Σφενδοσθλάβῳ,
1056 1546 1122 1586 καὶ
1144 1548 1287 1587 τοῦτον
1307 1545 1460 1587 ἐκεῖθεν
1481 1542 1736 1599 ἀναστήσαν-

274 1627 340 1661 τες
359 1611 463 1665 μετὰ
482 1611 633 1662 παντὸς
653 1616 726 1654 τοῦ
745 1617 944 1670 στρατοῦ,
973 1613 1051 1669 πρὸ
1080 1610 1237 1655 δώδεκα
1267 1616 1340 1655 τοῦ
1369 1611 1631 1668 Λοροστόλου
1661 1617 1791 1667 pcc-20

276 1680 372 1722 λίων
396 1679 646 1731 αὐλίζονται,
680 1681 721 1731 ἒς
740 1682 973 1738 τριακοσίας
993 1683 1060 1724 καὶ
1082 1679 1297 1738 τριάκοντα
1315 1679 1504 1735 χιλιάδας
1526 1678 1734 1739 ἀριθμού-

132 1755 161 1790 P
186 1753 253 1792 675
275 1765 388 1803 μενοι
404 1749 471 1791 καὶ
489 1747 559 1790 τὸν
578 1750 750 1802 βασιλέα
769 1748 930 1793 ἐπιόντα
947 1748 1138 1805 ἐκθύμοις
1155 1751 1222 1792 καὶ
1240 1749 1456 1807 ῥωμαλέως
1472 1748 1737 1804 ἐκδεχόμενοι.

275 1817 315 1859 οἳ
346 1817 390 1858 δὲ
414 1815 606 1870 Ῥωμαῖοι
636 1824 724 1868 ταῖς
754 1819 796 1869 ἐξ
823 1816 1000 1874 ὑπογύου
1034 1819 1161 1868 νίκαις
1188 1816 1453 1875 γαυρούμενοι
1486 1819 1552 1860 καὶ
1579 1818 1653 1873 τὴν
1682 1817 1736 1861 τοὶ

272 1882 406 1928 πάντα
424 1891 557 1943 κρῖναι
579 1885 805 1940 μέλλουσαν
824 1885 960 1942 μάχην
981 1885 1318 1944 προσδεχόμενοι,
1349 1884 1497 1937 εἰδότες
1517 1886 1559 1930 δ’
1585 1885 1647 1930 ὅτι
1668 1888 1735 1929 καὶ

371 1993 416 2028 16
438 1986 554 2034 οὔσας
571 1992 601 2028 C
738 1994 783 2030 24
804 1993 1106 2041 προεκδεχόμενοι
1129 1994 1159 2029 C

278 2084 375 2121 centi
402 2083 566 2130 circiter)
597 2084 816 2132 interfectis,
849 2087 1031 2122 adversum
1059 2087 1233 2122 Romanos
1254 2085 1500 2132 proficiscitur.
1545 2084 1738 2131 imperator

277 2131 473 2165 institutum
495 2131 565 2165 iter
586 2143 800 2178 persequens
826 2135 930 2167 urbes
951 2134 987 2167 in
1012 2145 1054 2167 eo
1079 2133 1164 2167 sitas
1193 2133 1319 2167 itinere
1341 2132 1455 2178 capit,
1493 2131 1608 2176 iisque
1631 2142 1736 2176 prae·-

279 2178 392 2211 fectos
423 2177 624 2222 constituit,
660 2184 696 2213 et
725 2178 839 2213 multis
871 2178 1022 2214 castellis
1052 2184 1157 2224 atque
1187 2178 1325 2224 oppidis
1349 2177 1516 2212 evastatis
1539 2189 1580 2211 ac
1604 2177 1737 2222 praeda

277 2222 381 2257 militi
413 2234 581 2257 concessa
612 2223 743 2268 pergit.
789 2225 850 2259 ubi
884 2225 1122 2270 exploratores
1157 2225 1401 2259 nuntiaverunt
1431 2223 1583 2266 Scythas
1604 2223 1738 2257 adven-

276 2274 375 2313 tare,
402 2268 571 2303 delectum
594 2270 784 2307 exercitum
808 2271 1018 2315 praemittit,
1044 2272 1132 2305 duce
1154 2271 1342 2304 Theodoro
1368 2282 1389 2304 a
1412 2269 1596 2310 Mistheia3
1620 2269 1737 2302 iubet-

277 2325 347 2359 que
377 2313 527 2349 hostium
556 2315 807 2350 multitudinem
831 2316 1015 2362 exquirere
1040 2322 1075 2351 et
1094 2317 1164 2351 sibi
1185 2316 1361 2359 iudicare,
1393 2320 1428 2349 et
1449 2315 1481 2350 si
1502 2315 1554 2350 ita
1576 2314 1739 2349 videatur

276 2361 509 2405 commodum,
546 2359 618 2395 levi
651 2362 782 2407 praelio
812 2374 931 2397 eorum
952 2363 1047 2397 vires
1070 2368 1218 2398 tentare.
1263 2362 1342 2407 ipse
1365 2372 1440 2395 cum
1464 2360 1634 2394 instructo
1657 2358 1738 2393 uni-

276 2416 380 2439 verso
416 2406 573 2441 exercitu
604 2418 697 2452 pone
727 2409 897 2453 sequitur.
945 2409 1153 2443 Theodorus
1175 2420 1248 2442 cum
1272 2408 1344 2442 suis
1366 2407 1428 2441 ubi
1450 2407 1494 2441 ad
1515 2407 1632 2440 hostes
1654 2416 1739 2451 per-

275 2451 397 2494 venit,
423 2451 483 2486 dat
505 2452 542 2486 in
564 2464 624 2487 eos
648 2453 824 2499 impetum.
871 2455 978 2489 Rossi
1000 2454 1146 2489 insidias
1168 2456 1313 2489 subesse
1335 2453 1441 2487 veriti
1463 2463 1650 2498 progressu
1674 2452 1739 2485 ab-

276 2496 428 2539 stinent;
462 2497 647 2542 multisque
669 2511 806 2534 suorum
828 2500 930 2544 ictis,
961 2501 1165 2546 quibusdam
1189 2501 1294 2534 etiam
1316 2499 1482 2542 deiectis,
1518 2498 1599 2542 fuga
1621 2497 1658 2530 in
1681 2495 1739 2530 vi-

275 2543 373 2575 cinos
398 2549 532 2577 montes
556 2545 752 2590 densosque
774 2553 810 2581 et
832 2547 962 2591 amplos
985 2546 1092 2581 saltus
1113 2558 1151 2580 se
1174 2541 1470 2591 dispergunt‚‘ac
1490 2554 1554 2587 per
1576 2547 1740 2576 montana

276 2586 322 2621 ad
346 2587 516 2622 Dristram
541 2591 756 2636 perfugiunt.
801 2593 907 2627 Rossi
930 2594 1029 2627 suere
1052 2603 1192 2626 numero
1213 2597 1344 2637 septem
1363 2590 1466 2633 milia,
1491 2588 1637 2623 Romani
1653 2599 1740 2622 vero

276 2632 338 2676 qui
362 2644 422 2666 eos
444 2634 612 2670 fuderunt
633 2637 797 2672 trecenti.
845 2639 1001 2682 Scythae
1024 2644 1137 2672 autem
1159 2636 1461 2683 Sphendosthlabo
1483 2634 1658 2668 coniuncti
1675 2644 1740 2668 au-

277 2683 394 2712 ctores
419 2678 452 2712 ei
475 2680 617 2716 fuerunt
638 2688 678 2716 ut
700 2695 776 2717 cum
800 2684 958 2719 omnibus
984 2684 1094 2730 copiis
1128 2683 1424 2728 (numerabantur
1447 2687 1560 2714 autem
1582 2683 1741 2714 trecenta

278 2723 426 2767 triginta
449 2725 601 2760 virorum
625 2727 741 2772 miiia)
774 2729 955 2764 duodecim
976 2736 1058 2765 ante
1077 2728 1298 2764 Dorostolum
1318 2726 1509 2761 miliaribus
1535 2732 1650 2760 castra
1673 2735 1739 2770 po-

280 2774 403 2811 neret,
426 2769 546 2815 ibique
568 2772 789 2818 imperatoris
811 2777 996 2810 adventum
1015 2775 1188 2821 intrepide
1206 2776 1462 2819 exspectarunt.
1511 2776 1548 2806 at
1565 2773 1738 2806 Romanos

265 2814 480 2850 ·recentibus
501 2816 659 2853 victoriis
683 2819 791 2854 elatos
805 2846 815 2864 ‚
852 2829 889 2856 et
916 2822 1052 2856 iamiam
1075 2822 1120 2856 de
1141 2831 1270 2855 summa
1292 2829 1404 2853 rerum
1426 2817 1557 2863 praelio
1580 2818 1739 2852 decerta·

282 2865 355 2895 tum
376 2860 421 2896 iri
443 2868 645 2908 sperantes,
679 2865 831 2901 scientes
855 2866 999 2913 insuper
1020 2869 1120 2903 deum
1143 2877 1183 2901 se
1203 2866 1331 2901 habere
1352 2864 1563 2909 adiutorem,
1588 2862 1648 2908 qui
1670 2871 1739 2896 non
