1890 3236
296 209 392 258 340
762 205 1001 252 GEORGII
1034 207 1275 251 CEDRENI

427 316 571 380 Τούτῳ
603 323 662 378 τῷ
695 316 771 363 ἔτει
802 315 1041 377 Νικηφόρον
1070 317 1292 377 μᾶγιστρον
1316 318 1386 363 τὸν
1412 321 1586 375 owner,
1614 321 1740 378 ’δαμέ-

289 407 424 435 στικον
448 389 528 445 ἤδη
554 386 878 445 προβεβλημένον
904 391 985 430 τῶν
1008 391 1165 442 σχολῶν
1182 392 1255 443 τῆς
1274 387 1471 444 ἀνατολῆς
1488 387 1740 448 παρῶΚων-

290 459 499 503 σταντίνου
520 460 593 499 τοῦ
611 456 833 511 βασιλέως,
867 456 934 498 καὶ
959 455 1091 498 πολλὰ
1118 454 1293 514 τρόπαια
1313 454 1518 512 στήσαντα
1535 456 1643 501 κατὰ
1658 460 1740 503 τῶν

290 525 401 585 ἑῴων
428 528 698 582 Σαρακηνῶν,
732 525 800 566 καὶ
830 521 901 567 τόν
929 540 971 567 τε
999 528 1072 579 τῆς
1101 528 1271 582 Ταρσοῦ
1299 524 1461 582 ἄμηρᾶν
1489 523 1740 584 Καραμόην

289 596 358 637 καὶ
384 595 563 648 Χαβὸἄν
587 592 659 636 τὸν
683 596 757 635 τοῦ
781 590 929 635 Χάλεπ
955 593 1023 635 καὶ
1042 591 1111 635 τὸν
1134 589 1367 649 Τριπόλεως
1383 593 1498 649 Ἰζὴθ
1516 591 1771 651 ὃλοσχερῶςδ

286 659 609 714 ταπεινώσαντα,
641 660 786 716 πέμπει
808 660 913 704 κατὰ
930 664 1010 704 τῶν
1029 661 1072 703 ἓν
1091 664 1143 718 τῇ
1163 659 1308 719 Κρήτῃ
1332 663 1603 720 Σαρακηνῶν,
1636 665 1740 719 πλῆἁ
1780 679 1783 683 ⁴

286 735 367 782 θος
384 730 596 773 ἐπιλέκτων
613 733 868 786 στρατιωτῶν
883 728 1044 780 ἐπιδοὺς
1060 730 1170 788 αὐτῷ
1189 731 1256 772 καὶ
1272 728 1415 773 στόλον
1431 728 1742 788 κατηρτισμέναι

148 809 176 845 P
198 807 268 845 643
289 803 436 849 καλῶς.
502 798 544 841 ἓν
565 802 614 855 τῇ
633 797 743 856 νήσῳ
763 796 807 839 δ’
832 791 951 848 οὗτος
970 799 1236 855 περαιωθείς,
1270 799 1338 841 καὶ
1364 798 1468 841 κατὰ
1486 799 1560 855 τὴν
1577 796 1740 856 πρώτην

283 866 489 922 ἀπόβασιν
514 871 692 923 παροῦσι
722 866 790 909 καὶ
821 864 1020 911 κωλύουσι
1047 868 1294 921 συμπλακεὶς
1317 875 1400 918 τοῖς
1418 867 1651 926 Ἀγαρηνοῒς
1673 868 1743 911 καὶ

284 934 455 986 τούτους
483 933 759 992 τρεψάμενος,
794 932 915 986 αὐτός
941 952 984 978 τε
1016 933 1214 993 ἀσφαλῶς
1235 935 1364 991 ἀπέβη
1386 937 1452 978 καὶ
1472 935 1543 979 τὸν
1564 935 1740 994 στρατὸν
1751 938 1796 978 10

283 1005 528 1059 ἀπεβίβασεν
545 1002 778 1054 ἀκινδύνως.
838 1000 1003 1060 χάρακά
1019 1019 1061 1046 τε
1079 997 1151 1047 οὖν
1167 1002 1338 1059 ἐπήξατο
1356 1001 1567 1063 καρτερόν,
1594 1002 1741 1062 τάφρῳ

283 1073 436 1132 βαθείᾳ
459 1073 526 1115 καὶ
549 1070 814 1129 σταυρώμασι
836 1073 904 1114 καὶ
925 1069 1149 1123 πασσάλοις
1167 1076 1308 1115 τοῦτον
1329 1070 1637 1129 κατοχυρώσας,
1671 1074 1740 1116 καὶ

282 1142 354 1185 τὸν
381 1139 524 1184 στόλον
549 1141 590 1182 ἐν
617 1138 760 1197 ὅρμοις
788 1138 1074 1196 γαληνοτοὶτοις
1100 1139 1271 1198 ὁρμίσας
1294 1141 1360 1183 καὶ
1383 1139 1514 1184 πάντα
1536 1157 1740 1196 καταπη-

285 1208 458 1264 σάμενος
487 1208 591 1252 κατὰ
617 1208 663 1251 τὸ
694 1209 875 1266 ἀσφαλὲς
900 1209 1067 1266 ἐνεργῶς
1089 1208 1235 1264 ἥπτετο
1256 1213 1329 1264 τῆς
1349 1209 1581 1266 πολιορκίας
1597 1213 1678 1252 τῶν
1697 1208 1740 1251 ἓν

283 1283 335 1335 τῇ
356 1276 466 1335 νήσῳ
488 1275 664 1330 πόλεων,
699 1278 766 1320 καὶ
787 1277 846 1319 δι’
867 1275 972 1320 ὅλων
991 1274 1024 1330 ζ’
1040 1281 1179 1333 μηνῶν
1196 1274 1347 1328 πάσαις
1359 1283 1558 1333 μηχαναῖς
1572 1281 1739 1335 πολιορ-
1751 1283 1794 1321 15

285 1350 456 1400 κητικῶν
487 1343 668 1402 ὀργάνων
693 1343 950 1402 χρησάμενος
979 1347 1046 1387 καὶ
1072 1345 1124 1389 τὰ
1153 1347 1261 1401 τείχη
1292 1346 1580 1403 καταστρέφων
1601 1344 1677 1396 τοὶς
1697 1362 1740 1389 τε

284 1413 420 1465 πόλεις
437 1415 503 1456 καὶ
522 1413 573 1456 τὰ
595 1412 773 1471 φρούρια
794 1413 1047 1470 ἐχειρώσατο.
1114 1418 1166 1471 τῇ
1184 1414 1217 1467 ζ’
1238 1414 1282 1456 δὲ
1299 1419 1371 1457 τοῦ
1388 1415 1584 1472 Μαρτίου
1599 1411 1740 1470 μηνός,

234 1488 265 1525 Β
289 1488 361 1538 τῆς
383 1481 434 1525 ιδ’
459 1484 723 1533 ῗνᾶικτιῶνος,
758 1484 825 1524 καὶ
847 1482 920 1537 τὴν
940 1486 1080 1526 πασῶν
1101 1482 1353 1539 ὀχυρωτέραν
1373 1481 1512 1535 πόλιν,
1543 1481 1594 1538 ἣν
1614 1483 1741 1539 ἐγχω-

288 1552 384 1609 ρίως
415 1549 618 1593 Χάνὸακα
646 1549 835 1602 ἐκάλουν,
869 1549 1159 1607 πεπορθηκώς,
1194 1553 1261 1593 καὶ
1289 1551 1359 1593 τὸν
1388 1549 1642 1608 ἀμηρεῦοντα
1668 1555 1742 1606 τῆς

286 1618 410 1674 νήσου
439 1616 684 1676 Κουρούπην
708 1619 836 1673 ὄνομα
856 1618 993 1672 λαβὼν
1013 1618 1268 1674 αἰχμάλωτον
1286 1621 1352 1661 καὶ
1370 1619 1539 1673 Ἀνεμᾶν
1553 1619 1626 1662 ’τὸν
1643 1617 1735 1673 μετ’
1747 1624 1794 1659 20

287 1687 410 1730 αὐτὸν
428 1688 468 1729 ἐν
485 1692 535 1744 τῇ
555 1685 662 1745 νήσῳ
682 1684 956 1743 πρωτεύοντα,
983 1689 1050 1730 καὶ
1071 1687 1145 1742 τὴν
1167 1692 1290 1743 νῆσον
1305 1687 1403 1743 ὅλην
1422 1686 1741 1742 δουλωσάμενος,

288 1754 425 1810 Ξζιιελλε
455 1756 528 1811 μὲν
549 1756 611 1798 ἐπὶ
634 1757 796 1798 πλείονα
820 1756 1001 1810 ἐμμεῖναι
1021 1754 1166 1814 χρόνον
1187 1757 1254 1798 καὶ
1276 1755 1326 1799 τὰ
1349 1755 1442 1799 κατ’
1466 1755 1594 1814 αὐτὴν
1613 1772 1740 1798 κατα-

375 1908 401 1944 4
422 1906 647 1953 καραμῶνην
669 1907 700 1944 C
810 1907 832 1943 5
856 1904 1025 1953 χαμβδὰν
1047 1908 1079 1943 C
1185 1904 1318 1952 χάλεπε
1339 1907 1371 1942 C
1473 1907 1687 1954 τριπολίτην
1707 1907 1739 1942 C

372 1955 549 2045 2εέτῖἶαῖῐὸ
568 1954 599 1988 C
756 1954 779 1991 7
802 1951 934 1995 αὐτοῖς
954 1954 984 1989 O
1146 1955 1189 1991 18
1211 1952 1280 2001 ιδ’]
1305 1954 1337 1989 δ’
1362 1954 1393 1991 C
1549 1955 1599 1994 22
1621 1964 1735 2000 προσ-

371 2135 452 2171 Ηοο
484 2147 576 2172 anno
610 2134 846 2182 Nicephorum
878 2135 1029 2171 Phoeam
1058 2135 1259 2181 magistrum
1290 2139 1328 2172 et
1356 2135 1549 2172 scholarum
1572 2135 1739 2171 Orienta-

280 2181 363 2217 lium
389 2183 611 2218 domesticum
635 2195 657 2218 a
679 2183 908 2218 Constantino
930 2183 1140 2228 imperatore
1161 2188 1332 2227 creatum,
1359 2183 1418 2227 qui
1438 2184 1482 2217 de
1503 2182 1740 2217 Orientalibus

284 2228 475 2263 Saracenis·
503 2229 608 2263 multa
638 2234 810 2264 statuerat
840 2234 1002 2275 tropaea,
1038 2232 1075 2263 et
1105 2229 1212 2263 'l‘arsi
1235 2229 1482 2273 Caramonem,
1516 2228 1739 2263 Chabdunem

283 2274 453 2320 Chalepi,
479 2275 635 2309 Izethum
656 2274 814 2320 Tripolis
838 2286 971 2310 ameras
990 2285 1132 2320 prorsus
1152 2280 1428 2321 compescuerat,
1453 2274 1642 2320 imperator
1664 2283 1741 2308 cum

281 2319 417 2355 delecto
450 2320 594 2355 militum
629 2321 786 2356 exercitu
808 2326 845 2356 et
867 2321 976 2367 probe
999 2321 1166 2354 adornata
1187 2321 1297 2355 classe
1320 2326 1440 2355 contra
1461 2321 1650 2354 Cretenses
1669 2319 1740 2353 Sa-

281 2376 431 2401 racenos
461 2367 603 2401 emittit.
648 2367 782 2401 Phocas
813 2367 923 2401 classe
949 2367 986 2400 in
1009 2367 1148 2400 Cretam
1171 2367 1335 2411 traiecta,
1371 2377 1447 2400 cum
1469 2365 1615 2412 primum
1638 2365 1740 2399 navi-

281 2411 347 2445 bus
371 2423 452 2447 suos
476 2413 661 2458 educeret,
684 2414 862 2458 Agar-enos
884 2412 1069 2458 prohibere
1090 2423 1273 2457 aggressos
1294 2412 1426 2457 praelio
1449 2411 1583 2453 fundit3
1607 2415 1644 2445 et
1662 2421 1739 2445 curn

281 2456 360 2500 ipse
382 2462 459 2492 tuto
483 2457 626 2493 insulam
651 2459 849 2504 egreditur,
875 2463 946 2493 tum
970 2469 1051 2492 suos
1075 2459 1207 2503 absque
1229 2458 1383 2504 periculo
1405 2457 1443 2491 in
1467 2469 1541 2492 eam
1565 2461 1739 2502 exportat.

283 2501 367 2536 inde
397 2504 520 2537 castris
544 2504 689 2550 positis,
724 2505 839 2550 iisque
862 2504 933 2539 alta
956 2505 1052 2539 fossa
1074 2504 1165 2538 vallo
1189 2516 1230 2538 ac
1253 2504 1340 2550 palis
1363 2502 1488 2538 defixis
1512 2502 1740 2546 communitis,

283 2558 391 2582 naves
411 2549 595 2583 tutissimis
619 2550 655 2585 in
678 2551 886 2586 stationibus
907 2550 1110 2594 continens,
1134 2550 1290 2585 omnibus
1312 2551 1421 2595 probe
1442 2547 1659 2590 constitutis,
1685 2548 1741 2581 in-

284 2592 380 2627 sulae
403 2595 506 2629 urbes
531 2596 622 2630 omni
644 2596 681 2631 vi
704 2602 899 2643 oppugnat,
932 2607 972 2631 ac
1001 2602 1132 2641 septem
1161 2596 1314 2641 integros
1337 2607 1403 2640 per
1424 2605 1558 2628 menses
1583 2592 1740 2627 omnibus

283 2638 451 2674 machinis
487 2641 531 2674 ad
562 2653 637 2676 eam
670 2654 742 2676 rem
776 2642 984 2677 facientibus
1016 2652 1099 2676 usus
1122 2653 1235 2677 muros
1258 2640 1470 2687 prosternit,
1505 2641 1680 2684 urbesque
1705 2643 1740 2674 et

283 2684 426 2719 castella
448 2685 486 2719 vi
509 2686 615 2730 capit.
661 2689 810 2733 septima
831 2688 889 2722 die
911 2687 1033 2723 Martii
1055 2688 1200 2732 mensis,
1236 2686 1427 2721 indictione
1449 2685 1582 2719 decima
1603 2689 1740 2729 quarta,

283 2729 503 2766 chandacem
536 2732 579 2765 ab
611 2732 821 2769 insularibus
850 2739 1028 2778 vocatam,
1065 2734 1212 2768 omnium
1240 2733 1367 2767 Cretae
1391 2731 1526 2766 urbium
1550 2729 1739 2764 munitissi-

281 2785 390 2820 mam,
414 2781 608 2823 expugnat;
633 2779 806 2825 Curupem
827 2780 962 2815 insulae
986 2791 1152 2823 emeram,
1177 2784 1212 2814 et
1229 2779 1413 2822 Anemam,
1436 2778 1533 2811 cuius
1551 2776 1738 2810 secundum

280 2821 456 2867 eurupam
478 2834 608 2858 summa
631 2829 706 2859 erat
726 2830 880 2870 potestas
894 2852 903 2869 ‚
929 2825 1031 2860 vivos
1054 2826 1090 2859 in
1114 2836 1207 2860 suam
1231 2828 1436 2870 potestatem
1460 2822 1608 2867 redigit3
1643 2826 1737 2855 tota-

279 2877 349 2912 que
369 2867 436 2903 iam
457 2870 599 2904 subacta
617 2869 746 2915 insula,
772 2872 847 2906 eius
868 2872 1130 2906 constituendae
1151 2881 1257 2906 causa
1280 2870 1393 2904 adhuc
1416 2868 1545 2914 aliquid
1569 2865 1735 2912 temporis
