1916 3210
369 194 468 240 916
973 187 1221 235 FABROTI

481 302 714 372 λίβελλος
741 300 894 340 libellus.
922 300 1159 342 Phavorinus.
1215 302 1387 352 Synodus
1404 305 1430 344 6
1451 303 1517 355 Cp.
1535 307 1606 343 aot.
1624 306 1671 347 8·
1702 303 1808 358 εὗρέ-

367 363 502 409 θησαν
532 357 575 397 ἐν
605 354 710 414 αὐτῇ
736 357 905 409 λίβελλοι
933 354 1020 400 δύο.
1077 362 1116 396 et
1141 362 1211 398 act.
1236 359 1263 399 4
1288 358 1455 396 laudatur
1481 359 1608 410 Pyrrhi
1629 361 1807 413 λίβελλος

367 417 438 464 τῆς
467 413 950 480 πίστεως.’11ιεο[)118ιιε5
978 415 1017 453 in
1040 412 1237 453 Heraclio.
1266 413 1334 454 καὶ
1361 415 1538 466 λίβελλον
1562 415 1806 465 garamma&

370 466 606 520 ὄρθοδοξίας
634 471 690 520 τῷ
719 465 847 524 πάντᾳ.
903 471 1002 521 apud
1033 470 1068 508 b.
1103 470 1398 521 chrysostomum
1429 471 1533 521 epist.
1558 472 1607 510 ad
1626 472 1805 513 huenen-

367 526 456 563 tium
478 525 648 576 λίβελλοι
665 526 931 577 κατηγοριῶν,
962 525 1071 565 libelli
1088 527 1372 575 accusationum,
1399 526 1512 565 libelli
1528 529 1751 568 accusatorii-

478 577 534 619 λ’
513 595 534 620 ο
548 596 634 634 γγο
649 596 668 628 ς
695 581 793 619 loeus
812 585 1002 630 angustus.
1057 594 1091 622 v.
1112 582 1246 620 Menrs
1238 595 1310 620 ium
1327 583 1365 620 in
1382 594 1427 621 ea
1443 583 1612 622 dictione.
1662 597 1663 600 ¹

477 634 773 690 λογοθέτης
813 637 1009 687 logotheta.
1066 637 1186 689 plures
1224 641 1336 676 erant.
1391 635 1546 691 γενικὰς
1580 638 1805 693 λογοθέτης,

367 694 415 731 (le
439 705 512 742 quo
536 706 646 744 supra
669 693 708 730 in
731 691 901 745 γενικόν.
955 706 992 734 v.
1013 693 1182 744 Procopii
1200 706 1270 732 arc.
1288 707 1324 745 p.
1343 695 1394 734 81
1417 698 1453 733 et
1475 693 1553 736 104
1575 698 1613 734 et
1630 699 1735 736 notas
1755 697 1803 736 ib.

366 747 596 799 Nicephorus
625 749 810 797 Gregoras
836 751 881 791 8:
909 747 930 790 ὃ
949 747 1163 801 λογοθέτης
1181 764 1251 789 του
1271 752 1430 802 γενικοῦ
1449 748 1654 820 Θεόδωρος
1674 750 1700 793 o‘
1716 755 1805 793 Με-

366 804 531 855 τοχίτης.
563 803 583 844 ὅ
601 807 680 844 τῶν
701 804 921 845 οἰκειακαῒν.
958 806 1162 875 Georgius
1180 805 1433 855 pachymeres:
1461 821 1533 846 του
1554 804 1723 860 μεγάλου
1741 811 1805 850 λο-

365 858 535 914 γοθὲτου
564 875 644 899 των
670 860 892 901 οἰκειακῶν.
948 859 971 901 ὁ
987 863 1059 901 τοῦ
1078 857 1224 913 δρόμου
1244 861 1428 911 logotheta
1449 863 1565 900 dromi
1583 875 1646 902 seu
1666 877 1803 903 cursus.

365 917 626 954 Constantinus
659 917 707 955 de
738 917 872 956 admin.
905 917 992 969 imp.
1023 931 1054 956 c.
1082 919 1148 958 32.
1205 917 1450 969 Theophanes
1477 919 1515 956 in
1542 919 1802 958 Constantino:

364 967 421 1010 ὧν
446 972 545 1011 εἰσὶν
568 972 610 1011 οἷ
629 987 896 1039 πρωτευοντες
919 975 1223 1020 ,Κωνσταντῖνος
1245 971 1266 1014 o‘
1285 974 1487 1027 πατρίκιος
1505 972 1572 1014 καὶ
1591 975 1804 1028 λογοθέτης

362 1030 435 1066 τοῦ
475 1024 630 1080 δρόμου
657 1024 880 1081 γενόμενος.
949 1031 1022 1069 τοῦ
1055 1031 1354 1083 στρατιωτικοῦτ
1392 1035 1493 1068 sexta
1525 1031 1694 1080 Synodus
1728 1032 1801 1084 Cp.

361 1087 429 1121 act.
459 1085 503 1123 1:
547 1086 826 1136 στρατιωτικοῦ
853 1083 1089 1136 λογοθέτου,
1126 1086 1282 1136 septima
1308 1088 1377 1124 aet.
1409 1087 1450 1125 1:
1477 1080 1663 1128 Ἰωάννου
1692 1087 1804 1140 βασι-

361 1141 476 1178 λικοῦ
494 1135 692 1191 ὄστιαρίου
711 1140 778 1180 καὶ
796 1139 1010 1193 λογοθὲτου
1028 1142 1101 1181 τοῦ
1119 1143 1396 1193 στρατιωτικοῦ
1413 1140 1661 1195 λογοθεσίου.
1704 1142 1804 1182 Ana'-
1844 1157 1846 1159 ’

362 1196 493 1233 stasius
527 1196 686 1234 biblioth.
718 1197 772 1234 ita
800 1197 926 1235 vertit:
963 1197 1113 1234 Ioanne
1141 1197 1340 1247 imperiali
1361 1198 1516 1234 ostiario
1546 1205 1582 1234 et
1607 1198 1804 1250 logotheta

362 1252 578 1300 imperialis
606 1251 823 1302 logothesii.
883 1253 971 1291 alius
995 1254 1173 1322 interpres
1198 1255 1265 1291 ita.
1294 1253 1444 1291 Ioanne
1465 1255 1572 1305 regio
1590 1256 1747 1292 ostiario
1768 1262 1805 1292 et

360 1314 561 1357 quaestore
588 1310 736 1344 aerarii
762 1308 959 1349 mitit-aris.
1019 1311 1099 1349 τῶν
1131 1305 1283 1362 ἆγελων
1313 1310 1476 1348 cedinus
1503 1311 1550 1349 de
1575 1310 1700 1350 officiis
1726 1323 1803 1350 me-

360 1364 475 1401 minit.
533 1365 690 1416 denique
721 1362 742 1404 ὁ
767 1367 846 1404 τῶν
874 1363 1064 1417 σεκρέτων
1090 1364 1324 1418 λογοθετης,
1352 1365 1523 1414 NicetaS,
1552 1367 1614 1417 qui
1631 1370 1669 1406 et
1682 1365 1804 1419 μέγας

360 1417 575 1470 λογοθέτης
594 1421 792 1461 dicebatur.
835 1420 1064 1472 Nicephorus
1083 1422 1268 1472 Gregoras
1285 1421 1308 1459 1.
1323 1423 1369 1462 6:
1397 1418 1624 1469 Μουζᾶλων
1642 1421 1667 1463 ὅ
1685 1422 1804 1475 μέγας

360 1473 505 1527 λογοθέ
487 1490 586 1526 cmg.
639 1476 872 1515 cancellarius
894 1477 1002 1515 hodie
1025 1481 1092 1516 est.
1147 1477 1297 1528 Papias:
1326 1476 1521 1528 logotheta
1537 1478 1802 1516 edietumim-

353 1531 666 1582 peratorisjbris
680 1532 829 1583 populo
847 1534 1019 1570 nuntiat.
1078 1533 1162 1571 vide
1178 1534 1312 1572 Chron.
1332 1533 1455 1572 Casin.
1474 1547 1507 1571 c.
1524 1536 1588 1575 68.

473 1587 741 1638 λωρίκιον,
780 1589 1066 1640 λουρίκιον.
1121 1588 1202 1627 Leo
1227 1589 1331 1627 Tact.
1356 1600 1385 1627 c.
1411 1589 1462 1629 15
1491 1587 1588 1640 §9
1626 1603 1720 1636 τους
1746 1605 1799 1642 μη

360 1640 518 1693 ἔχοντας
535 1643 711 1691 λωρίκια.
767 1644 1028 1682 Constantinus
1046 1644 1173 1683 Tact.:
1203 1642 1391 1695 ἐχέτωσαν
1412 1642 1455 1683 δὲ
1475 1642 1523 1684 τοὶ
1541 1645 1705 1697 λωρίκια
1724 1650 1801 1712 θη-

358 1694 478 1764 κᾶρια
498 1695 719 1750 δερμάτινα.
778 1700 897 1738 Gloss.
918 1713 983 1738 ms.
1003 1701 1040 1738 in
1060 1713 1091 1738 v
1114 1696 1230 1747 ‹inl-oe:
1257 1700 1397 1752 θωραξ
1418 1698 1441 1740 ὅ
1460 1700 1646 1751 σιδηροῦς
1668 1697 1801 1771 χιτών,

361 1749 458 1805 ὅπερ
493 1752 574 1794 ἔστι
606 1755 818 1806 λουρίκιον.
876 1756 1030 1794 Glossae
1062 1754 1256 1795 Nomicae:
1300 1751 1503 1807 μανδύας,
1539 1752 1720 1807 ἱμάτιον,
1754 1753 1801 1797 το

359 1809 572 1860 λουρίκιον.
630 1810 830 1850 Chaleond.
859 1811 884 1850 l.
914 1814 961 1852 9:
1003 1814 1212 1859 ποιοῦντες
1240 1811 1404 1879 λωρίκιοι
1431 1811 1619 1864 ἐξαίρετα.
1674 1813 1800 1852 Theo-

358 1866 497 1915 phanes
520 1866 556 1902 in
581 1865 767 1904 Heraclio:
802 1865 942 1918 ἔλαβον
967 1864 1014 1906 τοὶ
1039 1868 1220 1919 λουρίκια
1241 1881 1389 1907 αντων.
1447 1868 1595 1906 corona
1618 1869 1798 1920 pretiosa·

358 1921 508 1969 giaecho
530 1922 696 1972 λονρίκι.
752 1923 834 1960 hinc
853 1919 1074 1975 λωρικοὶτοι.
1131 1923 1211 1962 Leo
1229 1924 1267 1962 d.
1282 1921 1308 1974 §
1326 1925 1362 1964 9.
1418 1925 1518 1976 apud
1538 1923 1799 1977 Theophanem

358 1977 396 2014 in
412 1977 608 2014 Iustiniano
624 1973 872 2034 λουρικάτοι,
896 1979 937 2016 in
955 1979 1166 2018 Theodosio
1182 1974 1400 2034 λωρικᾶτοι.

469 2028 659 2085 λώριον
686 2016 815 2075 lorum.
872 2048 906 2074 v.
934 2034 1143 2074 Meursium.

468 2090 567 2140 λῶρ
581 2104 635 2136 ος
668 2089 799 2132 lorum.
855 2091 1073 2130 Schoiiastes
1102 2092 1270 2142 antiquus
1295 2092 1446 2131 Homeri
1472 2093 1521 2131 ad
1547 2091 1591 2131 11.
1615 2105 1663 2145 y:
1693 2088 1799 2162 ἱμάς,

358 2143 1071 2213 λῶρος.Ει15ι3111.11.β.·τελαμων
1094 2146 1137 2187 δὲ
1158 2150 1234 2187 νῦν
1257 2150 1385 2214 λαῖρος
1406 2143 1573 2197 πλατύς,
1618 2143 1674 2188 δι’
1697 2163 1745 2188 ον
1770 2163 1797 2200 η

358 2195 477 2247 ἀσπὶς
507 2196 728 2254 ἀνεφέρετο.
799 2203 981 2242 Macarius
1006 2205 1105 2244 hom.
1133 2207 1210 2246 32:
1253 2200 1400 2271 λώροις
1428 2200 1552 2244 αυτὸν
1583 2204 1799 2254 βασανίζει.

356 2256 479 2296 Schol.
499 2256 627 2308 Eurip.
653 2258 690 2295 in
710 2258 879 2309 Hippot:
911 2257 1103 2299 εἰώθασιν
1131 2259 1174 2299 οἱ
1197 2255 1464 2312 ἄρματηλαται
1493 2255 1718 2312 περιάπτειν
1749 2257 1798 2300 τοὶ

358 2313 464 2363 λῶρα
483 2314 533 2366 τῇ
549 2310 697 2379 α’ντυγι.
754 2315 970 2354 Theodorus
990 2316 1226 2354 Metochites
1217 2330 1255 2354 m
1270 2317 1351 2355 hist.
1366 2317 1550 2354 Romana:
1579 2316 1798 2367 μαστίξεται

355 2364 427 2407 τᾶν
462 2383 591 2408 νωτον
625 2365 768 2421 λῶροις
804 2375 1000 2418 πλεκτοῖς·
1043 2375 1222 2411 τοιοῦτον
1257 2371 1324 2412 καὶ
1362 2370 1436 2424 γοῖρ
1468 2387 1512 2412 το
1547 2371 1796 2441 φραγγέλιον.

359 2423 583 2494 Glossarium
609 2438 676 2464 ms.
699 2426 925 2465 illustrissimi
946 2428 1124 2466 Franciae
1148 2428 1346 2467 cancellarii
1369 2428 1410 2469 P.
1431 2428 1626 2478 Seguierii:
1657 2424 1796 2480 ἄμφω-

358 2479 493 2528 ρίσκος
510 2478 531 2521 ὅ
550 2484 684 2534 λοόρος.
740 2483 824 2522 vide
850 2484 1072 2522 Breviarium
1099 2484 1276 2522 Graecum
1302 2498 1338 2535 p.
1364 2481 1438 2532 τξε’
1461 2489 1500 2523 et
1525 2481 1606 2534 φιζ
1629 2489 1738 2535 parte
1756 2488 1794 2526 2.

358 2535 491 2574 Graeci
521 2541 642 2576 autem
672 2533 803 2589 λῶρος
825 2544 862 2578 et
889 2542 1018 2591 λῶρον
1049 2539 1236 2588 dixerunt,
1268 2544 1309 2577 ut
1336 2539 1457 2578 Latini
1485 2541 1582 2578 lorus
1607 2545 1644 2579 et
1665 2540 1793 2579 lorum·

358 2590 481 2629 Gloss.
499 2593 641 2648 Cyrilli:
672 2592 765 2645 ἱμοῖς
781 2594 955 2641 habena,
984 2596 1107 2641 lorus,
1136 2596 1323 2646 corrigia,
1351 2595 1425 2632 hoc
1442 2596 1583 2634 lorum.

468 2663 495 2698 μ
509 2663 649 2718 αγαρ
651 2666 665 2689 ι
656 2650 784 2698 ’ζειν
811 2652 1087 2691 Mahometicam
1115 2652 1335 2703 impietatem
1365 2652 1541 2703 profiteri.
1597 2650 1795 2702 Theopha-

357 2713 440 2739 nes:
475 2702 541 2743 και
570 2702 672 2757 πρός
699 2722 787 2746 τινα
815 2709 1033 2759 μαγαρίτην
1063 2707 1200 2747 εἰπεῖν.
1255 2706 1426 2747 Anastas.
1458 2706 1619 2745 biblioth.
1646 2707 1685 2744 in
1712 2706 1794 2744 hist.

355 2757 458 2794 ecch:
494 2767 531 2795 et
550 2761 608 2797 ad
630 2762 809 2799 Οοςιηαηι
832 2764 1028 2822 quendam
1045 2765 1156 2801 iaxta
1172 2776 1212 2800 se
1228 2770 1394 2801 stantem
1411 2764 1683 2800 Romanorum
1694 2774 1793 2811 pro-

343 2811 426 2861 sle-g
427 2826 499 2850 um
527 2819 767 2867 magne-etam
791 2810 897 2856 dicer
890 2828 944 2857 et.
1005 2822 1117 2859 idem:
1146 2821 1295 2857 occisus
1315 2826 1372 2857 est
1390 2821 1554 2858 Humar
1574 2819 1793 2856 Sarae-mo-
