1916 3210
711 184 1160 229 ANNOTATIONES.
1566 185 1665 232 887

195 292 315 343 prius
331 298 487 338 vocato,
518 306 659 332 nomen
681 294 843 334 indidit.
901 297 1159 336 monasterium
1185 297 1350 347 voragini
1376 299 1663 347 superstructum

202 348 323 387 adhuc
341 353 508 398 exstare,
549 354 587 389 et
606 351 685 389 urbi
713 349 878 404 Μιχαήλ
899 348 1062 400 Χῶναις
1082 366 1215 392 nomen
1234 354 1281 392 ab
1300 366 1345 392 eo
1365 353 1573 405 impositum
1597 354 1663 392 do-

201 408 306 453 cent,
332 405 395 456 qui
413 405 491 444 visu
509 410 702 458 utrumque
723 408 983 448 lustraverunt.
1009 440 1011 442 .
1042 410 1181 450 GOAu.

311 476 339 512 1.
358 471 394 510 Π
419 485 458 524 p
477 474 558 515 689
577 486 612 514 v·
635 476 697 515 11.
753 471 1039 527 οἷποδύσουσα]
1069 477 1154 526 lego
1174 472 1432 524 ἆποτίσουσα,
1460 481 1498 514 et
1517 488 1662 528 expono

198 535 336 566 votum
351 542 427 580 pro
448 538 667 568 commeatu
678 532 952 581 per-,solatum
999 533 1054 572 vel
1071 533 1210 570 ultimo
1231 539 1324 570 ante
1343 532 1557 570 discessum
1577 531 1661 570 col-

197 583 338 684 lgquio
363 590 584 637 exceptura.
644 589 840 628 recolenda
867 589 959 643 περὶ
991 590 1278 644 συντακτηρίου
1311 589 1477 642 superius
1513 590 1657 642 scripta.

237 653 320 680 on

307 711 340 748 t.
356 707 393 747 Π
418 722 456 762 p.
479 712 563 752 690
582 723 615 749 v-
635 713 673 751 7.
732 711 957 765 ἐφεστρίὸες
983 711 1184 765 βασιλικαὶ
1212 712 1280 752 καὶ
1306 708 1472 764 χαλινοῖ]
1503 717 1659 764 utraque

194 777 380 818 purpurea
403 771 514 816 sunt,
550 767 642 806 haec
669 780 782 807 aureo
810 771 922 807 etiam
947 770 1061 808 limbo
1088 774 1300 821 praetexta,
1331 781 1374 806 ac
1401 771 1485 808 ideo
1510 770 1658 820 reliquis

192 821 307 921 {on9ge
327 821 520 919 iggililora.
578 825 754 875 eodinus,
786 826 978 865 Cedrenus
999 827 1038 865 in
1054 827 1195 866 Basilio
1213 826 1441 875 Macedone,
1471 828 1658 877 Gregoras

306 942 363 990 ,ἰό
387 958 431 986 ·.v
464 947 530 989 11.
585 949 656 999 τῆς
686 949 851 1001 Ζόμπου
879 949 1093 1003 λεγομένης
1124 946 1324 1004 γεφύρας]
1358 964 1452 1002 pons
1470 952 1540 989 iste
1557 955 1614 990 est
1634 963 1658 989 a

192 1001 392 1041 Iustiniano
417 1007 667 1053 constructus,
697 1005 1007 1060 Πενταγὲφυρος
1035 1008 1123 1046 alias
1158 1008 1276 1045 dictus
1305 1010 1406 1057 apud
1430 1008 1655 1046 Cedrenum.

191 1060 323 1110 vulgus
338 1055 515 1126 ,Ζὸμπον
533 1063 678 1100 vocavit
695 1063 916 1114 appellativo
935 1065 1048 1102 satius
1066 1076 1176 1114 quam
1194 1064 1343 1114 proprio
1359 1065 1526 1102 nomine.
1549 1060 1656 1114 Ζόμ-

181 1129 268 1163 ,πος
289 1117 386 1154 enim
401 1115 615 1168 gibbosam
633 1119 830 1169 significat,
868 1134 936 1159 nec
953 1122 1116 1170 ineptum
1135 1121 1257 1170 pontis
1277 1120 1384 1158 valde
1402 1121 1552 1159 convexi
1570 1133 1657 1158 cen-

135 1178 137 1181 '
191 1176 294 1212 setur
310 1173 523 1225 epithetum.
579 1175 628 1213 de
649 1176 786 1250 Sagari
807 1177 949 1215 fluvio
937 1191 975 1215 m
992 1177 1202 1216 Cedrenum
1221 1177 1465 1214 meminimus.
1493 1177 1624 1216 GoAn.

303 1244 331 1279 t.
345 1240 381 1279 11
406 1255 443 1308 p.
458 1242 540 1285 691
562 1255 595 1280 v.
612 1239 652 1282 4.
709 1257 839 1295 novom
869 1238 1050 1295 πηγήν]
1059 1244 1247 1293 gelidioris
1265 1248 1302 1281 et
1320 1243 1519 1293 frigidioris
1536 1255 1655 1293 aquae
1721 1255 1723 1258 ·

188 1297 312 1336 sontes
339 1313 466 1352 κρυας
492 1294 625 1351 πηγάς
650 1300 819 1338 moderni
845 1304 998 1350 vocant,
1040 1300 1279 1351 diversosque
1308 1300 1377 1338 hoc
1402 1301 1552 1339 nomine
1575 1304 1653 1339 tum

189 1353 271 1392 Chii
291 1359 368 1392 tum
392 1355 489 1394 Teni
505 1356 682 1395 novimus.
740 1357 880 1395 Gon.

303 1426 333 1461 t.
352 1422 386 1460 Π
413 1436 451 1474 Ρ.
472 1423 556 1463 696
577 1435 611 1461 v.
633 1424 700 1463 11.
757 1420 930 1489 owvoov
949 1419 1083 1471 αυτοῖς
1106 1420 1358 1475 ἐπιδέδωκεν]
1390 1423 1546 1473 qualiter
1568 1435 1655 1461 crux

188 1478 229 1516 in
249 1477 375 1517 charta
393 1479 538 1532 depicta
558 1479 605 1517 sit
620 1480 706 1518 fidei
723 1481 835 1519 datae
852 1480 986 1530 pignus
1005 1484 1045 1520 et
1060 1481 1292 1519 iurisiurandi
1316 1481 1534 1532 symbolum,
1561 1485 1654 1518 nota

187 1535 238 1573 ad
260 1535 422 1575 Cedreni
441 1549 481 1589 p.
501 1535 582 1577 527
602 1536 784 1575 edisserit.
840 1537 979 1574 Golia.

299 1590 355 1628 ib.
387 1605 422 1630 v.
452 1593 521 1632 19.
578 1607 622 1632 το
651 1588 962 1644 νικητικώτατον
991 1589 1220 1646 συμβολον]
1272 1593 1325 1630 nil
1349 1593 1467 1631 minus
1493 1591 1569 1628 telo
1597 1591 1656 1628 acl

187 1648 395 1686 victoriam
409 1649 634 1699 pertinente
649 1653 778 1688 auctor
795 1650 980 1700 intelligit,
1011 1650 1077 1689 sed
1097 1662 1271 1694 ermae-em
1303 1650 1351 1687 de
1369 1662 1442 1699 qua
1462 1649 1512 1686 illi
1530 1661 1651 1687 sermo

186 1709 256 1752 est,
285 1705 388 1744 cuius
408 1707 546 1744 virtute
567 1707 686 1744 cuncti
703 1706 934 1746 debellantur
953 1707 1100 1752 hostes,
1139 1719 1249 1757 quam
1277 1710 1318 1744 nt
1337 1706 1460 1742 ιίοίον
1461 1706 1524 1742 iae
1543 1718 1651 1756 sym-

188 1759 342 1808 bolum,
379 1766 468 1813 post
486 1761 769 1802 Constantinum
797 1764 942 1801 vocibus
970 1764 1027 1802 his
1054 1763 1098 1804 ἐν
1123 1758 1249 1817 τούτῳ
1273 1762 1366 1802 νίκα
1390 1762 1650 1800 circumdatam

186 1817 274 1856 olim
312 1830 394 1858 eam
430 1819 624 1868 intuitum,
685 1820 927 1872 imperatores
961 1821 999 1859 in
1040 1820 1154 1871 signis
1193 1820 1336 1869 erigere
1370 1822 1649 1858 consueverunt.

185 1874 328 1916 GOAn.

298 1936 328 1973 t.
347 1931 384 1971 Π
411 1945 453 1984 Ρ.
473 1934 557 1973 700
576 1944 609 1970 v.
632 1933 672 1973 6.
730 1928 910 1984 πατήσας
941 1929 1074 1986 ὥσπερ
1101 1932 1220 1983 ἔθος]
1259 1932 1403 1977 Persis,
1445 1943 1489 1970 ex
1515 1930 1648 1980 quibus

184 1987 361 2030 Suitanus
379 1988 462 2036 hie,
489 1989 653 2028 devictos
673 1987 797 2027 hostes
819 1990 975 2040 pedibus
999 1994 1190 2041 proterere
1209 1988 1383 2026 familiare
1399 1988 1480 2035 fuit,
1509 1999 1554 2026 ex
1574 1999 1650 2036 quo

184 2046 347 2097 Sapores
368 2058 495 2084 eorum
523 2058 588 2084 rex
605 2044 840 2084 Valerianum
860 2047 1116 2098 imperatorem
1143 2046 1191 2083 ad
1215 2046 1252 2083 id
1271 2044 1498 2083 necessitatis
1515 2042 1649 2080 malum

183 2101 340 2141 coniecit
358 2105 399 2140 ut
422 2101 600 2141 serviliter
618 2102 827 2141 incurvatus
845 2101 896 2139 illi
920 2115 1056 2151 equum
1075 2104 1284 2141 inscensum
1308 2101 1463 2150 gradum
1480 2112 1545 2136 sna
1564 2111 1648 2137 cer-

183 2159 264 2197 vice
290 2160 440 2198 faceret.
499 2158 647 2198 Caelius
671 2157 796 2209 Antiq.
823 2157 928 2197 Lect.
964 2160 1012 2200 18
1045 2159 1107 2200 18.
1165 2158 1384 2196 Iustinianus
1416 2161 1454 2199 2.
1513 2156 1647 2194 Persas

182 2215 348 2254 imitatus
370 2214 567 2254 Leontium
587 2219 626 2254 et
644 2214 891 2266 Apsimarum‚
919 2215 1128 2267 priusquam
1150 2215 1228 2254 eius
1246 2215 1345 2252 iussu
1369 2213 1488 2264 capite
1511 2211 1647 2263 plecte—

140 2303 144 2306 .
183 2276 330 2321 rentur,
356 2271 475 2311 ferino
490 2272 622 2310 ductus
638 2271 786 2310 ultionis
806 2272 939 2310 ardore
958 2284 1031 2310 non
1052 2272 1195 2310 modico
1211 2270 1387 2322 temporis
1403 2269 1523 2320 spatio
1541 2267 1647 2320 pedi-

182 2328 254 2367 bus
281 2327 518 2367 conculcavit.
574 2328 771 2366 Cedrenus
804 2329 842 2366 in
880 2328 955 2366 eius
990 2329 1076 2367 vita.
1131 2328 1187 2366 his
1214 2327 1410 2379 provinciis
1436 2331 1473 2364 et
1504 2326 1647 2363 feritate

183 2397 295 2436 quam
314 2389 483 2437 tempore
498 2384 649 2423 vicinior
670 2384 912 2423 Tamerlanes
933 2387 1075 2435 quoties
1094 2397 1226 2434 equum
1248 2383 1529 2429 conscenderet,
1557 2393 1645 2432 pro-

183 2442 290 2480 strati
313 2442 363 2480 ad
381 2442 497 2493 pedes
516 2441 703 2480 Baiazetis
723 2442 920 2480 cervicibus
939 2455 1005 2480 ceu
1024 2441 1180 2479 scabello
1201 2441 1381 2478 utebatur.
1440 2437 1646 2476 Dubravius

182 2497 206 2536 Ι.
231 2497 299 2538 25.
353 2499 469 2536 victos
489 2498 615 2536 hostes
642 2498 816 2549 ephippio
841 2499 998 2536 instrato
1026 2512 1049 2536 a
1064 2498 1213 2536 Francis
1235 2497 1509 2544 Normanisqne
1527 2506 1647 2543 quon-

181 2555 268 2592 dam
315 2554 474 2594 calcatos
516 2555 680 2594 referunt
718 2554 987 2594 Normanorum
1028 2554 1196 2593 chronica
1239 2555 1276 2592 in
1311 2553 1477 2593 Roberto
1515 2550 1644 2603 primo.

182 2610 320 2652 Gom.

294 2671 319 2705 t·
341 2666 377 2705 Π
405 2680 443 2719 P·
464 2667 549 2709 700
564 2680 598 2705 V·
619 2669 680 2708 16.
740 2668 912 2718 adagium
942 2666 1073 2720 μέχρις
1103 2664 1233 2720 λόγων
1261 2665 1328 2706 καὶ
1358 2663 1464 2705 ἁλῶν
1484 2665 1647 2701 secreto-

182 2736 263 2762 rum
281 2724 544 2774 convictusque
563 2725 776 2763 societatem
796 2725 910 2764 amico
930 2736 1140 2764 concessam
1161 2726 1327 2764 denotat.
1387 2721 1461 2760 sale
1484 2726 1591 2758 tenus
1608 2722 1645 2756 et

182 2781 327 2829 cymino
360 2781 501 2819 dixerat
532 2781 616 2819 olim
646 2781 859 2820 Plutarchus
886 2783 923 2821 in
945 2783 1115 2834 Sympos.
1173 2780 1394 2820 consortium
1423 2777 1508 2816 salis
1537 2776 1646 2815 etiam

182 2836 295 2876 hodie
315 2836 460 2876 Turcae
476 2837 639 2877 laudant.
697 2838 834 2878 Gom.
