1890 3236
288 229 389 283 ‘200
762 233 1001 280 GEORGII
1033 234 1278 281 GEDRENI

286 364 428 403 μενος,
462 348 528 390 καὶ
548 346 621 401 τὴν
641 343 787 388 ἑαυτοῦ
808 350 1014 389 κατανοῶν
1033 345 1139 403 πρὸς
1165 346 1240 398 τὰς
1266 346 1462 402 κοσμικὰς
1485 345 1744 408 ἓπιχειρῆσεις

286 415 521 470 ἀδεξιότητα
530 446 544 466 ,
580 414 667 468 ἅμα
690 414 735 456 δὲ
754 415 821 455 καὶ
841 412 1112 458 ἐπανάστασιν
1129 414 1370 471 εὐλαβηθείς
1377 447 1392 468 ,
1433 415 1624 462 κοινωνὸν
1642 417 1743 476 ἵγνω

284 488 365 527 τῶν
383 480 629 538 πραγμάτων
650 482 959 538 προσλαβέσθαι
981 485 1048 526 καὶ
1065 487 1139 539 τῆς
1158 483 1298 541 ἀρχῆς.
1365 485 1432 527 καὶ
1453 485 1536 528 ἐπεὶ
1557 485 1637 543 πρὸ
1656 486 1742 531 &21¹⁸-

232 561 265 598 Β
287 567 376 607 γου,
410 548 466 600 ὥς
486 549 646 593 ἄνωθεν
667 550 841 605 εἴπομεν,
856 572 859 577 ·
874 550 1208 608 υἱοποιησάμενος
1233 546 1284 607 ἦν
1307 551 1377 595 τὸν
1396 554 1623 606 Βασίλειον,
1650 553 1741 612 ᾔδει

281 619 327 661 δὲ
347 617 470 661 αὐτὸν
487 619 554 660 καὶ
575 618 719 678 ἀνδρίᾳ
738 620 805 661 καὶ
825 619 977 663 συνέσει
998 624 1078 663 τῶν
1105 624 1266 663 πολλῶν
1293 621 1539 678 διαφέροντα
1559 624 1629 666 καὶ
1649 623 1772 667 ixa-5

279 686 350 730 νὸν
373 684 631 744 ἀναπληροῦν
650 686 695 730 τὸ
716 688 758 730 ἐν
780 691 830 744 τῇ
852 687 1086 745 κυβερνήσει
1107 693 1182 731 τοῦ
1203 694 1397 744 κοσμικοῦ
1419 688 1603 747 σκάφους
1619 688 1736 735 vimi·-
1777 704 1780 707 ⁴

280 771 413 812 ρημα,
447 754 494 797 τὸ
519 755 638 798 πλέον
669 756 713 799 δὲ
738 757 805 798 καὶ
831 753 1054 813 ὗπερτάτης
1077 756 1285 812 δυνάμεως
1302 755 1519 814 ἐναγούσης
1539 761 1597 810 εἰς
1617 763 1738 802 τοῦτο

249 871 251 874 ⁴
278 821 415 875 αὐτόν,
452 824 519 866 καὶ
538 825 747 878 βασιλείας
763 829 860 882 τιμῇ
882 827 949 867 καὶ
973 824 1070 882 δόξῃ
1096 827 1162 868 καὶ
1179 827 1375 882 χρίσματι
1400 833 1652 882 κατακοσμεῖ
1668 826 1739 871 τὸν

276 892 506 944 Βασίλειον,
540 892 644 936 κατὰ
662 892 735 946 τὴν
756 892 866 950 ἱερὰν
885 895 951 936 καὶ
973 892 1090 950 ἁγίαν
1107 891 1262 951 ἡμέραν
1283 899 1355 950 τῆς
1376 899 1666 951 πεντηκοστῆς,
1693 895 1738 939 ὃν

272 963 332 1017 τῷ
348 958 586 1019 περιωνύμῳ
607 966 683 1016 τῆς
700 966 774 1004 τοῦ
789 964 892 1003 θεοῦ
911 963 1060 1020 σοφίας
1079 967 1179 1020 ναῷ,
1204 965 1405 1018 δημοσίαν
1423 961 1600 1020 πρόοδον
1616 981 1735 1020 ποιη-
1747 969 1792 1007 10

274 1025 469 1082 σάμενος,
515 1030 584 1072 καὶ
613 1028 685 1072 τὸν
712 1030 918 1085 βασίλειον
946 1034 1003 1089 τῷ
1026 1031 1228 1090 Βασιλείῳ
1258 1030 1488 1088 περιτίθησι
1519 1032 1734 1090 στέφανον,

273 1095 390 1152 ἕκτην
419 1097 523 1156 πρὸς
556 1097 703 1142 εἴκοσιν
734 1097 901 1155 ἄγοντος
931 1103 1003 1142 τοῦ
1033 1101 1181 1143 Μαΐου
1209 1100 1337 1156 μηνὸς
1365 1103 1440 1156 τῆς
1468 1097 1520 1143 ιδ’
1545 1099 1734 1158 ἐπινεμή-

271 1180 387 1215 σεως.

411 1235 546 1276 Τοῦτο
577 1232 729 1288 μαθὼν
765 1231 787 1276 ὅ
819 1232 1053 1291 Συμβάτιος
1087 1235 1259 1293 μετρίως
1289 1233 1363 1279 οὗκ
1396 1233 1557 1293 ἤνεγκεν
1563 1266 1578 1288 ,
1626 1235 1731 1279 ἀλλὰ

269 1300 462 1359 συνεργὸν
490 1302 666 1359 εἶληφώς
694 1304 761 1345 καὶ
799 1303 870 1346 τὸν
902 1304 1111 1360 πατρίκιον
1138 1302 1336 1360 Πηγάνην
1369 1303 1658 1360 (στρατηγέτης
1685 1305 1731 1347 δὲ
1742 1307 1786 1344 15

269 1364 388 1420 οὗτος
412 1373 486 1412 τοῦ
507 1369 696 1424 Ὄψικίου
715 1369 922 1427 ἐτύγχανε)
946 1372 1048 1429 πρὸς
1064 1370 1288 1415 ἀπόστασιν
1308 1370 1428 1424 εἶδον,
1461 1372 1634 1428 Μιχαὴλ
1655 1373 1731 1428 μὲν

126 1442 157 1479 Ρ
180 1444 250 1483 567
273 1437 544 1495 εὐφημοῦντες
561 1439 631 1481 τὸν
648 1440 839 1493 βασιλέα,
875 1438 931 1491 ὡς
958 1439 1008 1482 ἂν
1035 1441 1078 1483 ἐκ
1106 1438 1251 1483 τούτου
1278 1441 1328 1483 τὰ
1355 1439 1496 1496 πλήθη
1519 1439 1728 1497 ἐπάγοιντο

267 1507 334 1548 καὶ
363 1505 422 1561 μὴ
457 1508 611 1550 δοκοῖεν
636 1514 777 1564 χεῖρας
807 1508 934 1564 αἴρειν
967 1508 1072 1551 κατὰ
1098 1513 1172 1551 τοῦ
1204 1507 1502 1565 αὐτοκράτορος
1509 1539 1524 1561 ,
1567 1511 1729 1566 δυσφη-

268 1578 437 1629 μοῦντες
453 1575 497 1617 δὲ
514 1575 584 1618 τὸν
598 1578 810 1619 Βασίλειον
830 1578 897 1619 καὶ
916 1578 1081 1633 μυριάις
1099 1574 1311 1627 πλύνοντες
1327 1575 1482 1633 ὕβρεσι.
1516 1578 1585 1619 καὶ
1598 1582 1728 1620 ταῦτα

266 1642 341 1697 μέν
367 1641 582 1701 ἐπράττετο
609 1644 783 1701 θέρους·
811 1644 966 1700 χειμών
988 1645 1031 1687 ‹5‘
1057 1644 1222 1696 ἐπιστὰς
1244 1645 1317 1693 τὰς
1340 1643 1554 1696 συστάσεις
1573 1643 1783 1688 warmuse

266 1711 444 1763 διέλυσε,
478 1716 558 1755 τῶν
579 1711 765 1769 ἄρχηγῶν
783 1718 857 1768 τῆς
875 1713 1066 1763 ἀπονοίας
1086 1717 1196 1770 φυγῇ
1216 1713 1289 1768 τὴν
1309 1714 1512 1769 σωτηρίαν
1533 1731 1726 1771 πραγμα-

266 1780 532 1836 τευσαμένων.
601 1779 623 1823 ὁ
642 1781 716 1836 μὲν
738 1776 810 1825 οὖν
832 1780 1066 1837 Συμβάτιος
1083 1781 1158 1837 τὴν
1176 1783 1384 1824 Πλατεῖαν
1403 1781 1552 1840 πέτραν
1572 1781 1726 1841 (φρού-

356 1919 378 1955 5
401 1920 610 1965 διορθῶσαι
631 1920 695 1957 καὶ
718 1919 983 1969 α’ναπλησῶσαι
1005 1923 1036 1958 C
1152 1923 1197 1959 10
1218 1920 1435 1969 περιωνῦμῳ
1458 1933 1513 1957 om
1537 1921 1569 1956 C
1659 1922 1724 1968 δη·-

356 1966 468 2013 μοσίᾳ
490 1967 689 2013 πορευθεὶς
712 1969 742 2004 C
882 1971 927 2006 14
948 1965 1173 2016 συμβάντιος
1195 1970 1226 2005 C
1353 1970 1396 2005 15
1421 1963 1625 2013 στρατηγός
1646 1969 1678 2004 C

263 2089 378 2126 omnia
399 2090 593 2127 Michaelus
623 2103 698 2127 cum
731 2103 753 2128 a
781 2092 1059 2129 familiarissimis
1090 2092 1160 2129 sibi
1187 2092 1345 2128 nuntiata
1368 2091 1605 2138 percepisset,
1638 2102 1721 2126 sen-

264 2136 356 2170 tiens
387 2148 487 2182 quam
517 2138 594 2184 ipse
627 2144 721 2174 esset
751 2140 796 2174 ad
828 2139 918 2174 tanti
950 2139 1088 2185 imperii
1109 2139 1396 2185 gubernationem
1419 2149 1539 2184 parum
1560 2138 1722 2182 idoneus,

263 2181 433 2227 simulque
451 2184 519 2218 sibi
540 2196 561 2219 a.
582 2185 755 2220 seditione
778 2191 957 2229 metuens,
995 2185 1161 2230 collegam
1183 2184 1308 2219 statuit
1333 2183 1402 2219 sibi
1425 2183 1635 2218 adsciscere.
1683 2189 1722 2219 et

262 2228 345 2272 quia
370 2228 471 2273 paulo
495 2236 588 2275 ante,
613 2236 650 2265 ut
673 2230 832 2276 diximus,
858 2231 1024 2266 Basilium
1043 2231 1283 2277 adoptaverat,
1309 2230 1511 2274 sciebatque
1535 2240 1612 2264 eum
1634 2227 1719 2264 reli-

261 2273 339 2317 quis
364 2275 568 2310 fortitudine
592 2282 627 2311 et
647 2277 832 2322 prudentia.
855 2277 1001 2320 anteire,
1025 2283 1063 2311 et
1085 2289 1189 2323 posse
1207 2275 1353 2321 implere
1375 2276 1466 2321 quod
1484 2274 1554 2309 sibi
1577 2275 1622 2309 ad
1644 2285 1720 2310 rem

261 2319 431 2364 publicam
455 2323 711 2367 temperandam
735 2322 954 2357 dexteritatis
978 2324 1121 2368 deerat,
1154 2322 1301 2357 maxime
1332 2327 1445 2356 autem
1468 2331 1630 2366 suprema
1652 2331 1719 2365 po-

259 2369 388 2400 testate
414 2378 454 2400 eo
478 2367 590 2412 ipsum
613 2367 832 2414 impellente,
867 2368 1102 2415 imperatoriis
1134 2379 1211 2403 eum
1233 2367 1421 2402 honoribus
1443 2365 1640 2412 insignibus
1663 2370 1718 2400 at-

260 2420 328 2454 que
353 2411 477 2456 opibus
503 2420 658 2458 exornat,
684 2426 888 2460 progressus
911 2414 1014 2449 huius
1032 2414 1087 2448 rei
1107 2425 1211 2448 causa
1233 2412 1394 2459 publicae
1419 2411 1457 2447 in
1483 2411 1601 2446 nobile
1623 2410 1718 2446 divi-

260 2466 326 2489 nae
348 2457 542 2502 sapientiae
565 2460 699 2505 fanum,
724 2472 766 2494 ac
787 2460 918 2494 Basilio
941 2471 1102 2495 coronam
1123 2459 1256 2504 regiam
1279 2458 1444 2504 imponit,
1475 2457 1553 2503 ipso
1576 2462 1720 2491 sanctae

258 2506 479 2554 pentecostes
504 2506 594 2540 festo
619 2506 697 2552 die,
731 2506 792 2555 qui
813 2506 883 2541 fuit
902 2507 979 2541 dies
1001 2505 1090 2541 Maii
1112 2505 1282 2552 vigesima
1302 2510 1414 2550 sexta,
1439 2502 1631 2539 indictione
1653 2502 1717 2538 de-

259 2557 348 2581 c1ma
369 2555 506 2593 quarta.

349 2615 426 2650 Hoc
449 2616 510 2650 ubi
532 2618 677 2653 rescivit
700 2618 921 2664 Symbatius‚
947 2618 1067 2664 inique
1088 2617 1188 2663 tulit,
1212 2622 1402 2662 nactusque
1425 2616 1557 2651 socium
1578 2615 1716 2650 facino-

257 2659 307 2695 ris
330 2660 506 2705 Peganem
536 2664 741 2708 patricium,
774 2664 910 2709 Opsicii
948 2665 1185 2710 praefectum,
1226 2662 1449 2698 rebellionem
1480 2667 1536 2696 est
1563 2661 1715 2696 molitus.

256 2706 463 2741 Michaelum
498 2708 524 2741 ii
554 2708 796 2753 imperatorem
830 2710 953 2744 faustis
986 2710 1130 2744 vocibus
1161 2710 1367 2754 probabant,
1403 2712 1442 2741 ut
1463 2707 1715 2742 multitudinem

256 2751 325 2786 sibi
350 2753 586 2797 conciliarent,
612 2767 724 2799 neque
747 2756 951 2790 viderentur
974 2761 1096 2789 contra
1118 2766 1214 2790 suum
1239 2754 1480 2798 imperatorem
1504 2764 1625 2787 manus
1648 2751 1717 2786 tol-

254 2797 347 2841 lere,
376 2799 541 2833 Basilium
571 2806 685 2834 autem
717 2801 962 2847 improbabant
997 2813 1038 2835 ac
1070 2800 1216 2834 infinitis
1239 2798 1509 2844 proscindebant
1530 2797 1714 2833 conviciis.

255 2843 341 2877 haec
365 2851 499 2880 aestate
523 2846 727 2889 agebantur.
775 2847 839 2880 sed
864 2851 902 2879 ut
925 2846 1033 2880 hiems
1055 2845 1155 2889 iniit,
1190 2844 1362 2889 dissipata
1392 2849 1446 2878 est
1477 2844 1564 2879 haec
1595 2844 1716 2887 coitio,

255 2889 400 2926 ducibus
422 2891 565 2926 sceleris
586 2892 670 2936 suga
693 2892 762 2927 sibi
782 2891 928 2927 salutem
947 2891 1209 2938 quaerentibus.
1235 2889 1437 2935 Symbatius
1455 2890 1580 2926 Latum
1596 2898 1716 2925 saxum
