1890 3236
701 161 1072 209 GLOSSARIUM.
1519 159 1619 208 945

145 272 361 315 Eustnthius
380 273 430 312 ad
451 272 555 312 Iliad.
575 288 623 314 a:
665 272 861 326 ἐποίησαν
881 269 1049 327 ὄβολοΰς
1066 269 1163 323 τοιῖς
1181 270 1419 327 λεγομένους
1442 269 1618 324 ῳόλλεις.

146 331 253 371 nero
271 329 363 383 περὶ
382 332 595 383 σταθμῶνε
625 325 797 384 ὄβολοὺς
818 328 898 384 ρκε’
919 327 1115 385 ἀργύριον
1133 333 1294 383 πληροῖ.
1351 331 1404 369 sic
1427 330 1563 381 legitur
1579 331 1617 369 in

146 387 270 439 Regio
299 388 438 427 codice.
492 387 644 427 aliorum
673 388 897 440 exemplaria
924 388 1080 427 habent:
1108 386 1139 440 η’
1161 384 1306 439 φόλλις
1336 383 1416 441 ρκε’
1445 382 1618 441 ἀργύρια

145 447 307 498 πληροῖ.
365 445 457 495 quid
475 445 506 483 si
522 443 709 496 legamus:
739 440 883 498 ὀβολὸς
901 439 931 497 ἦ
947 442 1122 496 φόλλιςῖ
1178 445 1363 497 Excerpta
1385 457 1432 484 ex
1452 443 1619 498 Epipha-

146 503 211 542 nio
235 502 286 542 de
311 502 490 541 mensuris
514 506 552 540 et
577 502 824 554 ponderibus:
864 502 954 554 τρία
971 497 1186 555 βαλάντια,
1233 498 1258 542 ὃ
1278 500 1346 542 καὶ
1367 497 1474 552 φόλη
1493 501 1620 553 δηνα-

146 559 248 613 ρίων
265 558 483 600 διακοσίων
502 554 774 611 πεντήκοντα,
817 558 998 613 γίνονται
1026 559 1156 611 λίτραι
1182 553 1271 611 τιβ’,
1314 562 1352 597 et
1379 557 1490 610 paulo
1514 562 1621 610 post:

146 612 280 668 φόλης
298 614 368 656 καὶ
388 609 607 668 βαλάντιον
632 614 708 668 ἔχει
730 611 931 669 άργυροῦς
953 612 1028 656 δύο
1047 611 1198 668 ἥμισυ,
1230 611 1403 668 δηνάρια
1422 610 1621 663 διακόσια,

143 670 396 724 πεντήκοντα
416 672 576 725 λίθρας.
633 673 685 711 sic
703 672 838 723 legitur
857 674 896 711 in
914 673 961 711 R.
985 672 1202 724 exemplari:
1230 672 1445 724 expendant
1471 673 1620 711 eruditi.

143 733 251 770 vetus
271 729 479 781 inscriptio:
507 729 653 780 inseret
665 742 821 781 poenae
838 730 997 767 nomine
1003 729 1133 781 jblles
1152 727 1275 766 mille.
1323 728 1416 767 Acta
1437 729 1622 768 Cirtensia

144 785 312 827 Numani
331 786 482 826 Felicis:
512 786 777 825 Nundinario
805 793 842 824 et
868 786 1021 825 Victori
1044 786 1168 824 dixit.-
1202 786 1312 823 scitis
1337 792 1520 836 acceptos
1541 798 1621 823 esse

133 843 264 896 jblles
279 857 307 881 a
320 842 519 881 Lucilla?
576 845 616 882 S.
633 844 862 895 Augustinus
881 856 990 883 serm.
1014 842 1069 885 40
1094 844 1133 882 in
1155 842 1292 882 Novis:
1320 856 1417 879 nam
1434 841 1620 894 quidam,

145 900 259 954 quod
270 913 409 938 revera
427 900 577 938 dieitur
597 901 789 939 accidisse
801 929 814 947 ‚
851 900 968 939 homo
985 914 1066 938 non
1084 899 1196 938 dives
1205 927 1223 946 ,
1252 898 1325 937 sed
1345 906 1479 937 tamen
1500 901 1620 937 etiam

145 957 196 996 de
213 959 325 996 tenui
334 957 544 1009 facultate
554 958 725 1010 pinguis
743 957 863 1009 adipe
881 958 1080 1004 caritatis,
1109 970 1201 994 eum
1220 956 1412 1002 solidam,
1443 963 1489 994 ut
1508 969 1620 994 asso-

145 1014 217 1062 let,
247 1014 490 1053 vendidisxset
509 1023 667 1053 centum
682 1014 836 1066 fidles,
878 1028 925 1052 ex
940 1015 1070 1066 pretio
1089 1013 1213 1052 solidi
1227 1012 1480 1065 pauperibus
1504 1014 1621 1050 iussit

145 1072 316 1125 mgari.
376 1071 483 1111 folles
512 1077 637 1111 autem
665 1073 728 1110 alii
759 1076 866 1112 erant
882 1073 1000 1121 aerei,
1040 1071 1101 1110 alii
1121 1071 1302 1121 argentei.
1361 1071 1411 1109 de
1432 1075 1618 1109 utrorum-

143 1142 219 1182 que
248 1130 375 1169 valore
404 1129 623 1168 Sirmondus
655 1130 707 1167 ad
735 1130 771 1168 d.
801 1142 1008 1168 sermonem
1034 1127 1105 1171 40.
1172 1128 1259 1166 vide
1288 1127 1459 1179 Procopii
1486 1140 1621 1166 arcana

142 1201 183 1240 p.
205 1188 282 1229 111
297 1215 311 1235 ,
350 1185 480 1226 Achm.
501 1200 532 1227 c.
550 1189 658 1234 237,
695 1185 888 1225 Moschum
907 1185 1052 1225 Limon.
1073 1198 1103 1224 c.
1129 1183 1207 1226 134
1221 1213 1231 1232 ‚
1261 1184 1488 1234 Scaligemm
1511 1185 1559 1222 de
1580 1197 1622 1222 re

143 1244 347 1283 nummaria
371 1256 410 1296 p.
427 1245 504 1292 60,
549 1243 720 1283 vossium
742 1243 791 1283 de
818 1244 913 1282 vitiis
939 1242 1119 1282 sermonis
1146 1241 1171 1280 l.
1198 1240 1226 1283 3
1261 1254 1292 1280 c.
1325 1244 1376 1284 12
1410 1255 1449 1294 p.
1475 1241 1554 1284 431
1582 1241 1620 1279 in

141 1300 342 1341 Folleralis.

257 1374 419 1435 φόρος
442 1379 576 1417 forum.
632 1378 780 1418 Marcus
800 1378 1002 1430 imperator
1019 1378 1058 1416 in
1075 1376 1232 1429 epistola
1255 1376 1307 1415 ad
1328 1379 1497 1415 senatum
1518 1376 1619 1428 apud

141 1437 322 1476 Iustinum
341 1436 528 1490 Apologia
549 1437 597 1478 2:
638 1434 707 1476 καὶ
733 1430 883 1475 κελεύω
913 1432 1035 1476 τοῦτο’
1060 1450 1141 1486 μου
1175 1428 1222 1474 to*
1259 1429 1457 1488 διάταγμα
1486 1431 1529 1473 ἐν
1561 1434 1620 1487 τῷ

142 1490 261 1549 φόρῳ
293 1495 371 1535 τοῦ
397 1495 602 1547 Τραϊανοῦ
632 1494 884 1544 προτεθῆναι
912 1488 1015 1544 πρός
1042 1488 1088 1532 to*
1118 1485 1327 1531 δύνασθαι
1347 1485 1620 1543 ἆναγινῶσκε-

141 1555 253 1592 σθαι.
310 1551 570 1591 observatione
594 1550 746 1601 dignum
777 1554 835 1589 est
862 1550 963 1599 quod
990 1549 1115 1587 scribit
1139 1546 1437 1598 Theophylactus
1458 1547 1507 1585 ad
1525 1545 1619 1584 Acta

139 1608 398 1661 Apostolorum
417 1621 447 1647 c.
464 1609 533 1655 28,
566 1608 804 1659 principum
823 1607 1020 1658 imagines
1030 1605 1151 1657 soros
1168 1603 1373 1655 appellari
1382 1617 1396 1641 .·
1427 1602 1483 1651 ὥς
1504 1601 1618 1654 μέχρι

139 1668 219 1708 νῦν
240 1665 286 1706 αἴ
299 1667 382 1706 τῶν
402 1662 599 1718 βασιλέων
619 1662 773 1713 εἰκόνες
793 1659 917 1718 φόροι
938 1658 1319 1717 προσαγορεύονται.
1376 1661 1476 1700 idem
1497 1660 1619 1700 Oeen-

139 1723 284 1763 menius
307 1724 346 1762 in
362 1721 456 1762 Acta
471 1735 504 1763 c.
522 1721 591 1763 39.

254 1802 541 1852 φοσσᾶτον,
572 1801 921 1851 φοσσατικῶς,
949 1799 1149 1846 fossatum,
1179 1797 1370 1836 exercitus.
1427 1794 1471 1834 Β.
1494 1794 1616 1846 Chry-

139 1862 323 1899 sostomus
342 1858 465 1897 homil.
483 1860 538 1899 23
558 1858 596 1895 in
617 1857 809 1909 epistolam
831 1857 881 1895 ad
900 1855 1102 1908 Ephesios:
1131 1852 1154 1894 ὁ
1172 1850 1313 1905 παρών
1332 1853 1426 1905 βίος
1443 1847 1537 1898 ὁδός
1556 1852 1618 1900 τίς

138 1915 222 1958 ἐστι
240 1914 309 1956 καὶ
327 1914 511 1968 στρατιά,
559 1912 626 1954 καὶ
657 1912 712 1961 ὥς
741 1909 792 1953 ὂῖν
823 1912 929 1953 εἴποι
956 1928 1018 1960 τις
1043 1908 1089 1954 τό
1110 1908 1328 1964 λεγόμενον
1353 1904 1453 1961 παρ’
1478 1904 1617 1956 αὐτοῖς

139 1969 348 2026 φοσσάτον
368 1968 418 2013 ov'
441 1968 598 2023 ζητήσει
618 1967 835 2022 οἰκοδομάς
851 1964 1048 2021 λαμπράς.
1106 1968 1166 2015 τίς
1191 1963 1288 2022 γάρ,
1319 1965 1405 2006 εἰπέ
1425 1981 1505 2018 μοι,
1534 1961 1615 2005 κᾶν

138 2026 302 2084 σφόδρα
322 2026 493 2080 εὔπορος
512 2023 555 2085 ᾗ,
586 2023 796 2082 αἱρήσεται
815 2025 880 2067 ἐπὶ
899 2029 975 2066 τοῦ
993 2023 1207 2078 λεγομένου
1227 2019 1435 2075 φοσσάτου
1456 2022 1613 2062 οἰκοδο.

137 2091 230 2141 μεῖν
262 2087 393 2134 οἰκίας
423 2081 630 2139 λαμπράςς
673 2080 769 2125 οὐδὲ
804 2079 882 2132 εἷς·
920 2078 1144 2135 κατάγελως
1176 2077 1251 2134 γάρ
1287 2079 1394 2120 ἔσται
1425 2078 1494 2119 καὶ
1529 2083 1613 2126 τοῖς

137 2144 300 2198 ἐχθροῖς
320 2140 580 2196 οἰκοδομήσει
598 2140 666 2183 καὶ
686 2137 837 2189 αὐτούς
860 2135 1132 2182 ἐπισπάσεται.
1190 2136 1291 2178 ὥστε
1309 2134 1380 2177 ἐάν
1399 2132 1612 2189 νήφωμεν,

136 2198 261 2243 οὐδὲν
285 2202 471 2253 στρατιᾶς
495 2199 563 2240 καὶ
594 2194 800 2250 φοσσᾶτου
830 2195 854 2238 ό
884 2193 1027 2251 παρών
1057 2196 1145 2247 βίος
1164 2191 1383 2247 διενήνοχε.
1440 2206 1475 2230 v.
1496 2192 1522 2231 l.
1545 2192 1609 2231 ult.

136 2259 182 2301 C.
199 2260 249 2298 de
269 2259 387 2298 restit.
405 2258 480 2297 mil.
501 2262 539 2296 et
554 2257 645 2300 1.21
670 2255 696 2308 ὃ
714 2258 730 2295 1
750 2255 797 2297 D.
821 2268 954 2294 comm.
974 2255 1010 2292 in
1034 2253 1215 2297 Basilicis.
1244 2252 1318 2290 dixi
1341 2252 1390 2290 ad
1408 2249 1608 2302 Theophil.

135 2316 185 2356 de
203 2315 307 2357 milit.
327 2319 474 2355 testam.
486 2315 627 2366 Synod.
643 2314 716 2365 Cp.
733 2315 775 2353 7:
816 2307 876 2352 ὅτι
894 2307 940 2351 τό
960 2310 1083 2358 ἔθνος
1103 2305 1332 2362 Ἀγαρηνῶν
1353 2309 1610 2359 φοσσατικῶς

133 2371 338 2426 ἐξέρχεται.
396 2371 611 2412 Anastasius
635 2371 690 2409 ita
707 2370 835 2408 vertit:
863 2368 976 2421 quod
990 2380 1093 2420 gen-s·
1112 2366 1398 2419 Agerenorum
1417 2363 1611 2401 hostiliter

122 2430 276 2483 suisset
293 2443 465 2482 egressa.

249 2513 281 2549 φ
291 2513 313 2539 ο
323 2513 348 2538 v
358 2499 380 2538 λ
391 2513 415 2538 κ
429 2497 500 2545 ίζε
512 2511 526 2536 ι
535 2511 572 2536 ν.
630 2489 688 2535 δι’
717 2487 968 2546 Ἀδάμαντος
994 2486 1206 2542 ἐφούλκισε
1232 2488 1301 2531 καὶ
1330 2485 1607 2540 οἷπεκεφάλισε

132 2569 174 2610 p.
193 2557 276 2598 385
295 2555 331 2597 b.
359 2555 411 2594 sic
427 2554 559 2593 scribe.
618 2551 868 2603 Theophanes
887 2557 1009 2590 autem
1031 2545 1124 2595 τούς
1145 2545 1218 2598 μὲν
1237 2543 1455 2600 ἐφούρκισε
1466 2576 1477 2597 ,
1510 2543 1607 2594 τούς

132 2610 179 2654 δὲ
198 2607 480 2662 άπεκεφάλισε.
538 2609 754 2648 Anastasius
780 2608 870 2646 bibl.
900 2609 938 2646 in
964 2606 1063 2647 Hist.
1083 2605 1224 2644 Eccles.
1250 2604 1304 2642 ita
1331 2605 1459 2644 vertit:
1501 2603 1604 2640 alios

132 2669 358 2720 suspendit,
395 2668 498 2705 alios
515 2664 742 2704 decollavit.
802 2665 978 2705 falluntur
1002 2664 1114 2713 igitur
1144 2662 1208 2713 qui
1234 2661 1334 2699 aliud
1363 2674 1445 2700 esse
1471 2665 1604 2712 putant

132 2727 364 2780 φουρκίζειν
389 2725 490 2763 aliud
521 2723 765 2774 φουλκίζειν.·
796 2735 881 2761 nam
914 2725 1112 2770 utrumque
1143 2731 1212 2770 pro
1246 2719 1348 2757 furca
1375 2719 1602 2770 suspendere

133 2797 202 2823 seu
232 2785 359 2823 furcae
385 2781 514 2820 subiici
543 2781 703 2832 ponitur.
760 2779 1030 2832 Theophanes:
1074 2775 1118 2816 οἱ
1136 2773 1178 2815 δὲ
1200 2771 1274 2815 δύο
1293 2770 1437 2816 ἔπεσον
1462 2773 1505 2815 ἐκ
1527 2777 1601 2827 τῆς

71 2883 74 2886 ,
131 2835 336 2893 φούρκας·
380 2835 503 2879 πάλιν
529 2832 857 2891 ἐκρεμάσθησαν,
896 2835 965 2877 καὶ
996 2828 1119 2875 πάλιν
1153 2830 1308 2874 ἔπεσον.
1374 2845 1411 2873 v.
1446 2832 1601 2871 Suidam

189 2902 320 2948 Georg.
352 2900 526 2936 cedrenus
551 2903 631 2935 tom.
665 2898 716 2936 11.
1264 2889 1322 2930 60
