1916 3210
443 165 832 216 msromfflum
865 163 1253 241 οοΜΡΕΝοωΜ.
1482 163 1583 213 585

46 306 54 312 “
123 286 238 338 δ’δὲ.
249 284 444 343 βασιλεὺς
471 284 548 338 τὰς
573 282 760 342 ἀγγελίας
781 276 1000 338 δεξάμενος
1018 279 1123 340 πρὸς
1142 277 1295 333 ταύτας
1314 277 1391 336 μὲν
1406 279 1475 324 καὶ
1494 273 1587 325 ἔπε-

42 365 51 395 ’-
122 355 343 415 εᾶγχασεν,
371 357 413 400 εἰ
440 354 510 399 διὰ
539 349 800 407 Πατζινάκου
829 350 997 403 ἀπειλὰς
1023 347 1227 409 προδότης
1253 349 1405 408 γίνοιτο
1429 352 1506 394 τοῦ
1531 351 1589 402 εἷς

125 425 250 473 αῧτόν
268 421 610 484 προσφυγόντος,
633 422 701 466 καὶ
723 418 890 465 κωλύειν
911 423 986 464 τοῦ
1005 419 1063 475 μὴ
1089 424 1239 464 κακοῦν
1259 419 1357 471 τοὺς
1375 415 1590 463 κακώσαν-

123 509 223 549 τας,
266 494 364 546 τοὺς
398 494 444 538 δὲ
476 491 726 551 πρεσβευτὰς
755 486 989 548 ἀπράκτους
1021 489 1234 546 ἐξέπεμψε.
1298 485 1520 546 γράμματα
1547 487 1593 533 δὲ

91 562 229 622 ὀπρὸς
251 579 296 609 τε
320 561 498 619 Μιχαὴλ
516 561 588 605 τὸν
606 559 783 618 ἄρχοντα
802 561 885 602 τῶν
902 558 1151 616 παριστρίων
1169 555 1350 610 πόλεων,
1381 556 1440 601 ἔτι
1458 558 1504 602 δὲ
1521 558 1588 601 καὶ
1610 565 1641 602 Β

123 631 229 692 πρὸς
246 631 374 677 αῧτόν
393 630 464 676 τὸν
483 629 662 687 Κεγένην
681 628 868 683 ἐκπέμπει
878 659 894 681 ,
928 624 1145 686 φυλάττειν
1166 626 1346 685 ἀκριβῶς
1364 626 1440 678 τὰς
1461 625 1596 682 ὄχθας

123 706 201 747 τοῦ
224 705 433 757 ποταμοῦ·
468 701 505 744 εἰ
530 698 578 743 δέ
602 691 665 750 τις
689 697 779 756 ἐπίῃ
797 701 946 755 βαρεῖα
965 693 1158 752 δύναμις,
1181 694 1397 756 γράμμασι
1413 695 1594 752 μηνύειν,

122 772 196 818 ἵνα
218 771 288 816 καὶ
313 769 396 815 ἀπὸ
421 773 504 814 τῶν
529 769 703 812 δυτικιῦν
718 763 936 823 ταγμάτων
954 763 1235 821 ἕκπεμπόμενά
1252 782 1344 810 τινα
1361 765 1436 809 σὺν
1456 765 1595 817 αὐτοῖς

126 839 288 898 εἶ’ργωσι
305 844 391 891 τοῖς
406 834 685 891 Πατζινάκαις
701 835 776 892 τὴν
793 839 867 878 τοῦ
884 838 1074 889 ποταμοῦ
1095 832 1300 890 διάβασιν.
1368 832 1523 891 ἔπεμψε
1547 834 1595 878 δὲ

71 910 196 954 lunai
221 905 400 967 τριήρεις
425 903 568 950 ἑκατόν
574 937 589 959 ,
621 902 853 961 ἐπισκήψας
875 908 1103 962 παραπλεῖν
1127 903 1198 948 τὸν
1220 903 1380 962 Ἴστρον
1409 905 1478 947 καὶ
1503 920 1593 948 πει-

125 977 333 1035 ρωμένους
362 972 601 1026 διακωλύειν
623 974 720 1026 τοὺς
741 970 1005 1026 Πατζινάκας
1029 977 1170 1032 περᾶν.
1237 971 1516 1030 ἓπανηκόντων
1544 972 1592 1022 δ’,

125 1044 344 1105 ἀπράκτων
371 1039 455 1102 τῷν
483 1044 611 1088 αῧτοῦ
637 1041 845 1102 πρέσβεων
852 1074 867 1096 ,
901 1039 924 1086 ὅ
953 1042 1102 1101 Τυρὰχ
1124 1042 1355 1098 ἐχαλέπαινε
1379 1044 1447 1086 καὶ
1470 1041 1596 1101 ὠργί-

126 1117 215 1170 ζετο
246 1115 315 1158 καὶ
340 1117 497 1159 θᾶττον
522 1112 669 1170 ηὔχετο
696 1115 941 1167 καταλαβεῖν
970 1111 1043 1155 τὸν
1068 1116 1265 1167 χειμῶνα.
1331 1111 1412 1168 ἤδη
1446 1112 1492 1155 δὲ
1521 1115 1597 1168 τῆς

127 1175 439 1244 φθινοπωρινῆς
463 1180 666 1241 ληγούσης
688 1180 801 1239 ὥρας
825 1182 894 1225 καὶ
919 1184 994 1223 τοῦ
1011 1185 1214 1236 χειμῶνος
1231 1179 1466 1233 ἐπιστάντος
1473 1213 1487 1234 ,
1521 1184 1598 1225 τοῦ

71 1249 118 1299 '15
128 1251 244 1310 ἡλίου
273 1251 391 1304 ὄντος
416 1252 481 1296 ἐπὶ
499 1251 571 1296 τὸν
591 1250 862 1308 αἰγοκέρωτα,
898 1248 1045 1304 ἄνεμος
1065 1248 1250 1295 ἴπνευσεν
1273 1250 1500 1308 ἀπαρκτίας
1519 1267 1596 1293 πο-
1618 1251 1651 1287 C

125 1319 222 1376 λύς,
247 1318 306 1373 ὥς
323 1321 773 1380 ἀποκρυσταλλωθῆναι
789 1320 909 1377 μέχρι
926 1319 1206 1363 πεντεκαίδεκα
1224 1317 1384 1375 πήχεων
1402 1320 1443 1371 ἐς
1459 1317 1600 1375 βάθος

126 1391 199 1436 τὸν
216 1388 415 1447 ποταμόν.
446 1388 581 1446 πάσης
597 1383 670 1433 οὗν
687 1393 874 1447 φυλακῆς
889 1386 1163 1445 σχολασάσης,
1191 1386 1443 1447 δραξάμενος
1459 1388 1601 1442 ἀδείας

126 1455 178 1516 ἧς
206 1460 406 1515 ἐπιτυχεῖν
431 1457 579 1516 ηὔχετο
608 1454 630 1503 ὃ
660 1457 806 1515 Τνρᾶχ
832 1459 1006 1519 διαπερᾷ
1035 1457 1106 1501 τὸν
1123 1457 1283 1515 Ἴστρον
1309 1457 1413 1513 μετὰ
1437 1455 1601 1501 πάντων

127 1534 211 1574 τῶν
222 1525 516 1582 Πατζινάκων,
548 1526 698 1580 ὄντων,
731 1525 788 1579 ὥς
806 1526 980 1584 ἐλέγετο,
1008 1524 1207 1583 χιλιάδων
1228 1527 1497 1581 ὀκτακοσίων,
1531 1527 1603 1570 καὶ

73 1598 174 1650 ωὲς
199 1597 275 1654 τὴν
300 1597 474 1657 περαίαν
500 1594 684 1656 ἱδρύετο,
720 1597 862 1654 κείρων
882 1597 950 1639 καὶ
972 1594 1179 1654 ἀφανίζων
1201 1596 1253 1640 τὰ
1276 1597 1602 1654 παραπίπτοντα.

127 1664 352 1726 γράμματα
379 1666 427 1710 δὲ
454 1666 559 1726 πρὸς
586 1666 658 1711 τὸν
687 1666 860 1721 βασιλέα
891 1665 1095 1709 ἐστέλλετο
1123 1669 1295 1722 βοηθεῖν
1324 1665 1494 1721 δεόμενα
1527 1665 1603 1721 τὴν

129 1737 336 1794 ταχίστην.
378 1733 403 1780 ὃ
420 1735 466 1781 δὲ
481 1735 586 1793 μηδ’
609 1734 686 1780 ὅλα
702 1735 755 1780 τὰ
771 1733 996 1794 γράμματα
1013 1733 1211 1792 ἀναγνοὺς
1228 1739 1287 1796 τῷ
1307 1736 1422 1779 δουκὶ
1433 1736 1602 1793 Ἀδρια-

221 1867 248 1904 3
267 1864 434 1903 mum?
558 1866 654 1913 τοῦ]
677 1863 768 1907 τοὺς
790 1866 822 1901 C
945 1867 970 1903 7
993 1863 1094 1902 ἐπίοι
1117 1866 1148 1902 C
1264 1868 1287 1903 9
1309 1864 1548 1909 πατζινοὶκοις
1571 1867 1603 1902 C

130 1921 146 1950 ιΞ
225 1914 270 1950 11
292 1907 542 1956 πατζινάκονς
565 1911 597 1947 C
688 1914 736 1949 12
758 1909 896 1947 ἑαυτοῦ
914 1911 946 1947 C
1038 1913 1083 1949 15
1101 1911 1187 1960 περὶ
1203 1913 1234 1949 C
1323 1916 1371 1951 20
1387 1913 1555 1960 ἱδρύεται
1571 1915 1604 1949 C

131 2026 377 2076 gravissimum
404 2029 529 2064 contra
550 2037 590 2063 se
614 2037 656 2063 ac
678 2038 760 2063 suos
783 2026 909 2062 bellum
931 2026 1123 2063 concitare.
1169 2027 1298 2064 auditis
1326 2027 1519 2075 imperator
1546 2027 1604 2064 his

131 2075 319 2122 postulatis
341 2075 546 2110 cachinnum
567 2073 727 2119 sustulit,
751 2074 844 2120 quod
867 2073 1052 2109 ludibrium
1076 2076 1236 2120 putaret,
1264 2075 1296 2110 si
1322 2076 1367 2110 ob
1389 2075 1605 2110 Patzinacao

130 2121 244 2160 minas
268 2121 426 2176 prodere
457 2126 643 2166 cogeretur
662 2132 740 2155 eum
763 2121 824 2166 qui
849 2119 886 2154 in
907 2121 1011 2156 fidem
1036 2120 1149 2167 ipsius
1171 2121 1409 2167 confugisset,
1442 2127 1503 2156 aut
1526 2133 1607 2156 eum

133 2168 178 2203 ab
209 2166 411 2202 ulciscenda
433 2167 564 2202 iniuria
584 2167 776 2202 abstinere.
823 2165 1029 2212 legatosque
1058 2178 1100 2201 re
1130 2166 1264 2203 infecta
1297 2166 1455 2203 dimittit.
1503 2167 1607 2202 simul

131 2213 256 2248 literas
277 2213 324 2248 ad
345 2213 556 2248 Michaelum
579 2213 658 2258 dat,
693 2213 829 2248 urbium
850 2213 944 2247 Istro
967 2211 1199 2248 adiacentium
1221 2214 1459 2260 praefectum,
1493 2218 1531 2249 et
1560 2213 1608 2249 ad

133 2260 337 2305 Kegenum3
367 2259 484 2305 iisque
504 2258 658 2304 iniungit
678 2264 718 2294 ut
739 2259 837 2305 ripas
863 2259 947 2293 Istri
972 2264 1135 2294 accurate
1157 2260 1374 2305 custodiant,
1407 2271 1450 2294 ac
1471 2259 1503 2295 si
1527 2260 1608 2306 quis

133 2305 254 2352 gravis
286 2305 462 2340 exercitus
496 2310 659 2359 appetat,
690 2305 728 2340 id
760 2305 830 2340 sibi
860 2316 926 2351 per
946 2305 1068 2340 literas
1088 2304 1263 2351 indicent,
1298 2311 1337 2341 ut
1359 2307 1404 2341 de
1428 2306 1607 2341 Occiden-

133 2352 262 2388 talibus
295 2351 400 2387 etiam
430 2350 627 2396 legionibus
658 2350 798 2386 mittere
834 2350 948 2397 possit
977 2351 1039 2396 qui
1070 2350 1158 2398 ipsis
1190 2353 1367 2388 coniuncti
1396 2353 1607 2388 Patzinacas

133 2397 288 2434 transitu
310 2396 396 2433 Istri
441 2397 641 2432 rohibeant.
689 2397 797 2432 mittit
820 2397 924 2432 etiam
955 2398 1115 2433 triremes
1139 2405 1299 2443 centum,
1332 2410 1424 2444 quae
1445 2399 1531 2434 Istri
1554 2399 1608 2433 ri-

134 2455 202 2491 pas
224 2443 343 2489 legant
364 2447 401 2479 et
449 2443 625 2478 atzinacas
648 2443 798 2479 traiectu
818 2449 974 2479 arceant.
1021 2455 1098 2478 cum
1123 2443 1232 2490 legati
1260 2444 1365 2480 irrita
1387 2457 1452 2491 spe
1477 2445 1609 2481 rediis-

136 2494 236 2536 sent,
267 2489 454 2533 Tyrachus
477 2490 724 2536 indignabatur
746 2502 788 2525 ac
812 2491 1004 2535 fremebat,
1028 2489 1221 2537 hiemisque
1244 2492 1431 2526 adventum
1456 2498 1609 2538 exopta-

136 2538 212 2572 bat.
259 2537 324 2571 sub
355 2537 460 2572 finem
489 2534 683 2580 auctumni,
719 2548 762 2571 ac
791 2537 905 2572 hieme
937 2536 1099 2583 ineunte,
1137 2549 1213 2573 cum
1242 2537 1311 2573 iam
1335 2538 1387 2573 sol
1411 2539 1457 2574 ad
1478 2538 1610 2584 Capri-

137 2594 281 2619 cornum
305 2582 521 2628 appulisset,
554 2588 681 2618 ventus
705 2583 882 2629 aparctias
907 2582 1070 2629 copiosus
1092 2584 1196 2619 flavit
1217 2584 1379 2630 Isterque
1399 2584 1436 2619 in
1459 2585 1608 2630 glaciem

137 2628 335 2674 quindecim
359 2628 495 2664 cubitos
518 2629 621 2664 altam
646 2629 857 2674 congelavit.
905 2629 1018 2665 otiosa
1051 2629 1173 2677 itaque
1204 2631 1297 2666 omni
1320 2631 1482 2666 custodia
1505 2637 1609 2677 opta-

136 2681 208 2711 tam
240 2674 426 2719 Tyrachus
457 2682 579 2711 nactus
601 2675 796 2721 licentiam,
830 2676 958 2711 Istrum
983 2688 1059 2711 cum
1084 2677 1240 2713 omnibus
1263 2677 1483 2722 Patzinacis,
1518 2689 1608 2723 quo-

135 2732 213 2756 rum
237 2721 420 2756 multitudo
443 2722 721 2768 octingentorum
744 2724 953 2758 censebatur
974 2722 1124 2766 milium,
1157 2729 1397 2770 transgressus
1411 2750 1421 2770 ,
1453 2723 1491 2759 in
1514 2724 1606 2759 ulte-

135 2768 264 2803 riorem
299 2779 338 2803 se
372 2767 499 2803 effudit
529 2769 719 2814 dicionem,
754 2769 926 2816 diripiens
958 2774 994 2804 at
1021 2780 1064 2804 ue
1094 2769 1213 2806 delens
1244 2771 1280 2805 in
1312 2782 1403 2816 quae
1426 2769 1607 2807 incidebat

137 2813 266 2848 omnia.
313 2814 497 2850 mittuntur
530 2827 615 2860 ergo
650 2816 696 2850 ad
731 2814 976 2862 imperatorem
1020 2815 1154 2862 ᾔει-ορ,
1188 2817 1316 2863 quibus
1350 2817 1395 2852 ad
1425 2817 1603 2853 serendam

135 2860 387 2907 quamprimum
417 2873 517 2908 opem
548 2861 773 2898 incitabatur.
820 2862 853 2899 is
875 2862 1016 2899 vixdum
1038 2863 1207 2911 perlectis
1228 2863 1341 2901 literis
1361 2863 1406 2900 ad
1430 2863 1604 2900 Adriano-
