1890 3236
333 176 432 225 368
806 172 1043 219 GEORGH
1075 172 1317 218 CEDRENI

329 291 454 336 ἐτίθει
461 320 476 343 ,
507 286 634 344 λέγων
654 285 802 330 ιεοὐδὲν
819 284 1062 342 θαυμαστὸν
1081 288 1116 329 εἲ
1135 285 1177 329 ἓν
1194 283 1374 345 τοσούτῳ
1392 283 1541 343 πλήθει
1555 290 1656 355 2305
1674 286 1777 331 ἆτα-

329 358 471 403 κτοῦσί
487 355 646 406 τινες·”
682 357 748 399 καὶ
773 350 896 406 αὖθις
914 353 1109 397 εἰσελθὼν
1129 356 1185 405 εἷς
1200 354 1274 410 τὴν
1290 352 1406 398 πόλιν
1422 349 1581 399 πολλῶν
1597 357 1667 400 καὶ
1684 358 1778 400 δια-

327 431 465 485 φανῶν
499 425 566 467 καὶ
598 425 769 467 ἰδιωτῶν
801 422 1057 481 ἆρπαγέντων
1094 422 1283 478 οὐδεμίαν
1319 424 1518 480 ἐκδίκησιν
1549 421 1777 481 ἐποιήσατο,

272 505 302 540 Β
326 495 430 538 ἀλλὰ
470 491 739 549 παρεβλὲπετο
773 492 848 542 τὰς
888 490 1062 542 ἀτόπους
1101 490 1289 549 πράξεις,
1337 489 1650 547 ἓνευωχούμενος
1689 499 1778 544 ταῖς

324 562 566 617 ἀσελγείαις,
602 556 666 611 αἷς
697 560 735 602 οἳ
763 561 1024 610 ἀτακτοῦντες
1050 561 1325 618 προσκείμενοι
1348 565 1481 611 κακῶς
1499 560 1596 613 τοὺς
1615 561 1811 612 πολίταςῦ

325 631 550 682 διετίθουν,
584 631 651 671 καὶ
671 632 799 672 ταῦτα
818 626 1136 686 συνεργήσαντας
1153 628 1263 688 αὐτῷ
1279 628 1381 686 πρὸς
1397 628 1470 684 τὴν
1485 633 1558 685 τῆς
1573 629 1782 682 βασιλείαςν

325 696 531 753 ἀνάληψιν
553 697 599 740 οὗ
619 701 784 754 μικρῶς.
852 695 936 740 εἶτα
954 700 1021 740 καὶ
1039 697 1141 754 πρὸς
1159 699 1354 748 ταξείὸιον
1372 701 1546 752 συνεχῶς
1564 695 1678 748 ἐξιὼν
1697 696 1779 742 δει-

325 771 405 817 νῶς
426 764 571 809 ἐκάκου
590 765 635 808 τὸ
654 764 733 808 ὑπὸ
751 771 868 822 χεῖρα
885 765 931 809 οὗ
950 764 1074 820 μόνον
1093 763 1348 822 προσθήκαις
1365 769 1595 809 συντελειῶν
1617 766 1684 808 καὶ
1703 764 1779 808 ἅλ-

325 841 414 886 λαις
439 841 721 892 συνεισφοραῖς
740 835 938 878 παντοίων
958 836 1074 877 εἰδῶν
1093 834 1196 877 ἀλλὰ
1217 836 1284 877 καὶ
1304 835 1533 890 λεηλασίαις
1551 831 1785 878 ἀνυποστά-”

324 921 431 956 τοις,
464 902 566 959 πρὸς
585 909 670 954 τοῖς
690 903 909 961 εἷρημὲνοις
926 901 1104 957 ἐκκόψας
1121 904 1188 945 καὶ
1206 903 1328 960 μέρος
1344 921 1384 946 τι
1402 908 1482 946 τῶν
1498 901 1778 960 παρεχομένων
1788 910 1835 947 10

325 978 376 1031 τῇ
400 969 608 1030 συγκλήτῳ
628 976 760 1030 βουλῇ
782 970 1112 1030 φιλοτιμημάτων
1139 971 1208 1014 διὰ
1229 970 1301 1024 τό,
1336 969 1392 1022 ὥς
1419 970 1524 1027 ἔλεγε
1535 1002 1549 1023 ,
1583 971 1780 1023 σπανίζειν

324 1040 546 1100 χρημάτων
574 1041 615 1083 ἓν
641 1046 725 1091 τοῖς
751 1040 960 1095 πολέμοις,
994 1040 1096 1097 πρὸς
1124 1040 1168 1082 δὲ
1198 1041 1266 1082 καὶ
1286 1039 1360 1091 τὰς
1378 1041 1628 1097 παρέχεσθαι
1644 1056 1780 1083 τυπω-

278 1119 309 1154 C
330 1111 473 1160 θείσας
497 1107 627 1160 δόσεις
646 1109 749 1166 πρὸς
766 1109 918 1165 εὐαγεῖς
937 1107 1070 1159 οἴκους
1087 1110 1156 1150 καὶ
1176 1109 1385 1164 ἐκκλησίας
1401 1106 1513 1166 παρά
1532 1124 1650 1151 τινων
1666 1107 1780 1151 εὗσε-

326 1183 413 1234 βῶν
441 1178 641 1233 βασιλέων
669 1178 801 1221 τέλεον
828 1176 1008 1232 ἐκκόψας
1014 1209 1028 1230 ,
1059 1178 1127 1220 καὶ
1152 1174 1277 1231 νόμον
1301 1177 1515 1231 ἐκθέμενος
1535 1175 1593 1231 μὴ
1616 1175 1691 1228 τὰς
1712 1175 1779 1218 ἔκ-

328 1248 495 1302 κλησιάς
525 1244 726 1301 ἀκινήτοις
752 1244 1052 1298 πλατύνεσθαι,
1085 1249 1218 1296 κακῶς
1238 1243 1405 1303 φάσκων
1422 1243 1502 1288 ὕπὸ
1521 1248 1600 1288 τῶν
1615 1241 1778 1288 ἓπισκό-
1789 1247 1834 1285 15

325 1332 413 1359 πων
441 1318 707 1358 δαπανᾶσθαι
736 1315 787 1358 τὰ
816 1314 996 1369 πτωχικὰ
1022 1313 1215 1371 χρήματα
1239 1313 1425 1364 καὶτοὺς
1445 1311 1781 1370 στρατευομένους

326 1384 588 1440 ὄλιγοῦσθαι,
622 1385 689 1426 καὶ
709 1383 755 1425 τὸ
780 1383 829 1438 δὴ
854 1381 1015 1426 πάντων
1032 1380 1334 1440 χαλεπώτερον,
1367 1383 1436 1424 καὶ
1461 1380 1780 1436 νόμον.ἑκθε’με-

324 1469 417 1505 νος,
447 1453 488 1494 ἐν
514 1446 549 1511 ᾧ
575 1452 648 1494 καί
670 1469 772 1502 τινες
800 1452 1006 1495 ἐπίσκοποι
1033 1456 1114 1494 τῶν
1141 1451 1376 1508 εὗριπίστων
1397 1451 1463 1493 καὶ
1483 1446 1664 1493 κολάκων
1682 1447 1781 1492 ὗπὲ-

326 1532 495 1578 γραψαν
505 1551 519 1572 ,
555 1518 823 1576 ὃιοριζόμενον
842 1520 899 1575 μὴ
923 1519 1017 1563 ἄνευ
1035 1524 1109 1575 τῆς
1131 1519 1255 1562 αὐτοῦ
1273 1517 1435 1576 γνώμης
1456 1520 1523 1562 καὶ
1549 1522 1781 1576 προτροπῆς

324 1591 539 1632 ἐπίσκοπον
559 1587 584 1643 ἢ
608 1590 865 1645 ψηφίζεσθαι
885 1587 910 1644 ἢ
931 1590 1266 1646 προχειρίζεσθαι.
1332 1585 1549 1630 ἐπισκόπου
1567 1603 1610 1630 τε
1631 1590 1834 1641 ‘cethem-20

324 1656 442 1708 κότος
479 1656 688 1712 βασιλικὸν
726 1656 935 1711 ἐκπέμπων
971 1656 1191 1714 ἄνθρωπον
1216 1657 1527 1712 ἓσταθμημένην
1553 1661 1678 1698 ποιεῖν
1706 1654 1780 1710 τὴν

324 1725 464 1778 ἔξοδον
502 1725 768 1783 προσέταττε,
814 1727 882 1768 καὶ
913 1725 966 1768 τὰ
995 1724 1160 1783 περιττὰ
1189 1723 1502 1780 ἀνελαμβάνετο.
1569 1725 1637 1767 καὶ
1676 1723 1780 1766 ἄλλα

421 1879 442 1914 1
465 1876 559 1960 aaa&
582 1890 638 1914 om
660 1876 692 1913 C
781 1877 806 1915 4
829 1876 889 1914 οἷτ.
907 1878 984 1924 πρ]
1007 1875 1166 1919 α’τοπίας
1183 1877 1214 1912 C
1281 1877 1305 1914 6
1321 1874 1474 1914 ἐτίθουν
1491 1876 1523 1912 C
1592 1876 1635 1913 15
1652 1873 1780 1922 ἀκινή-

417 1935 492 1966 τως

327 2059 486 2099 rectione
508 2059 698 2107 cogitavit,
720 2060 815 2096 fatus
836 2061 957 2097 mirum
978 2072 1049 2096 non
1071 2072 1147 2096 esse
1160 2087 1171 2105 ,
1198 2059 1230 2095 si
1253 2060 1290 2095 in
1312 2062 1409 2096 tanta
1431 2058 1604 2095 hominum
1624 2059 1780 2094 multitu-

329 2108 412 2143 dine
435 2107 574 2153 quidam
595 2107 824 2152 incomposite
845 2120 884 2142 se
902 2112 1082 2153 gererent.
1129 2105 1255 2142 deinde
1278 2108 1370 2152 quod
1389 2107 1427 2141 in
1448 2107 1573 2152 ιιι-ὕεια,
1581 2106 1780 2151 ingressus,

327 2165 403 2188 cum
430 2155 522 2188 bona
544 2157 581 2187 et
601 2153 783 2188 illustrium
807 2157 843 2188 et
864 2153 1078 2200 plebeiorum
1107 2153 1288 2188 multorum
1319 2152 1576 2198 diriperentur,
1606 2151 1781 2187 vindicem

327 2211 367 2234 se
390 2209 606 2245 nequaquam
626 2199 810 2245 praebuit,
845 2201 909 2234 sed
930 2199 1031 2244 quasi
1053 2199 1219 2234 delectari
1241 2199 1338 2233 visus
1364 2204 1418 2233 est
1437 2198 1641 2233 libidinibus
1661 2207 1781 2232 eorum

326 2244 389 2290 qui
417 2245 515 2280 cives
543 2246 740 2291 vexabant,
774 2256 834 2280 eos
860 2246 964 2280 etiam
988 2245 1049 2291 qui
1070 2245 1141 2290 ipsi
1168 2245 1212 2279 ad
1241 2244 1422 2290 imperium
1443 2243 1668 2279 obtinendum
1689 2242 1782 2278 haud

326 2291 488 2336 exiguam
528 2296 698 2326 navarant
739 2302 894 2337 operam.
939 2296 1122 2336 praeterea
1154 2292 1198 2326 ad
1231 2290 1439 2325 Taxeidium
1468 2289 1608 2325 assidue
1635 2289 1782 2324 veniens

325 2337 486 2381 graviter
508 2337 664 2372 subditos
687 2337 834 2382 afflixit,
858 2349 929 2371 non
952 2337 1052 2371 modo
1077 2337 1280 2383 pensionum
1305 2341 1341 2371 et
1362 2336 1569 2371 tributorum
1591 2334 1783 2380 omnigenis

326 2382 544 2427 rationibus,
580 2384 642 2418 sed
674 2388 709 2418 et
740 2383 874 2428 rapinis
903 2383 1192 2420 intolerabilibus,
1250 2383 1295 2417 ad
1328 2382 1414 2416 haec
1448 2386 1582 2428 partem
1612 2381 1783 2426 quandam

324 2439 443 2462 eorum
472 2439 563 2473 quae
594 2429 813 2464 senatoribus
843 2429 1003 2464 solebant
1032 2428 1262 2475 imperatores
1291 2427 1414 2473 largiri
1445 2428 1611 2462 donorum
1637 2426 1675 2461 in
1696 2426 1783 2461 fisco

323 2473 490 2519 retinuit,
526 2480 688 2510 causatus
718 2475 788 2510 sibi
819 2476 864 2510 ad
891 2475 982 2510 bella
1014 2476 1168 2519 gerenda
1198 2476 1321 2509 deesse
1342 2473 1534 2520 pecuniam.
1582 2483 1695 2518 neque
1716 2472 1783 2506 hoc

323 2522 480 2563 tantum,
516 2521 581 2555 sed
613 2526 650 2556 et
683 2520 889 2556 donationes
911 2521 1130 2556 monasteriis
1154 2524 1258 2566 atque
1280 2519 1417 2565 templis
1441 2519 1573 2564 legatas
1597 2529 1618 2553 a
1638 2518 1783 2564 quibus-

325 2564 403 2598 dam
434 2565 503 2609 piis
535 2565 801 2611 imperatoribus
832 2578 974 2612 prorsus
1008 2566 1182 2611 abolevit,
1218 2566 1296 2612 lege
1330 2565 1434 2600 etiam
1454 2565 1524 2599 lata
1547 2575 1592 2599 ne
1615 2563 1784 2598 ecclesiae

325 2609 557 2646 immobilibus
589 2612 884 2658 locupletarentur
913 2612 1033 2658 bonis,
1070 2618 1231 2647 causatus
1262 2610 1445 2657 episcopos
1475 2610 1566 2645 male
1595 2609 1785 2656 prodigere

328 2666 372 2689 ea
403 2666 494 2700 quae
523 2658 735 2702 pauperibus
765 2659 948 2703 darentur,
983 2658 1122 2693 interim
1145 2657 1311 2692 militibus
1335 2656 1590 2692 deficientibus.
1637 2655 1676 2690 id
1697 2664 1784 2689 vero

329 2700 479 2735 omnium
512 2703 771 2748 gravissimum,
810 2705 902 2750 quod
932 2705 1043 2750 legem
1076 2704 1173 2749 tulit,
1209 2703 1266 2738 cui
1289 2707 1325 2738 et
1347 2702 1506 2748 episcopi
1527 2701 1666 2746 quidam
1686 2700 1785 2735 leves

327 2750 434 2790 atque
465 2746 664 2783 adulatores
691 2750 990 2795 subscripserunt,
1027 2762 1072 2784 ne
1102 2748 1321 2804 imperatoris
1340 2748 1475 2782 iniussu
1495 2747 1583 2782 ullus
1606 2750 1786 2782 crearetur

328 2791 526 2838 episcopus.
573 2797 610 2828 et
629 2800 763 2830 mortuo
785 2796 902 2840 aliquo
926 2796 1091 2842 episcopo
1116 2796 1264 2841 ahquem
1284 2805 1422 2828 suorum
1442 2793 1619 2839 submisit,
1645 2791 1706 2838 qui
1721 2791 1786 2825 de-

327 2837 446 2873 finitos
468 2838 603 2874 faceret
624 2846 799 2887 sumptus:
823 2842 919 2888 ipse,
944 2842 1038 2888 quod
1061 2846 1139 2877 erat
1160 2843 1205 2876 de
1226 2839 1398 2876 reditibus
1420 2839 1610 2885 reliquum,
1635 2836 1785 2882 accepit·
