1890 3236
465 202 859 279 HlsssomARUM
893 205 1118 249 COMPEN
1125 204 1280 249 mum.
1507 201 1606 248 385

133 315 231 368 τοῦς
257 315 463 369 ἐναντίους
490 320 719 375 περιελθεΐν
740 318 809 362 καὶ
827 318 946 376 τέχνῃ
966 319 1034 363 καὶ
1054 322 1219 377 μηχανῇ
1238 317 1290 362 τὰ
1308 321 1488 363 τοσαῦτα
1507 336 1606 363 κατ-

132 384 394 443 εργάσασθαι
425 384 584 443 πλήθη.
652 387 676 430 ὃ
709 387 760 443 δὴ
792 390 860 432 καὶ
889 389 1037 446 γέγονε.
1105 389 1343 445 συγκλείσας
1360 387 1440 446 γὰρ
1462 386 1607 432 ἑαυτὸν

132 454 212 498 ’σὺν
238 459 291 511 τῇ
318 459 494 517 στρατιᾷ
522 456 619 500 εἴσω
643 461 810 512 τειχῶν,
849 458 982 500 πολλὰ
996 458 1351 515 ’προκαλουμένων
1375 461 1458 500 τῶν
1484 461 1607 501 πολε-

132 524 240 579 μίων
272 525 452 576 ἐξελθεῖν
480 527 550 568 καὶ
580 527 671 583 περὶ
698 529 779 569 τῶν
804 523 910 569 ὅλων
932 527 1258 582 διαγωνίσασθαι
1275 527 1349 581 οὐχ
1366 523 1610 581 ὑπήκουσεν,

95 591 233 635 ῦᾶλλ“
265 593 471 651 ἐκαρτέρει
495 591 553 645 ὥς
579 592 686 651 τάχα
710 592 940 646 δειλιάσας,
972 595 1135 649 βλέπων
1162 595 1258 646 τοὺς
1287 594 1532 646 ἀντιπάλους
1555 597 1608 639 τὰ

131 660 424 717 παρατυχόντα
456 661 656 720 φέροντάς
685 680 729 707 τε
762 665 831 718 καὶ
859 663 1048 720 ἄγοντας.
1115 668 1236 708 τοῦτο
1268 664 1312 707 δὲ
1332 663 1378 707 τὸ
1400 662 1611 719 βούλευμα

131 729 315 788 μεγάλην
343 730 648 790 καταφρόνησιν
677 733 879 789 ἐνεποίησε
907 739 993 783 τοῖς
1014 730 1268 790 βαρβάροις·
1304 734 1510 789 οἰηθέντες
1524 734 1609 791 γὰρ
1631 739 1662 776 Β

133 797 192 850 ὥς
225 805 317 852 ταῖς
345 799 563 856 ἀληθείαις
595 802 725 861 δειλία
751 799 1016 856 συνεχόμενος
1044 800 1067 844 ὁ
1102 801 1288 858 Σκληρὸς
1325 802 1614 858 συγκεκλεικὼς

134 866 218 923 ἔχει
242 868 400 924 τείχους
427 867 543 912 ἔνδον
570 868 646 920 τὰς
664 867 895 924 Ῥωμαϊκὰς
920 869 1154 929 φάλαγγας,
1190 873 1417 922 ἐπεξελθεῖν
1434 871 1494 926 μὴ
1514 876 1612 915 τολ-

0 933 8 954 '
81 941 245 992 1ομῶν,
278 936 410 988 ἀδεῶς
437 954 482 980 τε
513 936 799 982 ἓσκεδάννυντο
833 941 901 982 καὶ
931 940 1093 994 ἀμελῶς
1122 939 1508 997 ἐστρατοπεδεύοντο
1542 943 1612 983 καὶ

133 1010 209 1062 τῆς
234 1003 467 1063 πρεπούσης
493 1005 674 1062 ἠμέλουν
702 1011 909 1064 φυλακῆς,
944 1007 1084 1060 πότοις
1112 1010 1180 1052 καὶ
1209 1010 1361 1063 μέθαις
1381 1011 1449 1052 καὶ
1473 1009 1614 1060 αὐλοῖς

132 1076 203 1118 καὶ
223 1072 451 1131 κυμβάλοις
469 1077 536 1118 καὶ
556 1073 749 1133 ὀρχήσεσι
765 1081 1040 1134 βαρβαρικαῖς
1057 1076 1424 1135 διανυκτερεύοντες
1441 1080 1508 1121 καὶ
1527 1097 1612 1134 μη-

134 1143 250 1196 δενὸς
269 1148 352 1187 τῶν
369 1142 542 1188 δεόντων
562 1144 854 1199 ἐπιμελόμενοι.
921 1150 1067 1203 καιροῦ
1085 1147 1218 1190 τοίνυν
1236 1148 1462 1203 ἐπιτηδείου
1482 1146 1612 1202 λαβό-

133 1229 255 1269 μενος
272 1210 295 1256 ὅ
314 1211 506 1270 Βάρδας,
536 1215 606 1256 καὶ
623 1213 733 1265 ὅπως
752 1216 943 1270 ἐπίθηται
962 1221 1046 1265 τοῖς
1065 1215 1232 1273 ἐχθροῖς
1251 1211 1296 1258 εὖ
1311 1215 1426 1271 μάλα
1444 1218 1612 1260 διασκο-

77 1290 128 1328 1⁵
138 1280 295 1338 πήσας,
329 1284 398 1325 καὶ
419 1282 494 1338 τὴν
509 1281 666 1339 ἡμέραν
688 1285 756 1326 καὶ
776 1283 850 1339 τὴν
869 1283 979 1340 ὥραν
1001 1283 1141 1340 ὁρίσας
1147 1315 1160 1336 ,
1192 1282 1339 1348 λόχους
1358 1286 1427 1326 καὶ
1449 1286 1614 1342 ἐνέδρας

135 1351 280 1402 νυκτὸς
307 1351 378 1394 ἐπί
402 1368 524 1394 τινων
552 1350 848 1406 εὐκαιροτάτων
871 1354 1035 1410 χωρίων
1055 1350 1305 1407 στησάμενος
1320 1351 1508 1409 Ἰωάννην
1528 1372 1610 1396 πα-
1634 1359 1666 1396 C

134 1421 290 1479 τρίκιον
307 1419 380 1464 τὸν
394 1420 622 1463 Ἀλακασέα
640 1419 745 1476 μετά
762 1438 870 1472 τινος
889 1421 1025 1478 ὀλίγης
1045 1420 1254 1476 δυνάμεως
1273 1421 1461 1475 ἐκπέμπει
1470 1454 1484 1474 ,
1509 1440 1614 1480 προ-

134 1489 289 1545 τρέχειν
308 1486 500 1540 κελεύσας
519 1491 588 1532 καὶ
609 1491 841 1533 διασκοπεῖν
860 1489 956 1541 τοὺς
979 1490 1158 1548 ἐχθροὺς
1178 1492 1247 1533 καὶ
1270 1490 1390 1544 θαμὰ
1413 1492 1515 1549 πρὸς
1537 1492 1615 1535 αὖ·
1672 1540 1674 1546 k

132 1558 205 1602 τὸν
232 1555 400 1613 μηνύειν
425 1559 494 1600 καὶ
522 1557 603 1615 ὅπῃ
629 1557 814 1616 πάρεισιν
840 1557 1126 1602 ἀναδιδάσκειν
1135 1591 1150 1611 ,
1195 1558 1428 1614 ἐπισκήψας
1464 1561 1509 1603 δὲ
1545 1563 1613 1604 καὶ

78 1629 341 1682 montpezat
363 1624 523 1678 τούτοις
549 1628 728 1684 ἐγγίσασι
756 1630 822 1671 καὶ
854 1627 942 1682 ἅμα
963 1633 1014 1686 τῇ
1036 1632 1254 1686 συμπλοκῇ
1272 1630 1413 1671 δοῦναι
1433 1629 1484 1672 τὰ
1502 1635 1614 1673 νῶτα

137 1698 206 1740 καὶ
225 1695 392 1752 δόκησιν
410 1694 641 1754 φευγόντων
660 1698 976 1755 παρεσχηκέναι,
1005 1697 1065 1753 μὴ
1088 1698 1276 1755 ἀκρατῶς
1294 1698 1430 1752 μέντοι
1448 1715 1493 1755 γε
1511 1698 1614 1756 φεύ-

136 1783 243 1823 γειν,
269 1764 352 1824 ὅλῳ
371 1765 516 1824 ῥυτῆρι
531 1764 720 1817 ἐνδόντας
739 1773 824 1818 τοῖς
840 1769 981 1818 ἵπποις
999 1767 1095 1817 τοὺς
1107 1765 1322 1821 χαλινούς,
1358 1768 1453 1809 ἀλλ’
1479 1768 1613 1825 ἠρέμα

137 1836 206 1879 καὶ
238 1833 343 1890 μετὰ
373 1833 549 1888 τάξεως,
584 1833 664 1893 ὅπῃ
696 1836 741 1879 δὲ
769 1837 975 1894 παρείκοι,
1015 1838 1083 1879 καὶ
1103 1835 1434 1895 ὖποστρέφοντας
1456 1837 1613 1896 συρρή-

0 1549 11 1600 ζ’

0 1598 8 1615 ,.

227 1978 252 2015 7
274 1975 423 2023 ἐποίησε
443 1977 475 2012 0
575 1974 803 2023 Βουλγάροις
824 1978 854 2014 Ρ
955 1979 999 2016 10
1021 1974 1336 2021 ἐστρατοπέδευον
1360 1979 1391 2015 C
1483 1980 1533 2016 12
1549 1978 1613 2015 καὶ

229 2021 404 2070 ὀρχήσεσι
425 2023 673 2071 βαρβαρικαῖς
694 2036 749 2060 om
768 2025 798 2060 C
939 2026 983 2061 13
1005 2021 1285 2070 ἐπιμελούμενοι
1303 2025 1334 2061 C

136 2151 244 2186 baras
267 2150 523 2186 circumvenire
547 2153 696 2197 astuque
719 2154 756 2187 et
779 2151 945 2188 machinis
970 2155 1098 2189 tantam
1124 2152 1322 2199 opprimere
1342 2150 1610 2186 multitudinem.

137 2209 253 2243 neque
277 2209 354 2233 eum
376 2198 407 2232 is
430 2203 576 2232 conatus
597 2199 785 2234 frustratus
810 2199 890 2234 suit.
937 2200 1069 2246 quippe
1103 2212 1142 2234 se
1173 2211 1249 2233 cum
1280 2198 1352 2233 suis
1378 2198 1473 2233 intra
1495 2208 1612 2232 muros

137 2244 343 2285 continens,
366 2243 599 2289 barbarisque
622 2246 746 2279 crebro
770 2246 1043 2290 provocantibus
1067 2247 1110 2280 ad
1135 2252 1309 2280 certamen
1334 2245 1377 2278 de
1400 2255 1529 2278 summa
1554 2255 1613 2278 re-

137 2300 214 2324 rum
237 2290 424 2325 ineundum
448 2301 518 2324 non
539 2291 804 2336 obtemperans,
842 2298 1040 2337 metumque
1063 2292 1247 2333 simulans,
1283 2290 1506 2335 quantumvis
1528 2300 1612 2323 suo-

138 2347 214 2372 rum
237 2347 296 2371 res
316 2338 360 2371 ab
383 2336 484 2371 hoste
507 2335 565 2380 agi
590 2336 748 2382 ferrique
772 2343 953 2381 cerneret,
988 2344 1102 2372 tamen
1137 2349 1233 2371 suum
1270 2336 1414 2370 tenebat
1447 2335 1612 2382 proposi-

0 2382 11 2419 ἒ·
76 2411 80 2415 .
137 2387 224 2417 tum.
270 2382 339 2417 hoc
368 2388 472 2428 pacto
503 2392 662 2427 magnum
695 2383 748 2417 sui
780 2389 1012 2428 contemptum
1047 2384 1138 2429 apud
1170 2385 1336 2417 barbaros
1359 2381 1552 2416 excitavit:
1585 2380 1614 2416 ii

137 2427 231 2463 enim
254 2428 326 2463 rati
349 2428 488 2463 omnino
511 2428 699 2463 formidine
721 2430 860 2464 ductum
884 2430 1036 2464 Bai-darn
1061 2441 1142 2464 suos
1169 2429 1349 2463 moenibus
1372 2427 1524 2462 inclusos
1548 2427 1613 2462 de-

137 2474 274 2520 tinere,
311 2486 427 2521 neque
457 2474 587 2509 audere
620 2476 762 2520 egredi,
799 2475 911 2510 libere
942 2487 1048 2522 porro
1078 2475 1222 2521 vagari,
1256 2480 1371 2509 castra
1391 2474 1617 2519 negligenter·

137 2520 278 2564 metari,
314 2527 351 2557 et
380 2520 547 2556 excubias
576 2521 715 2556 debitas
739 2522 969 2568 posthabere,
1000 2528 1119 2556 noctes
1145 2523 1297 2567 potando
1319 2532 1385 2566 per
1409 2520 1614 2555 ebrietatem

135 2567 231 2603 inter
252 2567 388 2603 fistulas
412 2573 448 2602 et
471 2567 630 2612 cymbala
653 2573 690 2602 et
711 2567 914 2603 saltationes
938 2568 1140 2604 barbaricas
1166 2568 1314 2610 ducere,
1350 2566 1502 2612 denique
1525 2565 1615 2600 nihil

136 2624 256 2648 eorum
279 2625 371 2660 quae
393 2612 566 2648 attinebat
588 2625 725 2649 curare.
773 2626 858 2659 ergo
881 2615 1016 2649 Bai-das
1038 2614 1256 2649 occasionem
1281 2619 1423 2657 nactus,
1458 2617 1494 2647 et
1523 2623 1613 2657 quo-

135 2659 239 2695 modo
262 2659 382 2695 hostes
407 2659 606 2694 adoriretur
629 2665 792 2695 accurate
814 2661 1020 2705 meditatus,
1058 2661 1115 2695 die
1148 2661 1305 2705 horaque
1338 2659 1382 2694 ad
1419 2658 1486 2693 hoc
1516 2658 1614 2693 desi-

134 2705 272 2751 gnatis,
307 2706 490 2753 dispositis
523 2718 588 2752 per
618 2707 916 2753 opportunissima
939 2707 1017 2742 loca
1039 2707 1201 2750 insidiis,
1235 2707 1400 2741 Ioannem
1426 2704 1613 2751 patricium

134 2751 379 2788 Alamensem
402 2764 478 2787 cum
499 2753 635 2787 modica
659 2764 762 2788 manu
786 2753 933 2797 emittit,
970 2753 1031 2800 qui
1062 2752 1276 2799 speculatum
1299 2752 1419 2786 hostes
1443 2762 1611 2786 excurre—

134 2803 213 2842 ret,
247 2799 378 2844 ubique
399 2799 427 2833 ii
449 2805 567 2834 essent
587 2798 682 2834 illico
707 2799 776 2835 sibi
795 2802 1034 2844 renuntiaret,
1068 2799 1226 2834 hostibus
1249 2797 1612 2845 appropinquantibus

81 2870 94 2883 ,,
135 2854 273 2879 nanum
296 2851 516 2889 consereret,
551 2846 740 2892 subitoque
762 2850 864 2891 terga
886 2848 972 2881 dans
995 2846 1149 2891 speciem
1173 2846 1279 2891 fugae
1306 2844 1505 2888 exhiberet,
1542 2855 1613 2878 non

134 2891 276 2937 quidem
308 2897 348 2927 ut
380 2892 493 2926 effuse
527 2892 654 2927 laxatis
687 2904 854 2938 equorum
887 2892 1035 2928 habenis
1065 2893 1250 2939 fugerent,
1286 2891 1349 2926 sed
1379 2890 1544 2938 paulatim
1575 2896 1612 2924 et

191 2943 325 2991 (ἔασι-ς’.
355 2944 531 2981 Cedrenus
559 2949 641 2982 tom.
671 2946 720 2981 11.
1279 2941 1331 2983 25
