1890 3236
275 168 374 215 212
748 165 988 212 GEORGII
1015 164 1258 210 CEDRENI

277 282 560 341 προσηγορίαν,
595 278 639 322 ὃν
659 276 916 333 αἲχμάλωτον
943 276 1066 333 ἔλαβέ
1089 295 1185 321 ποτε
1211 278 1316 321 κατὰ
1344 277 1417 334 τὴν
1438 278 1645 336 Τεφρικὴν
1659 279 1729 323 καὶ

281 352 349 395 διὰ
370 348 583 402 ἀστεϊσμὸν
604 348 670 389 καὶ
687 345 839 403 χάριτα
862 345 1024 402 συνήθη
1046 344 1123 400 εἶχε
1146 348 1213 389 καὶ
1230 345 1445 403 γνώριμον,
1478 345 1732 403 θεασάμενος

141 437 171 472 p
194 434 261 471 573
284 419 406 462 αὐτὸν
435 418 501 459 καὶ
530 416 748 471 γνωρίσας,
791 415 1048 472 ἐπιστραφεὶς
1082 412 1162 458 “vl
1186 414 1283 458 σοι”
1322 415 1469 474 φησίν,
1508 408 1580 457 “ὦ
1609 413 1730 458 ἄθλιε

279 483 501 538 Πουλάὸη,
537 480 812 539 διεπραξάμην
830 482 965 535 κακόν,
1001 481 1063 526 ὅτι
1091 500 1142 537 με
1169 481 1275 525 οὕτω
1295 482 1555 534 καταδιώκεις
1575 486 1732 537 paml-

283 557 364 604 ὁιῦς
382 555 592 605 ἐπιθυμῶν
611 551 820 605 ἀνελεΐν;”
858 549 879 593 ὅ
901 552 946 594 δὲ
964 549 1171 605 συντόμως
1189 549 1420 605 ὑπολαβών,
1447 549 1559 594 ιετῶν
1576 550 1764 608 nitere-5

283 626 381 666 σιῶν
400 637 488 671 σου,
522 618 699 677 πάτρων,
734 619 809 675 τὴν
828 619 1031 675 ἀμοιβὴν”
1063 618 1141 676 ἔφη
1169 617 1427 662 “ἀποδοῦναί
1450 635 1516 663 σοι
1537 618 1649 662 κατὰ
1660 617 1734 673 τὴν
1765 658 1768 662 ,

282 693 492 746 παροῦσαν
511 685 666 745 ἡμέραν
683 686 890 739 πεποιθώς
910 690 990 742 εἶμι
1007 693 1064 746 τῷ
1082 687 1218 745 θ·εῷ.”
1289 686 1311 730 ὅ
1330 688 1402 742 μὲν
1420 682 1491 730 οὖν
1509 685 1651 744 προῄει
1666 683 1736 729 οἶά

283 776 345 809 τις
365 755 634 813 ἓμβρόντητος
651 757 718 798 καὶ
736 757 1015 814 βεβλαμμένος
1034 756 1108 807 τὰς
1126 756 1297 813 φρένας,
1332 754 1353 798 ὃ
1374 757 1418 799 δὲ
1438 757 1618 813 ἐφείπετο
1639 753 1732 811 μετ’

285 827 496 880 εὐτολμίας
529 828 721 879 νεανικῆς.
788 822 934 882 τάφρῳ
966 826 1010 867 δὲ
1037 826 1191 883 βαθείᾳ
1222 823 1244 866 ὅ
1276 823 1519 878 διωκόμενος
1548 821 1736 878 ἐντυχών,

284 897 351 938 καὶ
370 893 650 951 ὖπερπηὸῆσαι
671 889 820 947 ταύτην
837 893 907 935 τὸν
921 893 1045 935 ἵππον
1063 892 1121 948 μὴ
1141 898 1372 949 συγχωρῶν,
1405 890 1596 947 βάλλεται
1612 889 1735 935 κατό-
1747 895 1792 932 10

284 980 352 1005 πιν
373 962 484 1018 παρὰ
503 966 575 1004 τοῦ
593 959 816 1003 Πουλάδου
837 959 1076 1019 φθάσαντος
1093 966 1219 1020 κοντῷ
1240 961 1344 1004 κατὰ
1361 966 1434 1016 τῆς
1449 964 1636 1018 πλευρᾶς.
1669 960 1739 1003 καὶ

285 1030 307 1075 ὅ
326 1032 399 1085 μὲν
421 1029 572 1079 εὐθέως
593 1030 863 1084 περιδινηθεὶς
882 1033 940 1088 τῷ
959 1028 1159 1084 ἀλγήματι
1176 1028 1372 1086 κατερρύη
1388 1034 1459 1072 τοῦ
1475 1030 1625 1081 ἵππου,
1658 1031 1740 1071 τῶν

287 1101 332 1142 δὲ
353 1099 427 1142 σὺν
449 1099 557 1155 αὐτῷ
577 1114 637 1147 τις
662 1098 945 1152 (Διακονίτζης
965 1095 1094 1155 τούτῳ
1119 1092 1170 1152 ἦν
1195 1097 1242 1140 τὸ
1269 1096 1496 1153 ἐπώνυμον)
1521 1102 1595 1141 τοῦ
1611 1097 1739 1139 ἰ’ππου

235 1182 266 1217 Β
290 1167 415 1225 ῥίψας
435 1166 578 1208 ἑαυτὸν
600 1167 825 1220 ἐπιμελείας
851 1167 964 1220 ἠξίου
993 1166 1064 1209 τὸν
1092 1163 1286 1219 πεσόντα,
1321 1173 1405 1216 τοῖς
1430 1183 1474 1208 τε
1493 1165 1650 1217 οἶκείοις
1669 1162 1742 1222 γό-

286 1252 379 1279 νασι
397 1235 470 1290 τὴν
491 1235 639 1276 ἐκείνου
662 1234 842 1291 κεφαλὴν
858 1235 1014 1285 ἐπιθεὶς
1032 1236 1100 1277 καὶ
1118 1233 1165 1277 τὸ
1189 1233 1351 1288 συμβὰν
1377 1231 1631 1291 ὄὸυρόμενος.
1698 1233 1740 1276 ἓν
1752 1234 1796 1272 15

288 1302 468 1360 τοσούτῳ
491 1303 535 1344 δὲ
552 1304 836 1359 προσγίνονται
853 1308 911 1361 τῷ
932 1301 1134 1359 Πουλάδῃ
1164 1304 1232 1344 καὶ
1255 1304 1402 1358 ἕτεροι,
1443 1304 1511 1344 καὶ
1535 1299 1744 1345 καθαλλό-

289 1389 401 1427 μενοι
428 1373 471 1413 ἒκ
500 1375 580 1413 τῶν
606 1372 740 1413 ἵππων
767 1371 843 1425 τὴν
873 1375 946 1413 τοῦ
967 1369 1245 1427 Χρυσόχειρος
1277 1371 1546 1425 ἀποτέμνουσι
1565 1369 1745 1428 κεφαλὴν

287 1440 369 1495 ἤδη
386 1443 646 1488 θανατιῦντος
666 1441 732 1480 καὶ
751 1437 1073 1493 ἔκλιμπάνοντος.
1142 1440 1334 1492 δεσμοῦσι
1355 1440 1399 1481 δὲ
1417 1441 1485 1481 καὶ
1502 1439 1572 1482 τὸν
1588 1438 1747 1481 Διακο-

287 1510 419 1562 νίτζην
438 1509 506 1550 καὶ
526 1513 609 1556 τοῖς
629 1506 767 1557 ἄλλοις
792 1505 1063 1561 αΐχμαλώτοις
1082 1507 1456 1563 συγκαταλέγουσιν.
1522 1507 1648 1557 εὐθὺς
1674 1500 1746 1549 οὖν

289 1576 498 1632 εὐαγγέλια
526 1575 628 1631 πρὸς
654 1575 723 1617 τὸν
747 1575 918 1628 βασιλέα
948 1575 1233 1630 ἐκπέμπονται,
1261 1576 1363 1630 μεθ’
1392 1569 1448 1617 ὧν
1468 1569 1519 1630 ἦν
1540 1577 1607 1617 καὶ
1627 1572 1654 1630 ἦ
1671 1577 1745 1617 τοῦ
1755 1577 1802 1613 20

290 1642 570 1702 Χρυσόχειρος
601 1642 770 1700 κεφαλή.
838 1641 1028 1693 πεσόντος
1062 1637 1132 1685 οὖν
1160 1647 1232 1685 τοῦ
1264 1642 1544 1701 Χρυσόχειρος
1573 1659 1748 1687 συναπε-

291 1710 486 1769 μαράνθη
516 1715 628 1754 πᾶσα
654 1709 680 1765 ἡ
708 1711 897 1754 avaei-oa
923 1716 995 1765 τῆς
1017 1715 1223 1768 Τεφρικῆς
1247 1711 1450 1767 εὐανδρία.
1518 1710 1655 1756 καὶτὰ
1674 1711 1749 1765 μὲν

293 1781 397 1823 κατὰ
420 1780 492 1834 τὴν
513 1779 719 1836 Τεφρικὴν
737 1783 918 1823 τοιοῦτον
940 1779 1029 1834 ἴσχε
1048 1779 1093 1821 τὸ
1114 1780 1249 1831 τέλος,
1283 1782 1350 1823 καὶ
1373 1781 1415 1822 ἕν
1436 1777 1525 1838 ὥρᾳ
1544 1784 1620 1840 μιᾷ
1636 1777 1662 1834 ἦ
1685 1779 1750 1821 ἐπὶ

243 1865 274 1901 c
296 1850 430 1905 μεῖζον
453 1845 573 1903 δόξης
597 1848 770 1905 ἀρθεῖσα
791 1846 900 1903 ὕψος
928 1852 1008 1891 τῶν
1027 1850 1274 1903 Μανιχαίων
1299 1848 1461 1904 πληθὺς
1489 1846 1582 1893 ὡσεὶ
1600 1847 1751 1898 καπνὸς

293 1915 479 1972 διελύθη.

388 2012 431 2047 11
455 2009 575 2058 κοντῷ
598 2021 653 2046 om
676 2010 706 2044 O
846 2011 890 2047 13
911 2003 960 2055 ἦν
984 2022 1038 2046 om
1059 2010 1090 2045 C
1210 2011 1252 2047 19
1277 2008 1479 2055 δεσμώταις
1501 2010 1534 2045 C

294 2091 333 2126 in
365 2089 456 2126 bello
490 2088 583 2134 apud
614 2088 827 2135 Tephricam
862 2093 1005 2135 ceperat
1037 2093 1226 2146 notumque
1262 2094 1297 2124 et
1335 2088 1540 2123 familiarem
1569 2087 1752 2132 habuerat,

294 2147 488 2182 agnoscens
512 2134 682 2169 hominem
714 2140 749 2170 et
776 2136 821 2170 ad
850 2147 925 2169 eum
951 2147 1139 2170 conversus
1182 2132 1314 2180 ‘quid's
1334 2135 1403 2179 ait,
1437 2131 1567 2170 “miser
1588 2134 1753 2176 Pulades,

295 2183 378 2218 mali
395 2181 464 2225 tibi
485 2180 576 2224 feci,
609 2180 702 2225 quod
723 2193 778 2214 me
800 2187 869 2216 tam
895 2181 1029 2216 furiose
1052 2181 1294 2227 persequeris,
1326 2181 1525 2215 interficere
1548 2175 1757 2226 cupiens‘3”

298 2229 355 2263 cui
376 2226 535 2262 breviter
556 2226 706 2260 Pulades
727 2223 839 2261 “deo''
862 2227 976 2272 inquit
997 2223 1179 2271 “confido,
1216 2227 1281 2261 hac
1312 2226 1370 2261 die
1401 2238 1455 2260 me
1488 2225 1555 2260 tibi
1588 2236 1652 2272 pro
1682 2224 1755 2260 tuis

297 2273 432 2308 meritis
455 2272 601 2317 gratiam
623 2269 847 2306 relaturum?
890 2273 1007 2318 pergit
1031 2272 1156 2307 exinde
1179 2272 1394 2316 Chrysochir
1416 2271 1583 2307 attonitus
1606 2282 1647 2305 ac
1669 2282 1756 2306 vae-

297 2331 390 2364 cors,
413 2319 580 2353 audacter
600 2318 805 2362 insequente
824 2318 966 2362 palade,
992 2319 1102 2353 donec
1125 2319 1171 2352 ad
1193 2318 1294 2353 altam
1312 2319 1442 2352 fossam
1464 2322 1666 2363 perventum
1689 2322 1756 2352 est.

300 2376 375 2399 eam
399 2375 473 2398 cum
496 2363 673 2398 transilire
696 2375 820 2408 equum
845 2364 1061 2410 Chrysochir
1083 2376 1152 2398 non
1176 2370 1366 2408 pateretur,
1400 2372 1504 2398 conto
1526 2364 1616 2398 latus
1639 2374 1660 2398 a
1681 2363 1755 2396 Pu-

298 2410 378 2444 lade
395 2421 546 2455 propere
567 2409 658 2443 ictus
681 2409 811 2444 doloris
836 2410 1056 2454 impatientia.
1077 2411 1121 2444 ab
1145 2421 1234 2454 equo
1257 2410 1438 2445 delabitur.
1471 2410 1592 2444 aderat
1614 2408 1754 2454 quidam

299 2455 523 2491 Diaconitzes
546 2455 696 2489 nomine.
742 2455 774 2489 is
798 2456 915 2490 statim
948 2468 970 2490 a
999 2468 1061 2490 suo
1089 2455 1255 2490 desiliens
1283 2467 1372 2501 equo
1396 2454 1665 2499 Chrysochirem
1691 2465 1755 2487 cu-

300 2502 446 2536 randum
468 2501 636 2546 suscipit,
669 2507 844 2546 caputque
865 2501 937 2535 suis
960 2502 1106 2546 genibus
1128 2502 1307 2548 imponens
1331 2512 1444 2536 casum
1467 2501 1559 2534 hunc
1579 2499 1753 2544 deplorat.

299 2546 439 2580 interim
461 2545 626 2580 Puladem
649 2547 710 2580 alii
732 2547 821 2581 socii
846 2553 1096 2593 assequuntur,
1123 2552 1158 2582 et
1179 2549 1223 2581 ab
1248 2548 1347 2592 equis
1370 2546 1570 2581 desilientes
1594 2545 1753 2589 chryso-

301 2591 392 2627 chiri
424 2591 493 2625 iam
522 2591 700 2626 deficienti
732 2598 837 2637 atque
868 2593 1071 2628 moribundo
1096 2598 1202 2638 caput
1223 2598 1423 2638 amputant,
1457 2590 1695 2626 Diaconitzem
1718 2593 1755 2626 et

300 2637 455 2682 reliquos
477 2637 635 2670 vinciunt
658 2637 819 2683 interque
842 2640 1000 2684 captivos
1021 2643 1189 2673 statuunt.
1235 2639 1351 2674 statim
1375 2637 1428 2671 rei
1454 2636 1607 2671 feliciter
1633 2641 1757 2681 gestae

304 2683 445 2718 nuntius
479 2683 523 2716 ad
553 2683 793 2727 imperatorem
826 2696 895 2718 una
924 2696 999 2719 cum
1028 2684 1143 2729 capite
1172 2683 1415 2728 chrysochiris
1442 2682 1603 2717 mittitur.
1650 2689 1757 2727 atque

303 2728 372 2763 hoc
401 2728 451 2762 ita
484 2727 670 2762 interfecto
702 2729 802 2763 simul
834 2729 943 2763 omnis
965 2730 1164 2775 Tephricae
1198 2730 1300 2774 vigor
1322 2734 1428 2773 atque
1458 2729 1567 2763 robur
1589 2726 1756 2773 elanguit.

303 2773 395 2808 hunc
417 2783 500 2816 ergo
524 2774 626 2807 finem
650 2774 773 2808 habuit
795 2774 1021 2819 Tephricana
1042 2787 1121 2820 res,
1158 2779 1195 2810 et
1226 2775 1270 2809 ad
1301 2785 1462 2809 summam
1498 2773 1589 2809 elata
1611 2773 1758 2820 gloriam

303 2818 587 2856 Manichaeorum
609 2819 792 2856 multitudo
810 2820 912 2856 unius
933 2821 1040 2857 horae
1057 2821 1173 2868 spatio
1195 2821 1233 2856 in
1252 2821 1382 2856 fumum
1404 2819 1504 2856 abiit.
