1916 3210
355 188 454 236 576
830 183 1066 233 GEORGII
1100 184 1337 230 CEDRENl
1371 198 1376 202 ·

352 318 458 358 μεως
475 302 624 358 μικρᾶς
643 297 746 356 πρὸς
762 301 954 358 τοσοῦτον
972 301 1131 355 πλῆθος
1149 302 1372 356 πολεμῆσαι
1390 296 1625 360 βαρβάρων.
1695 301 1800 348 οὕτω

354 371 399 413 δὲ
423 374 501 413 τῶν
530 370 762 425 στρατηγῶν
789 366 1108 424 ἀποφηναμένων
1135 368 1309 423 ἐνίκησεν
1334 365 1362 423 ἦ
1385 372 1457 411 τοῦ·
1471 367 1627 426 ,Ἀαρὼν
1646 368 1801 428 γνώμη.

353 439 420 480 καὶ
448 437 561 479 αῧτοὶ
587 436 661 490 μὲν
683 435 786 490 μετὰ
802 439 875 490 τῆς
893 439 1085 493 στρατιᾶς
1102 434 1348 488 ἀπελθόντες
1365 435 1408 479 ἓν
1420 436 1575 498 Ἰβηρίᾳ
1591 437 1694 483 κατά
1711 455 1801 484 τινα

351 503 524 547 πεδιάδα
554 503 753 561 ἕγχωρίως
775 501 1026 562 Ὀσούρτρου
1057 503 1269 561 λεγομένην
1300 503 1438 560 ἔμενον
1468 501 1802 560 ἧσυχάζοντες,ἐν

354 579 438 622 τοῖς
466 570 708 629 ὑπαίθροις,
740 569 871 615 πάντα
899 570 1092 630 πρότερον
1119 572 1189 616 τὸν
1214 570 1388 631 ἇγρότην
1407 571 1507 617 λαόν
1525 573 1592 616 καὶ
1612 580 1834 635 γυναῖκαςὸ

307 649 336 684 Β
359 642 424 683 καὶ
445 641 593 690 παῖδας
611 641 679 682 καὶ
698 643 778 681 πᾶν
797 638 820 683 ὅ
841 656 881 683 τι
900 640 1028 695 τίμιον
1049 641 1345 697 συγκλείσαντες
1364 641 1406 684 ἓν
1425 647 1509 692 τοῖς
1527 639 1816 699 ὀχυρώμασιν,

356 708 540 766 ἔγραψαν
563 708 609 751 δὲ
631 708 698 750 καὶ
718 711 776 766 τῷ
797 711 961 763 βασιλεῖ
975 709 1044 751 διὰ
1063 707 1342 767 ταχυδρόμου,
1381 707 1716 766 ὃηλοποιήσαντες
1732 710 1805 768 τὴν

356 781 437 821 τῶν
457 777 643 819 ἐναντίων
663 775 878 819 ἓπέλευσιν.
945 775 1158 832 δεξάμενος
1177 772 1247 821 οὖν
1266 771 1383 828 οὗτος
1397 777 1448 822 τὰ
1465 775 1686 836 γράμματα
1704 778 1806 822 ἑκεί-

356 862 441 895 νοις
471 845 544 900 μὲν
573 843 722 899 ἐπέχειν
754 844 928 888 ἐκέλευεν
940 876 955 899 ,
997 845 1072 897 ἕως
1102 844 1151 889 ἂν
1181 844 1216 890 ὃ,
1232 847 1469 903 Λιπαρίτης
1493 845 1597 901 μετὰ
1623 850 1698 903 τῆς
1725 851 1805 892 τῶν

351 912 520 970 Ἰβήρων
556 911 764 967 δυνάμεως
799 912 935 957 ἐλθών
967 920 1052 965 τοῖς
1078 911 1315 970 Ῥωμαϊκοῖς
1343 913 1478 973 ἓνωθῇ
1508 913 1805 972 στρατεύμασι·
1818 926 1862 962 10

355 982 499 1036 πέμπει
520 982 564 1024 δὲ
582 981 684 1039 πρὸς
701 981 846 1025 ἐκεῖνον
864 979 1087 1040 γράμματα
1107 980 1356 1040 ὁιοριζόμενα
1373 982 1447 1038 τὴν
1463 983 1674 1044 ταχίστην,
1701 983 1807 1042 εἴπερ

356 1049 572 1105 σύμμαχον
599 1048 744 1103 ἑαυτὸν
770 1051 838 1092 καὶ
865 1051 983 1108 φίλον
1009 1051 1129 1108 κρίνει
1147 1050 1375 1106 Ῥωμαίων,
1413 1044 1655 1110 ἀνειληφότα
1677 1050 1809 1096 πάντα

355 1118 425 1161 τὸν
452 1119 542 1176 περὶ
567 1117 689 1160 αὐτὸν
710 1118 810 1161 λαὸν
833 1117 1055 1176 ἀφικέσθαι
1073 1120 1140 1162 καὶ
1156 1122 1356 1174 συμμῖξαι
1375 1125 1460 1170 τοῖς
1478 1125 1715 1177 στρατηγοῖς
1729 1125 1810 1164 τῶν

306 1194 337 1229 C
354 1185 561 1241 Ῥωμαίων
598 1188 666 1229 καὶ
702 1187 793 1242 μετ’
826 1186 960 1230 αὐτῶν
988 1188 1279 1243 διαπολεμῆσαι
1307 1187 1409 1245 πρὸς
1438 1186 1534 1239 τοὺς
1560 1186 1810 1246 βαρβάρους.

358 1255 397 1298 οἱ
418 1255 491 1310 μὲν
514 1249 584 1298 οὖν
607 1256 821 1312 στρατηγοὶ
843 1255 895 1298 τὰ
916 1253 1136 1313 γράμματα
1158 1253 1364 1310 δεξάμενοι
1384 1254 1559 1312 ἠρέμουν
1578 1253 1634 1307 ὥς
1654 1254 1809 1300 ἔκελεύ-
1822 1262 1863 1300 15

359 1327 546 1379 σθησαν,
581 1324 648 1365 καὶ
673 1323 747 1378 τὴν
770 1326 843 1367 τοῧ
866 1325 1100 1381 Λιπαρίτου
1131 1324 1374 1383 προσέμενον
1404 1322 1561 1381 ἄφιξιν,
1595 1323 1742 1378 ἐκεῖνος
1769 1326 1812 1369 δὲ

360 1393 407 1435 τὸ
445 1390 655 1446 βασιλικὸν
693 1389 907 1447 δεξάμενος
942 1390 1183 1449 πρόσταγμα
1220 1392 1290 1435 τὸν
1331 1390 1478 1435 ἑαυτοῦ
1518 1391 1622 1447 μετὰ
1664 1397 1814 1450 σχολῆς

361 1459 533 1517 ἤθροισε
575 1461 642 1502 καὶ
682 1459 911 1512 καθώπλιζε
951 1459 1063 1504 λαόν.
1131 1462 1172 1504 ἓν
1212 1460 1294 1519 ὅσω
1330 1460 1374 1503 δὲ
1409 1455 1525 1511 οὗτος
1557 1459 1631 1512 τὰς
1667 1462 1814 1513 οῖκείας

364 1525 589 1585 συνεκρότει
630 1526 818 1584 δυνάμεις
850 1530 917 1571 καὶ
947 1526 969 1571 ὃ
998 1526 1146 1587 χρόνος
1182 1527 1358 1585 ἐτρίβετο
1366 1559 1381 1580 ,
1426 1526 1448 1571 ὅ
1481 1525 1702 1585 ,Ἀβράμιος
1737 1529 1813 1586 τὴν

364 1596 711 1653 Βαασπρακανίαν
749 1593 1014 1650 καταλαβών,
1060 1598 1128 1639 καὶ
1161 1597 1314 1652 μαθὼν
1352 1595 1414 1639 ὅτι
1447 1613 1521 1654 περ
1560 1596 1599 1639 οἶ
1619 1593 1866 1653 ῬωμαῖοιΞΟ
1911 1617 1913 1619 ·

365 1666 546 1708 ἐνταῦθα
574 1664 860 1720 συνειλεγμένοι
890 1663 999 1716 ἷίντες
1027 1667 1096 1707 καὶ
1124 1665 1196 1720 τὴν
1228 1665 1353 1708 αὐτοῦ
1382 1663 1587 1719 μαθόντες
1612 1664 1813 1710 ἔπε’λευσιν

364 1731 638 1787 ὕπενόστησαν
669 1734 725 1783 εἷς
748 1733 945 1790 Ἰβηρίαν,
992 1734 1139 1776 δειλίαν
1148 1764 1162 1785 ,
1207 1732 1304 1790 ὅπερ
1330 1727 1379 1790 ἦν
1406 1730 1532 1785 εῗκός,
1572 1732 1618 1776 τὸ
1646 1739 1813 1793 πρᾶγμα

366 1798 620 1856 ὗπονοήσας,
668 1800 771 1859 παρ’
807 1802 923 1844 οὐδὲν
951 1801 1121 1857 θέμενος
1149 1802 1217 1844 καὶ
1250 1802 1360 1844 λείαν
1389 1802 1456 1844 καὶ
1487 1803 1812 1859 λαφυραγωγίαν,

366 1870 525 1912 ἐδίωκεν
550 1868 720 1913 ὄπισθεν
748 1869 902 1923 αὗτῶν,
930 1868 1179 1927 ἐπειγόμενος
1206 1867 1405 1929 συρράξαι
1432 1874 1516 1920 τοῖς
1538 1874 1711 1929 παροῦσι
1734 1870 1812 1928 πρὸ

453 2022 478 2058 4
503 2017 664 2067 οὕρτροὺ
691 2020 723 2057 C
856 2022 880 2058 8
903 2015 1096 2058 ἄπέλευσιν
1119 2021 1150 2058 P

363 2158 605 2204 imperatorem
627 2157 867 2203 referendum,
890 2169 1004 2205 neque
1027 2158 1102 2194 eius
1123 2154 1256 2194 iniussu
1277 2161 1398 2194 contra
1414 2160 1544 2195 tantam
1564 2157 1814 2195 multitudinem

363 2210 433 2240 tam
457 2204 575 2250 parvis
599 2204 709 2249 copiis
732 2205 973 2242 dimicandum.
1013 2205 1099 2240 haec
1120 2204 1293 2240 sententia
1314 2204 1413 2240 vicit.
1453 2206 1495 2240 et'
1509 2202 1658 2250 profecti
1676 2205 1715 2240 iu
1730 2205 1813 2240 Ibe-

363 2251 469 2294 riam,
493 2250 530 2284 in
552 2249 697 2296 planitie
720 2251 884 2295 quadam,
909 2262 999 2296 quac
1019 2250 1209 2286 incolarum
1230 2262 1390 2286 sermone
1411 2249 1562 2286 Osurtru
1583 2250 1727 2296 dicitur,
1753 2260 1814 2287 c!-
1843 2261 1854 2276 ⁸

367 2296 451 2331 stris
482 2297 547 2330 sub
579 2295 637 2330 dio
668 2296 791 2341 positis
812 2297 1040 2342 quieverunt,
1073 2297 1164 2332 omni
1187 2297 1284 2343 prius
1306 2296 1437 2342 agresti
1458 2297 1580 2342 turba,
1612 2295 1815 2332 mulieribus

367 2341 485 2388 pueris
508 2353 548 2375 ac
572 2352 661 2386 quae
683 2342 836 2386 pretiosa
860 2343 1046 2387 haberent,
1077 2343 1116 2378 in
1141 2342 1346 2378 munitiones
1367 2341 1524 2378 inclusis.
1570 2345 1606 2377 et
1626 2342 1816 2388 imperato-

366 2399 440 2422 rem
471 2387 606 2422 cursori
629 2388 767 2423 traditis
789 2388 901 2423 literis
923 2389 968 2424 de
989 2389 1141 2424 adventu
1162 2389 1308 2423 hostium
1329 2388 1513 2423 certiorem
1535 2389 1704 2425 fecerunt.
1749 2387 1816 2422 im-

366 2437 510 2478 perator
531 2433 642 2467 literis
666 2433 787 2479 lectis,
814 2434 958 2469 ducibus
980 2434 1058 2470 istis
1082 2435 1222 2469 mandat
1240 2434 1292 2477 uti
1313 2446 1354 2470 se
1375 2433 1594 2479 contineant,
1620 2434 1732 2469 donec
1751 2433 1815 2468 Li·

368 2478 502 2557 garites
524 2490 600 2513 cum
623 2479 769 2514 Ibericis
793 2480 902 2525 copiis
925 2480 970 2514 ad
991 2480 1086 2526 ipsos
1109 2480 1302 2527 perveniat.
1348 2479 1588 2526 et'Lipariten
1609 2490 1674 2526 per
1695 2479 1815 2514 literas

395 2528 528 2558 ortatur
550 2529 589 2558 ut
608 2525 776 2570 siquidem
799 2526 912 2560 socius
936 2526 982 2560 sit
1004 2527 1202 2573 amicusque
1221 2527 1461 2570 Romanorum,
1484 2526 1617 2571 absque
1635 2524 1705 2560 ulla
1720 2534 1816 2559 mora

370 2581 447 2603 cum
482 2570 638 2604 omnibus
667 2571 739 2606 suis
766 2572 876 2618 copiis
899 2583 938 2607 se
959 2572 1102 2607 ducibus
1124 2572 1288 2608 Romanis
1312 2571 1489 2616 adiungat.
1535 2572 1641 2606 duces
1662 2570 1815 2616 acceptis

371 2614 484 2649 literis
510 2616 739 2661 quieverunt,
763 2618 815 2652 uti
838 2622 937 2652 erant
957 2617 1068 2662 iussi,
1094 2622 1131 2654 et
1151 2618 1335 2664 Lipariten
1357 2620 1613 2662 exspectarunt.
1657 2621 1763 2662 atque
1783 2615 1816 2650 is

371 2660 591 2706 imperatoris
627 2664 787 2698 mandato
818 2669 985 2709 percepto
1016 2675 1097 2699 suos
1131 2675 1195 2711 per
1221 2663 1327 2699 otium
1356 2662 1496 2708 collegit
1527 2667 1632 2708 atque
1653 2661 1815 2697 armavit.

371 2706 451 2739 dum
474 2706 510 2740 id
535 2707 575 2740 fit
597 2718 638 2742 ac
661 2713 795 2754 tempus
818 2709 954 2754 teritur,
977 2709 1116 2745 interim
1136 2709 1317 2745 Abramius
1337 2708 1376 2743 in
1393 2707 1681 2754 Baaspraoaniam
1701 2707 1818 2748 venit;

372 2751 580 2796 cognitoque
604 2753 795 2799 Romanos,
820 2754 880 2800 qui
902 2755 954 2790 ibi
979 2757 1117 2790 fuerant
1140 2754 1297 2799 collecti,
1326 2765 1388 2789 suo
1411 2755 1563 2789 adventu
1584 2752 1759 2788 intellecto
1778 2751 1817 2785 ἰῑι

370 2796 520 2831 Iberiam
553 2799 760 2845 recessisse,
797 2811 881 2845 prae
905 2805 997 2836 metu
1019 2801 1056 2836 id
1078 2802 1122 2837 ab
1144 2801 1189 2835 iis
1211 2802 1339 2836 factum
1352 2825 1363 2845 ,
1396 2800 1488 2846 quod
1518 2803 1595 2834 erat
1623 2796 1815 2845 probabile,

371 2846 487 2887 ratus„
517 2844 725 2888 posthabitis
747 2846 1001 2892 direptionibus
1023 2859 1085 2883 eos
1109 2851 1162 2883 est
1183 2846 1381 2894 insecutus,
1411 2845 1555 2893 cupiens
1576 2842 1708 2892 praelio
1731 2853 1815 2877 con-
