1916 3210
666 161 1118 209 ANNOTATIONES.
1533 162 1634 209 857

158 277 255 318 hanc
271 276 308 318 ei
327 275 366 315 vi
385 275 545 328 quadam
569 274 716 327 magica
741 286 827 315 esse
845 274 993 315 fatalem
1005 303 1018 323 ‚
1047 274 1105 323 εἷς
1123 270 1197 316 τόν
1214 269 1390 327 Συμεών
1409 271 1633 326 ἕστοιχειαῖ-

159 338 276 382 σθαι.
313 333 420 374 Xn..
477 333 612 386 positio
641 330 830 372 stellarum
858 333 958 372 vitae
985 332 1232 382 cuiuscunque
1263 331 1546 384 praedominans
1574 336 1633 371 est

159 393 372 444 στοιχήσω
401 391 500 430 unde
506 389 706 442 jbrtunae
721 395 942 435 auctorem,
970 396 1130 437 sortem,
1147 389 1312 441 satum,
1337 389 1521 441 genium,
1544 390 1632 440 spi-

155 449 280 487 ritum
303 447 468 486 noxium
487 447 544 487 vel
563 445 796 485 benevolum
814 458 886 485 vox
910 446 1105 496 significat.
1163 447 1297 485 GoAR.

270 509 297 546 t.
316 504 353 543 11
378 518 418 558 Ρ.
434 505 518 547 278
537 515 572 543 v,
587 506 654 547 23.
710 498 882 571 πρώτου
897 518 981 543 των
1005 501 1166 556 ἰερέων]
1196 498 1485 556 πρωτοιερεύς,
1503 503 1578 557 qni
1595 506 1634 543 et

154 562 455 615 πρωτοπαπᾶς,
493 561 572 600 sive
597 575 678 601 των
698 560 758 615 [sp
759 555 882 602 έαινρ
859 576 881 602 o
905 562 1064 613 πρῶτος
1082 560 1379 613 archipresbyter
1407 564 1487 610 est,
1506 565 1568 600 et
1595 560 1634 600 in

154 631 293 670 magna
312 617 466 658 ecclesia
483 617 534 656 ad
550 622 720 658 sanctum
740 617 865 659 altaris
883 617 1044 656 tribunal
1072 616 1174 670 (non
1191 618 1245 656 ita
1260 615 1423 669 ubique)
1452 617 1633 656 secundas

154 688 180 716 a
195 675 408 729 patriarcha
430 674 589 714 obtinet.
647 675 828 716 Codinus.
879 673 1161 725 Euchologium.
1220 674 1354 715 GoAn.

268 735 300 774 t.
319 730 355 770 11
380 744 420 784 p.
437 732 522 772 279
546 744 582 771 v.
599 731 670 774 24.
726 731 786 784 ad
803 731 955 769 circum
969 729 1130 785 pergit]
1161 732 1264 782 atqui
1283 735 1362 771 erat
1379 743 1425 771 eo
1449 730 1631 783 exclusus,

153 789 226 828 nisi
245 788 317 828 alia
330 788 501 828 fortassis
518 792 630 841 porta
649 789 814 836 intrarit,
842 792 908 829 aut
929 789 980 828 de
997 789 1092 840 alio,
1119 789 1223 842 quod
1243 789 1425 839 arbitror,
1454 789 1551 828 circo
1573 789 1634 828 lo-

181 849 302 885 uatnr.
356 844 462 884 ΧΠ..

153 859 179 899 q
268 906 300 945 t.
319 900 357 941 Π
384 915 424 955 Ρ.
440 902 524 943 280
544 911 582 944 ν.
602 898 644 942 4.
699 899 943 953 remigibus]
986 899 1161 952 ἐλατῶν,
1208 902 1296 955 quia
1325 903 1482 954 remigio
1519 916 1633 944 naves

153 959 362 1013 impellunt.
416 957 625 1010 πλωΐμους
644 957 757 998 habet
773 959 964 1008 Zonaras,
1004 961 1108 1011 quod
1130 960 1231 999 idem
1254 962 1333 1007 est,
1377 961 1496 999 socios
1519 973 1635 1000 nava-

151 1017 222 1058 les.
247 1017 359 1058 XYL.
417 1015 578 1065 remiges
602 1027 679 1054 non
704 1016 870 1069 plebeios
893 1020 958 1055 aut
978 1017 1213 1055 tumultuario
1239 1016 1355 1056 lectos
1380 1017 1533 1068 intelligi
1556 1031 1633 1057 non

152 1074 305 1126 opinor:
326 1075 370 1112 ut
387 1073 486 1112 enim
507 1070 711 1126 ἑταιρεῖαι,
733 1073 782 1112 de
802 1073 933 1123 quibus
951 1073 1124 1124 loquitur,
1149 1073 1515 1126 cory‘bederatorum
1526 1080 1632 1114 erant

152 1130 321 1169 selectae
335 1135 510 1176 turmae,
546 1130 601 1168 ita
628 1134 668 1169 et
697 1130 882 1196 remigum
907 1131 1124 1179 dromonem
1150 1131 1380 1184 imperatoris
1409 1145 1521 1183 agere
1541 1145 1630 1170 con-

153 1192 366 1238 snetorum3
407 1187 456 1226 de
474 1186 608 1238 quibus
629 1187 825 1226 Constant.
855 1187 895 1226 in
915 1187 1062 1229 Admin.
1086 1188 1180 1240 Imp.
1205 1202 1238 1228 c.
1253 1189 1322 1231 51.
1379 1195 1509 1227 auctor
1534 1189 1630 1228 infra

150 1243 317 1298 p.615.
360 1243 397 1284 εἰ
419 1242 494 1296 ἔχει
518 1239 671 1297 ἄνδρας
692 1239 888 1292 εὕειθεῖς,
916 1243 986 1285 καὶ
1004 1245 1218 1299 γενναίους
1234 1244 1305 1287 καὶ
1324 1261 1397 1299 την
1417 1242 1632 1300 βασιλικήν

150 1300 319 1356 ἐρέττειν
343 1299 594 1368 ἐπιτηδείους
610 1297 768 1355 τριήρη.
825 1302 957 1342 GoAn.

265 1356 322 1396 ib.
353 1370 387 1397 v.
416 1357 456 1401 5.
513 1371 690 1411 αρματος
713 1371 816 1397 arma
833 1360 945 1398 verti.
973 1371 1097 1410 neque
1124 1359 1224 1399 enim
1246 1359 1409 1398 curribus
1432 1360 1489 1398 usi
1522 1362 1630 1407 sunt3

151 1419 192 1456 et
207 1415 305 1455 hanc
322 1427 470 1465 vocem,
512 1427 589 1466 quo
608 1415 723 1454 modo
740 1415 899 1467 multas,
938 1416 1120 1456 Graecam
1137 1417 1245 1467 fecit,
1276 1421 1318 1455 ut
1344 1429 1455 1469 supra
1480 1430 1632 1469 quoque

149 1473 292 1515 monui.
345 1472 454 1512 xm..

263 1527 319 1568 ib.
347 1541 384 1570 v.
416 1528 483 1570 18.
545 1527 826 1581 Chaldiensis]
854 1541 925 1568 vox
944 1528 1103 1568 obscura
1119 1532 1172 1579 et,
1200 1532 1245 1568 nt
1259 1531 1364 1583 put0‚
1392 1529 1501 1570 falsa.
1523 1530 1633 1571 Xn.

149 1583 350 1626 Armeniae
380 1587 504 1639 portio
530 1589 590 1625 est
619 1585 778 1626 Χαλδία
804 1599 930 1626 versus
958 1586 1118 1637 Syriam.
1183 1599 1256 1625 vox
1283 1592 1407 1626 autem
1436 1589 1655 1639 Xylandro-

150 1644 247 1684 falsa
265 1646 324 1684 est
339 1647 379 1684 et
394 1643 565 1685 obscura.
622 1643 758 1682 GoAn.

265 1704 293 1740 t.
310 1699 344 1739 11
370 1713 412 1753 Ρ.
433 1702 514 1743 281
537 1712 574 1739 v.
596 1697 661 1742 14.
727 1698 922 1766 ἔπαρχος]
968 1699 1198 1739 vindicandis
1237 1699 1447 1739 criminibus
1486 1701 1635 1740 vacavit

151 1756 288 1796 ultimis
317 1758 572 1809 temporibus,
619 1757 719 1796 unde
747 1761 787 1797 et
812 1758 852 1795 in
875 1757 1064 1808 praetorio
1092 1770 1239 1797 reorum
1270 1771 1377 1808 ergas
1362 1758 1459 1797 stulo
1482 1759 1635 1798 domum

152 1826 200 1855 ex
216 1813 339 1854 officio
363 1814 580 1866 deputatam
595 1812 734 1853 habuit.
789 1817 918 1853 auctor
939 1813 1126 1866 plerisque
1146 1814 1246 1853 locis.
1276 1815 1408 1856 GoAn.

265 1869 321 1909 ib.
353 1883 388 1910 v.
418 1869 485 1911 18.
543 1885 565 1910 τ
565 1871 616 1922 ἧς
645 1869 689 1911 ἐν
706 1864 970 1938 Χρυσοπόλει
995 1868 1240 1924 Δαμοῖλεως]
1289 1871 1390 1910 locus
1425 1872 1480 1910 ita
1512 1871 1633 1910 dictus

150 1942 254 1968 κατα
271 1942 348 1980 την
367 1886 591 1980 οἷντιπὲραν
604 1925 649 1967 ἐν
667 1929 724 1982 τῷ
741 1927 849 1967 κίονι
877 1927 1094 1981 ἱσταμένην
1120 1928 1287 1979 λιθίνην
1313 1925 1498 1981 δάμαλιν,
1527 1932 1634 1967 trans

150 1985 361 2038 Bosporum
383 1985 589 2034 Thraciae,
620 1983 854 2036 Chrysopoli.
884 1990 1015 2023 auctor
1034 1986 1146 2036 paulo
1165 1985 1261 2023 infra
1278 1997 1318 2035 Ρ.
1340 1987 1438 2027 617.
1470 1985 1604 2024 GoAn.

264 2046 296 2080 t.
314 2041 349 2080 11
374 2055 413 2095 p.
432 2044 517 2085 282
539 2053 573 2079 v.
591 2041 662 2084 21.
719 2042 991 2093 epitriptarium
1011 2042 1195 2081 Graecam
1213 2054 1342 2081 vocem
1361 2043 1509 2091 retinui,
1534 2054 1633 2092 quae

151 2098 330 2138 cucullam
353 2103 419 2138 aut
446 2098 548 2138 aliud
580 2098 683 2149 quod
714 2098 825 2151 capiti
852 2098 1060 2138 iniiceretur
1077 2103 1227 2149 tegmen
1243 2099 1387 2138 videtur
1409 2098 1631 2150 significare,

151 2152 264 2206 παρὰ
282 2152 328 2197 vo*
348 2155 608 2210 ἐπιρρίπτειν.
639 2155 745 2195 ΧΥΙ..
775 2153 1001 2207 mandyas,
1029 2155 1247 2194 Latinorum
1262 2155 1461 2207 pallium,
1490 2156 1631 2194 cunctis

150 2213 315 2252 vestibus
339 2211 607 2267 ἔπιρριπτὲον,
636 2224 660 2250 a
678 2212 861 2265 Xylandri
880 2211 1045 2251 cuculla
1064 2213 1262 2295 diversum,
1289 2217 1332 2252 ut
1354 2217 1461 2267 patet
1479 2226 1525 2253 ex
1550 2213 1631 2252 Co-

151 2270 244 2309 dino
265 2283 299 2309 c.
319 2272 346 2312 6
366 2284 403 2312 n.
427 2274 466 2313 2.
524 2269 658 2309 GoAn.

267 2325 323 2364 ib.
355 2340 391 2366 v.
417 2328 485 2368 22.
542 2327 645 2379 apud
665 2326 853 2365 Zonaram
879 2326 1099 2366 contrarium
1122 2326 1229 2365 huius
1253 2326 1323 2365 loci
1339 2326 1494 2379 legitur,
1521 2326 1633 2365 dissi-

151 2382 265 2424 luisse
292 2384 462 2424 nimirum
491 2383 588 2423 hanc
608 2383 920 2436 pacificationem·
912 2411 923 2431 ‚
960 2384 1060 2435 quod
1084 2384 1312 2436 probabilius
1331 2388 1369 2423 et
1387 2385 1510 2423 verius
1527 2387 1632 2450 puto.

151 2453 240 2479 mox
268 2442 365 2480 enim
391 2453 534 2480 rursum
570 2442 650 2480 sine
687 2439 847 2480 violatae
871 2441 973 2493 pacis
998 2441 1187 2481 mentione
1215 2441 1329 2481 refert
1351 2442 1563 2481 Simeonem
1590 2441 1632 2480 in

151 2496 349 2538 Thraciam
367 2502 588 2549 grassatum.
645 2497 754 2539 Xn..

266 2558 294 2593 t.
315 2555 350 2594 11
376 2569 415 2607 p.
433 2557 516 2597 283
534 2556 657 2596 v.18.
714 2554 853 2607 λαβεῖν
878 2548 1015 2606 ευχήν]
1042 2554 1163 2594 officia
1185 2554 1466 2605 ministeriaque
1486 2553 1633 2606 publica

152 2623 230 2649 non
256 2613 338 2651 sine
363 2611 581 2651 caelestibus
608 2612 778 2664 auspiciis
815 2614 853 2650 et
880 2611 1055 2651 ecclesiae
1085 2611 1180 2650 votis
1211 2613 1461 2664 suscipiebant
1482 2611 1632 2650 Graeci.

152 2668 254 2706 unde
280 2669 456 2720 patricius
480 2669 527 2707 ab
553 2668 786 2720 imperatrice
817 2669 1047 2707 renuntiatus
1074 2668 1315 2707 Constantius
1337 2669 1551 2715 confestim,
1581 2668 1631 2707 de

153 2737 277 2773 more,
318 2726 571 2777 precationem
598 2727 648 2764 ad
675 2726 960 2764 consecrationis
984 2726 1102 2764 instar
1122 2729 1357 2778 suscepturus
1379 2726 1417 2764 in
1439 2725 1631 2765 ecclesiam

152 2782 289 2833 pergit.
348 2783 530 2834 reperitur
552 2783 590 2820 in
608 2783 838 2835 Euchologio
854 2795 984 2823 recens
1006 2795 1094 2823 cuso
1111 2784 1150 2823 in
1167 2783 1314 2837 patricii
1333 2795 1376 2822 ac
1395 2782 1631 2836 curopalatae

150 2838 398 2891 promotione.
455 2839 588 2883 Gom,
