1916 3210
290 174 387 221 508
764 169 1003 215 GEORGII
1031 169 1272 213 CEDRENI

289 286 617 341 σεμνολογοῦντες
646 281 685 324 οἳ
717 283 805 338 περὶ
831 285 973 324 τοῦτον
1002 281 1170 336 μανικὸν
1196 278 1420 325 ἀπεκάλουν
1444 279 1628 339 νόσημα,
1671 284 1740 325 καὶ
1792 282 1795 283 ’

289 354 520 410 παρέμεινεν
536 349 630 406 ἄχρι
651 349 790 400 τέλους
808 354 880 404 τῆς
898 349 1023 392 ἀὐτοῦ
1045 354 1208 404 βιοτῆς,
1242 348 1352 404 μήθ’
1379 347 1457 393 ὑπὸ
1476 352 1601 403 ’θείας
1612 350 1740 394 δυνά-

289 437 397 476 μεως
412 417 521 474 μήθ’
543 417 621 460 ’ὑπὸ
643 419 791 474 ἶατριῦν
811 419 1034 475 θεραπείαν
1052 416 1204 472 λαβών,
1248 418 1340 461 ἀλλ’
1367 419 1540 469 ἐλεεινῶς
1556 432 1740 463 κατατεν-

289 487 454 542 νόμενος
476 487 542 529 καὶ
563 484 888 540 βασανιζόμενος.
1633 508 1656 524 2<

414 554 548 611 ”Αρτι
569 554 613 596 δὲ
632 556 706 597 τοῦ
722 552 963 611 Ἐργοδότου
985 551 1086 611 πρὸς
1103 553 1173 596 τὸν
1192 552 1464 609 Δαλασσηνὸν
1483 553 1774 610 &qimandans

290 626 498 666 πιστεῦσαι
519 622 593 676 μὲν
613 617 730 672 οὗτος
752 629 836 673 τοῖς
861 621 996 680 ὅρκοις
1022 623 1091 664 καὶ
1109 621 1184 665 σὺν
1205 622 1316 679 αὐτῷ
1337 622 1528 665 ἀπελθεῖν
1548 620 1743 676 oniam
1796 659 1799 662 Α

291 695 410 745 λησεν
442 691 484 732 ἓν
515 693 573 747 τῷ
596 691 827 749 Βυζαντίῳ,
868 694 948 733 τῶν
972 691 1061 733 τινὰ
1091 691 1135 733 δὲ
1160 690 1328 744 πέμψας
1353 687 1609 732 πιστοτάτων·
1631 688 1743 748 αὗῐῷ

290 758 436 815 ὅρκους
450 775 492 801 τε
513 756 692 815 ἀπῄτησε
714 760 897 813 μείζονας
916 762 990 802 τοῦ
1007 757 1064 814 μή
1088 775 1127 801 τι
1146 763 1294 800 παθεῖν
1307 756 1497 812 χαλεπόν,
1532 757 1599 801 καὶ
1619 757 1744 800 ἀπελ-

290 832 381 869 θεῖν
415 827 684 882 ἐπηγγείλατο.
763 827 960 881 πέμπεται
992 828 1125 870 τοίνυν
1157 828 1461 877 Κωνσταντΐνος
1492 824 1514 868 ὅ
1544 827 1744 882 Φαγίτζης

239 900 270 933 C
295 896 500 950 εὐνοῦχος,
534 894 754 952 ἄνθρωπος
773 894 1014 953 Παφλαγὼν
1039 897 1107 937 καὶ
1129 894 1312 950 συνήθης
1332 899 1388 954 τῷ
1413 898 1594 949 βασιλεῖ’,
1619 891 1680 945 τά
1699 910 1743 936 τε
1755 898 1800 935 10

292 965 405 1018 τίμια
425 961 668 1018 ἐπαγόμενος
693 961 796 1015 ξύλα
826 965 894 1006 καὶ
917 963 964 1006 τὸ
989 962 1102 1020 ἅγιον
1120 965 1327 1020 ἐκμαγεῖον
1350 965 1416 1005 καὶ
1438 963 1513 1018 τὴν
1529 962 1632 1020 πρὸς
1649 960 1746 1005 Αύ-

293 1048 419 1088 γαρον
448 1028 687 1089 ἰδιόγραφον
718 1031 930 1087 ἐπιστολὴν
962 1036 1035 1074 τοῦ
1072 1033 1211 1088 κυρίου
1240 1033 1307 1074 καὶ
1334 1035 1438 1074 θεοῦ
1466 1034 1534 1073 καὶ
1562 1033 1745 1087 σωτῆρος

293 1098 407 1154 ἡμῶν
419 1099 562 1154 Ἰησοῦ
579 1101 765 1156 Χριστοῦ
784 1102 851 1142 καὶ
871 1098 1002 1155 εἶκόνα
1022 1105 1094 1156 τῆς
1111 1098 1331 1158 ὖπεραγίας
1351 1097 1567 1142 θεοτόκου·
1598 1097 1643 1150 ὃς
1661 1097 1744 1142 ἀπ·
1794 1126 1797 1128 -

295 1166 441 1219 ελθιόν,
466 1169 533 1210 καὶ
552 1166 697 1224 ὅρκους
715 1173 773 1226 τῷ
792 1170 1082 1227 Κωνσταντίνῳ
1104 1168 1200 1219 δοὺς
1216 1170 1283 1210 καὶ
1301 1167 1452 1223 λαβών,
1475 1166 1631 1224 ἔρχεται
1649 1165 1742 1220 μετ’

293 1235 419 1278 αὐτοῦ
442 1238 498 1286 εἷς
515 1235 561 1278 τὸ
584 1234 818 1289 Βυζάντιον.
888 1235 1062 1280 ἐλθόντα
1096 1237 1140 1280 δέ
1169 1241 1314 1279 τοῦτον
1341 1235 1596 1295 φιλοφρόνως
1622 1232 1645 1278 ὅ
1661 1238 1745 1288 βα-
1757 1239 1801 1276 15

291 1303 425 1354 σιλεῦς
452 1302 694 1356 ὑπεδέξατο,
728 1306 796 1347 καὶ
825 1304 1060 1348 ἀνθύπατον
1088 1302 1262 1360 τιμήσας
1289 1307 1356 1348 καὶ
1379 1303 1525 1362 δώροις
1548 1304 1748 1359 μεγίστοις

291 1370 581 1427 δεξιωσάμενος
597 1372 744 1423 ἀνέτως
759 1375 826 1415 καὶ
846 1375 974 1424 ἀδεῶς
997 1373 1215 1432 προσέταξε
1235 1371 1384 1431 διάγειν
1402 1375 1444 1417 ἐν
1461 1376 1520 1432 τῷ
1540 1370 1624 1415 ὄντι
1641 1370 1747 1415 κατὰ

292 1440 344 1482 τὰ
366 1438 510 1497 Κύρου
533 1440 629 1498 οἴκῳ
652 1441 789 1483 αὐτοῦ.

430 1506 576 1566 Τούτῳ
598 1513 654 1567 τῷ
670 1507 805 1567 χρόνῳ
825 1509 892 1551 καὶ
913 1507 1010 1551 ἄλλο
1030 1525 1069 1551 τι
1087 1508 1234 1564 συνέβη
1254 1505 1540 1565 ἀξιαφήγητον.
1591 1510 1673 1550 τῶν
1690 1506 1748 1555 εἲς

293 1577 616 1633 παραχειμασίαν
638 1578 680 1619 ἐν
709 1582 767 1635 τῷ
792 1577 941 1631 θέματι
962 1581 1042 1620 τῶν
1067 1576 1308 1636 &praxum-{mv
1336 1575 1634 1632 διεσπαρμένων
1655 1576 1803 1619 Boc-20

242 1650 274 1685 D
297 1643 455 1701 ράγγων
479 1643 648 1699 γυναῖκά
673 1661 733 1694 τις
758 1645 951 1701 ἐγχωρίαν
978 1643 1105 1702 εὑρών
1131 1645 1201 1687 ἐπ’
1223 1646 1391 1702 ἐρημίας
1411 1645 1650 1700 ἀπεπειρᾶτο
1675 1645 1748 1696 τῆς

294 1711 559 1769 σωφροσύνης
579 1714 724 1768 αὐτῆς·
760 1711 815 1763 ὡς
836 1714 880 1755 δὲ
899 1713 970 1755 οὐκ
987 1712 1144 1765 ἔπειθε,
1178 1716 1244 1756 καὶ
1263 1715 1358 1768 βίαν
1377 1712 1456 1768 ἤδη
1476 1713 1630 1767 ἐπῆγεν,
1658 1708 1684 1765 ἦ
1702 1709 1747 1752 δὲ

294 1781 364 1823 τὸν
383 1779 573 1836 ἀκινάκην
594 1781 829 1837 σπασαμένη
850 1781 1023 1838 τάνδρὸς
1041 1782 1147 1824 παίει
1173 1783 1276 1825 κατὰ
1301 1783 1470 1840 καρδίας
1487 1780 1558 1823 τὸν
1582 1776 1748 1836 βάρβα-

389 1900 413 1934 6
436 1897 489 1939 εἰς
510 1895 581 1944 τὴν
602 1896 870 1945 βασιλεύουσαν
893 1895 962 1934 οὐκ
980 1897 1163 1944 ἠθέλησεν
1183 1899 1214 1934 C

295 2003 446 2035 ratorem
477 2000 629 2040 invasit,
665 2011 779 2044 neque
810 2006 891 2036 ante
920 2001 1023 2036 finem
1055 2002 1150 2036 vitae
1179 2002 1317 2035 missum
1347 1999 1446 2035 fecit.
1494 1999 1556 2044 qui
1588 1996 1750 2043 specioso

296 2046 435 2080 nomine
456 2045 579 2080 malum
600 2046 638 2080 id
659 2046 822 2081 volebant
843 2046 971 2092 velare,
995 2047 1165 2082 insaniam
1187 2047 1292 2081 animi
1315 2046 1556 2092 appellabant:
1579 2055 1666 2080 sane
1685 2055 1750 2078 ne-

297 2104 365 2137 que
393 2092 574 2126 humanum
606 2103 717 2137 neque
741 2092 894 2127 divinum
918 2093 1081 2128 auxilium
1103 2093 1357 2128 miserabilibus
1381 2104 1458 2127 eum
1480 2090 1559 2126 istis
1583 2088 1749 2125 cruciati-

296 2140 360 2172 bus
385 2149 427 2171 ac
449 2137 594 2172 torturis
619 2138 762 2183 eripuit.

386 2184 550 2217 Ceterum
573 2183 796 2228 Dalassenus,
815 2184 999 2228 Ergodota
1018 2185 1063 2220 ad
1085 2197 1125 2220 se
1145 2185 1323 2228 veniente,
1356 2184 1500 2218 credere
1521 2181 1597 2217 eius
1615 2179 1750 2216 iureiu-

296 2228 404 2263 rando
430 2236 465 2262 et
487 2235 556 2263 una
578 2230 784 2273 Byzantium
811 2230 934 2264 venire
956 2231 1087 2265 noluit:
1121 2231 1183 2265 sed
1213 2231 1383 2276 quendam
1413 2239 1552 2264 suorum
1583 2225 1752 2262 fidelissi-

276 2285 385 2308 vmum
409 2274 515 2318 misit,
538 2286 603 2319 per
626 2287 727 2320 quem
751 2275 983 2311 sanctioribus
1003 2277 1073 2311 sibi
1096 2276 1297 2312 iuramentis
1322 2275 1440 2310 caveri
1459 2275 1614 2320 petebat,
1638 2283 1752 2317 eoque

295 2320 390 2353 facto
415 2325 594 2355 venturum
617 2333 657 2356 se
680 2321 915 2367 promittebat.
964 2323 1111 2357 mittitur
1133 2323 1241 2366 igitur
1263 2323 1308 2357 ad
1326 2321 1552 2356 Delassenum
1575 2319 1752 2358 Constan-

294 2366 389 2400 tinus
412 2366 597 2411 Phagitzes
621 2368 796 2402 eunuchus
821 2368 1012 2413 Paphlago,
1036 2368 1217 2403 familiaris
1240 2366 1471 2414 imperatoris,
1498 2376 1614 2400 secum
1633 2364 1753 2400 ferens

295 2413 497 2446 veneranda
518 2412 630 2447 crucis
651 2413 766 2458 ligna,
806 2419 842 2448 et
862 2413 1004 2449 linteum
1023 2414 1157 2449 Christi
1180 2415 1360 2459 imaginem
1383 2414 1515 2447 habens
1539 2421 1752 2456 expressum,

297 2468 337 2490 ac
372 2457 551 2502 epistolam
583 2459 773 2494 servatoris
804 2471 904 2494 manu
928 2461 971 2495 ad
995 2462 1168 2505 Augarum
1191 2462 1374 2505 scriptam,
1407 2470 1448 2494 ac
1469 2455 1753 2503 imaginem-dei-

297 2514 416 2546 parae.
462 2503 492 2537 is
518 2505 598 2538 data
622 2511 834 2550 acceptaque
855 2506 924 2539 fide
946 2507 1172 2541 Dalassenum
1194 2506 1319 2552 Cpolin
1341 2515 1457 2540 secum
1480 2501 1655 2549 perducit.
1686 2512 1752 2536 ve·-

298 2549 447 2582 nientem
470 2549 658 2594 imperator
681 2550 791 2585 amice
814 2553 977 2596 excepit,
1016 2552 1234 2597 proconsulis
1260 2552 1391 2586 honore
1412 2550 1576 2594 dignatus
1599 2552 1672 2592 est,
1710 2557 1752 2581 ao

297 2593 397 2626 donis
419 2595 634 2640 amplissimis
658 2596 786 2639 affecit,
811 2597 982 2644 iussitque
999 2598 1112 2633 libere
1136 2604 1172 2634 et
1193 2600 1324 2643 absque
1343 2601 1436 2632 metu
1453 2596 1492 2629 in
1509 2595 1610 2630 domo
1627 2592 1752 2639 ipsius,

299 2649 389 2683 quae
413 2647 487 2674 erat
509 2642 553 2675 ad
575 2642 663 2686 Cyri
676 2668 687 2686 ,
714 2643 856 2687 degere.

392 2684 527 2720 Accidit
550 2699 591 2722 eo
613 2694 769 2734 tempore
791 2689 883 2724 aliud
906 2689 1083 2735 quippiam
1105 2693 1295 2725 memoratu
1317 2687 1470 2732 dignum.
1515 2686 1752 2730 Barangorum

303 2739 366 2781 per
387 2732 600 2775 provinciam
623 2733 874 2770 Thracensium
905 2734 943 2770 in
979 2736 1125 2771 hiberna
1158 2735 1389 2780 dispersorum
1413 2733 1552 2778 quidam
1575 2731 1752 2766 mulierem

303 2774 498 2819 mdigenam
521 2778 627 2812 solam
649 2785 769 2814 nactus
794 2781 838 2815 de
862 2786 980 2826 stupro
1005 2781 1214 2827 appellavit,
1249 2792 1290 2815 ac
1322 2779 1500 2814 recusanti
1530 2777 1599 2812 vim
1621 2777 1753 2812 inferre

305 2831 488 2866 aggressus
510 2829 576 2857 est.
616 2835 659 2860 ea
679 2825 862 2863 barbarum
887 2832 1049 2874 correpto
1074 2827 1142 2862 viri
1165 2826 1306 2863 acinace
1329 2825 1365 2860 in
1388 2836 1450 2860 cor
1470 2824 1555 2860 ferit
1575 2834 1618 2859 ac
1636 2820 1751 2857 statim
