1916 3210
304 166 401 213 888
827 163 1014 209 IAGOBI
1061 164 1234 209 GOARI

416 281 444 315 t.
463 275 498 315 11
526 289 562 326 p.
581 274 664 317 701
684 286 716 312 v.
737 274 804 317 12.
861 271 887 315 ὅ
905 271 972 315 ἰπὶ
990 288 1069 313 των
1089 270 1285 343 δεήσεων]
1317 274 1366 315 de
1389 287 1462 326 quo
1485 276 1650 321 Codinus
1673 290 1706 318 c.
1725 277 1753 321 5

305 347 342 372 n.
374 332 447 372 65:
493 329 642 382 δέχεται
672 326 744 377 τὰς
775 344 858 370 των
890 325 1110 370 αἰτούντων
1138 329 1208 371 καὶ
1236 326 1555 382 ἅδικουμένων’
1528 347 1753 388 αναφορας,

304 386 571 440 καβαλλαρίου
593 382 844 437 διερχομένου
862 387 937 426 τοῦ
955 384 1158 438 βασιλέως.
1215 388 1498 427 referendarium
1521 387 1590 429 hoc
1605 403 1754 430 munere

304 447 517 493 fungentem
534 446 639 480 vocat
663 442 904 480 Cassiodorus
924 441 1011 480 Var.
1034 444 1061 484 6
1093 443 1167 492 17,
1201 455 1276 494 qua
1293 444 1367 482 eius
1385 443 1506 482 officia
1525 457 1634 495 quam
1652 445 1753 491 latis-

306 501 395 538 sime
422 498 582 551 exponit.
653 497 851 549 Procopius
878 498 1001 549 paucis
1032 511 1115 537 eum
1145 512 1228 537 esse
1256 500 1309 537 ait
1342 501 1414 551 qui
1442 500 1755 551 supplicantium

299 570 354 605 pr
356 568 436 592 eces
449 553 630 605 principi
647 553 837 604 explieat,
866 560 904 590 et
921 554 1004 590 eius·
1021 554 1335 604 responsionibus
1350 563 1519 606 praeest.
1577 557 1757 608 regenda-

305 612 395 649 rium
426 611 582 649 eundem
612 609 688 647 vuit
714 610 784 648 dici
802 609 1023 648 Pancirollus
1048 611 1085 648 in
1110 609 1199 649 Not.
1222 611 1312 663 imp.
1333 625 1363 650 c.
1390 613 1454 653 18.
1508 615 1548 651 at
1566 611 1678 664 longe
1699 617 1758 653 est
1790 643 1794 646 -
1816 611 1824 617 “

306 668 408 704 huius
429 667 476 705 de
495 679 568 716 quo
589 666 831 704 Cassiodorus
851 678 999 717 quoque
1020 666 1109 705 Var.
1128 666 1153 705 l.
1173 669 1245 716 11,
1274 668 1321 706 ab
1346 667 1484 718 altero,
1512 682 1579 708 ceu
1594 669 1757 709 militaris

306 736 329 761 a
347 722 457 770 civili,
486 722 724 774 propositum.
781 722 919 760 GOAR.

416 777 471 815 ib.
503 790 540 819 v,
571 778 640 818 21.
696 779 970 829 Σουλτανικῆς
1005 776 1168 830 στολῆς]
1222 791 1317 829 quos
1353 779 1487 818 affeetu
1522 778 1581 819 vel
1618 777 1758 821 honore

305 838 576 886 prosequuntur
603 839 735 872 ornant
761 833 1032 882 Mahumetani5
1071 834 1102 871 si
1127 834 1254 885 capitis
1277 834 1440 874 velamen
1461 835 1640 887 excipias,
1681 837 1756 876 suis

306 892 481 929 vestibus.
536 889 620 928 hinc
639 891 837 941 imperator
856 889 1053 938 Sultaniea,
1082 890 1122 928 id
1142 894 1199 930 est
1217 891 1321 942 regia
1342 895 1381 931 et
1397 893 1626 942 saracenica,
1651 897 1758 944 *veste

304 947 518 998 conspicuus
535 946 583 983 ad
598 958 683 984 suos
702 947 904 986 revertitur.
961 946 1100 984 Gom.

415 1006 444 1040 t.
461 1001 493 1039 11
522 1015 558 1052 p.
573 1001 655 1042 704
674 1015 707 1040 v.
730 1004 770 1044 6.
826 997 885 1042 δι’
916 999 1077 1042 ἐκείνων
1105 1015 1187 1041 των
1213 1016 1360 1055 κωμων
1389 1001 1456 1043 καὶ
1484 1018 1565 1043 των
1590 999 1755 1057 χὼρῶν]

305 1071 449 1110 expono
472 1071 546 1108 ρει
565 1057 656 1096 illos
678 1058 784 1095 vicos
805 1065 842 1095 et
861 1057 976 1096 urbes
995 1059 1070 1095 iter
1088 1056 1273 1096 habehat.
1332 1054 1439 1112 χώρα
1461 1061 1558 1099 enim
1574 1061 1759 1100 modernis

305 1115 440 1153 dicitur
459 1113 566 1151 ιιι-,113
628 1115 763 1156 Gom.

417 1169 470 1210 ib.
504 1183 539 1208 v.
569 1171 633 1211 13.
689 1185 770 1210 των
801 1165 1034 1222 ἀρχιερέων]
1079 1169 1168 1208 mihi
1199 1169 1290 1209 haec
1317 1170 1429 1210 verba
1461 1174 1614 1210 sonant.
1657 1170 1763 1209 nihil

306 1225 612 1276 opitulantibus,
641 1228 713 1278 qui
734 1227 793 1264 ad
808 1226 950 1264 salutis·
969 1225 1335 1278 incolumitati-sque
1345 1228 1427 1264 eius
1442 1227 1671 1278 pollicitum
1690 1226 1762 1266 ob-

307 1283 512 1320 tinendum
529 1283 640 1320 missi
635 1283 839 1335 fuerant,
857 1281 1127 1333 ponttficibus.
1189 1283 1327 1322 GOAR.

419 1343 447 1378 t.
469 1339 500 1377 11
529 1353 566 1391 p.
585 1340 666 1380 705
689 1353 724 1379 v,
746 1340 785 1382 5.
843 1335 962 1379 ου’δὲν
980 1334 1260 1391 βλάσφημον
1238 1336 1269 1391 η’
1287 1335 1519 1390 οἷπόφημον]
1541 1351 1680 1393 summa
1697 1341 1765 1380 de-

306 1393 491 1446 ploratis
482 1408 520 1433 m
541 1395 648 1434 rebus
670 1396 883 1439 infortunati
907 1396 1078 1447 principis
1098 1395 1197 1444 laus,
1239 1396 1339 1446 quod
1358 1396 1505 1446 tragicis
1527 1397 1682 1447 querelis
1702 1409 1763 1436 re-

306 1451 469 1501 pudiatis
496 1455 533 1490 et
560 1451 720 1501 elegiaco
739 1464 906 1491 sermone
925 1465 949 1490 a
969 1451 1119 1490 Graecis
1140 1452 1295 1491 adversa
1313 1455 1415 1491 sorte
1432 1453 1573 1491 iactatis
1592 1453 1765 1503 frequen-

308 1511 366 1544 ter
385 1511 578 1557 usurpato,
617 1508 667 1545 ad
686 1508 832 1547 divinae
855 1508 1110 1577 providentiae
1135 1508 1302 1556 decreta,
1339 1521 1415 1546 non
1434 1508 1552 1546 dicam
1567 1508 1763 1557 laudanda,

311 1563 378 1599 sed
398 1563 612 1613 excipienda
642 1576 682 1602 se
703 1564 934 1603 converterIt.
990 1579 1034 1604 το
1060 1559 1302 1616 ευχαριστεῖν
1323 1564 1419 1603 enim
1442 1570 1664 1601 contentum
1683 1577 1764 1601 esse

308 1619 438 1655 dicunt
452 1619 630 1665 moderni,
650 1619 743 1657 sicut
762 1624 799 1658 et
814 1615 1146 1672 ειῖχαριστημὲνον
1160 1620 1228 1656 cui
1245 1618 1405 1657 abunde
1419 1619 1671 1671 satisfactum
1688 1626 1762 1668 est,-

309 1674 475 1723 quamvis
506 1675 568 1723 qui
594 1673 858 1714 calamitatibus
881 1688 1077 1727 oppressus
1107 1675 1248 1715 deum
1238 1689 1276 1713 m
1295 1676 1453 1714 animum
1480 1681 1648 1724 revocat,
1688 1676 1764 1715 fre·
1803 1682 1806 1685 ’

309 1733 465 1779 quenter
490 1731 540 1767 ad
568 1743 650 1768 eum
677 1731 825 1769 vocibus
849 1732 904 1769 his
932 1732 1111 1782 suspiret,
1158 1728 1256 1780 δόξα
1276 1742 1338 1772 σοι
1357 1747 1378 1773 ο
1399 1728 1516 1781 θεός,
1543 1745 1588 1771 ac
1607 1732 1765 1784 proinde

308 1780 551 1837 εὐχαριστεῖν
570 1786 762 1825 manifeste
778 1787 1010 1839 percipiatur.
1067 1787 1204 1826 GoAn.

421 1845 451 1880 t
469 1842 504 1878 Π
531 1855 568 1892 p
592 1844 674 1883 706
695 1855 729 1882 v·
750 1844 787 1883 1
845 1842 1166 1895 Νικηφορίτζην]
1208 1842 1499 1882 diminutivorum
1518 1854 1634 1894 genus
1653 1855 1765 1882 unum

310 1899 371 1934 est
401 1897 501 1947 apud
529 1898 724 1936 modernos
756 1899 863 1949 quale
894 1901 1053 1938 cernitur
1080 1900 1118 1936 in
1142 1899 1210 1938 hac
1237 1912 1327 1938 voce
1355 1899 1657 1951 Νικηφορίτζης
1685 1900 1765 1938 vice

315 1948 562 2004 Νικηφόρος.
619 1954 808 1993 Cedrenus
838 1955 972 1994 similes
1000 1955 1111 1994 habet
1134 1955 1393 2006 Θεοφιλίτζην
1413 1955 1676 2006 Διακονίτζην
1694 1958 1766 1994 etc.

313 2008 414 2045 aliud
433 2009 672 2047 terminatur
662 2023 699 2047 in
720 2025 849 2058 ακιοςτ
876 2012 928 2049 sic
946 2011 1004 2050 ille
1023 2007 1264 2059 Βασιλάκιος
1279 2012 1379 2049 cuius
1396 2023 1530 2050 nomen
1547 2012 1765 2058 Βασίλειος.

275 2081 280 2085 f
312 2064 463 2102 tertium
485 2077 529 2102 ex
547 2078 637 2104 voce
655 2068 788 2114 πῶλος
810 2071 849 2105 et
867 2080 1083 2118 quacunque
1100 2067 1217 2106 altera
1234 2068 1480 2119 componitur:
1509 2068 1561 2106 sic
1582 2062 1767 2118 Κομητό-

312 2123 449 2159 πωλον
470 2121 545 2159 sive
556 2118 882 2187 Κομητόπουλον
905 2124 1049 2175 scripsit
1068 2123 1281 2173 Cedrenns,
1322 2127 1361 2162 et
1377 2127 1503 2162 auctor
1522 2135 1603 2174 seq.
1623 2136 1662 2175 p·
1681 2123 1766 2167 852

312 2172 719 2228 Λογγιβαρδόπουλον
743 2179 965 2218 Lombardi
982 2179 1150 2228 filium,
1179 2193 1246 2220 seu
1266 2180 1375 2219 etiam
1395 2180 1448 2219 ita
1470 2180 1610 2230 dicam,
1639 2179 1767 2217 Lom-

312 2230 542 2269 harclulum.
603 2235 741 2273 GOAR.

424 2288 479 2326 ib
508 2302 544 2327 v.
572 2287 613 2330 4.
671 2290 942 2344 σεκρεταρίου]
982 2304 1091 2342 quem
1120 2291 1300 2332 Meursius
1326 2291 1483 2330 eundem
1513 2291 1591 2330 vult
1620 2302 1664 2330 ac
1693 2304 1766 2337 τον

314 2339 554 2396 οἶσηκοῆτις,
597 2347 661 2396 qui
689 2347 805 2385 iudex
822 2350 1046 2398 frequentius
1074 2353 1252 2388 censetur.
1306 2351 1347 2385 at
1373 2360 1455 2386 cum
1484 2347 1542 2385 hic
1569 2348 1627 2401 τῷ
1646 2334 1766 2398 πατρὶ

312 2403 387 2439 τοῦ
406 2397 571 2453 Μιχαηλ
595 2400 944 2456 υπηρετησάμενος
971 2405 1217 2453 describatur,
1252 2403 1425 2455 principis
1453 2404 1576 2455 potius
1602 2403 1767 2441 minister

312 2469 340 2491 a
360 2458 532 2503 seeretis,
561 2470 671 2508 quam
693 2461 803 2500 iudex
823 2461 920 2498 cuius
943 2473 1056 2512 opera
1072 2463 1209 2513 populo
1228 2460 1470 2512 impenditur,
1505 2458 1764 2506 renuntiandus

312 2515 383 2551 est.
440 2514 577 2551 GoAn.

424 2573 450 2606 t.
468 2569 505 2606 11
533 2583 570 2621 p.
591 2568 673 2610 714
695 2573 814 2611 v.12.
873 2568 1106 2622 φουνδακα]
1137 2584 1312 2609 mensam
1336 2571 1412 2609 sive
1439 2569 1675 2637 negotialem
1695 2581 1766 2605 ar-

314 2625 566 2672 gentariam,
609 2626 808 2676 officinam
837 2630 1090 2674 usurariam,
1134 2629 1180 2666 ab
1211 2628 1309 2666 Italis
1334 2626 1545 2678 fiendam,
1585 2621 1665 2665 ἄπο
1692 2625 1768 2664 τοῦ

319 2676 502 2725 φούνδου
522 2695 549 2717 a
566 2681 721 2732 fiendo,
753 2684 793 2721 id
824 2688 881 2722 est
909 2698 1065 2722 summa
1084 2685 1347 2735 pecuniaria,
1391 2696 1479 2722 voce
1497 2682 1647 2721 Graecis
1667 2680 1769 2719 Iure-

318 2735 488 2773 consultis
510 2741 597 2776 nota
622 2739 768 2780 dictam.
827 2740 963 2780 Gom.

429 2795 454 2829 f·
477 2792 511 2830 ῙῙ
538 2806 576 2844 Ρ·
594 2796 676 2834 720
702 2808 735 2833 V·
754 2794 792 2835 5·
853 2793 1039 2849 Φραγγον
1061 2794 1341 2848 Ῥουμπέρτον]
1372 2795 1577 2833 Robertum
1598 2791 1768 2830 Guiscar-
