1916 3210
687 137 1142 187 ANNOTATIONES.
1554 139 1653 187 849

180 263 248 292 vus
267 248 430 291 Paludes
453 254 556 291 reete
585 253 694 290 vocat
719 263 802 290 eum
823 245 1038 304 πάτρωνα;
1074 249 1144 289 hac
1163 263 1325 303 namque
1345 263 1435 290 voce
1455 264 1500 291 ex
1521 252 1653 292 Italica

173 314 348 361 patrone
374 307 536 348 deducta
561 308 732 347 dominos
758 308 870 347 etiam
893 308 1007 348 hodie
1025 308 1251 360 compellant
1272 308 1482 348 Orientales
1502 311 1650 361 captivi.

178 365 273 405 alias
286 364 514 415 Hesychius:
536 359 746 420 πάτρωνες
759 364 803 406 οἷ
813 367 965 420 πρῶτοι
979 381 1062 407 των
1081 361 1339 415 αξιωθέντων
1357 367 1432 418 τῆς
1446 363 1650 420 Ῥωμαίων

177 421 392 470 πολιτείας.
451 423 592 462 (ἓοΑιι.

293 482 324 519 t.
343 478 380 516 Π
409 492 447 531 Ρ.
473 479 559 520 218
586 491 624 518 V.
652 480 694 519 7.
751 476 941 530 Λοῦλον]
986 476 1171 518 castellum
1213 479 1496 519 munitissimum
1529 479 1653 519 Tarso

178 535 352 585 vicinum,
382 537 432 575 de
454 536 557 574 cuius
577 535 651 574 situ
672 539 711 574 et
725 536 927 574 commodis
948 540 1079 574 auctor
1097 536 1264 586 superius
1286 549 1324 588 Ρ.
1346 536 1430 578 552
1447 538 1492 575 C.
1513 537 1651 577 GOAn.

293 590 351 631 ib.
388 604 424 632 v.
456 588 523 632 14
586 606 642 631 τω
675 586 873 659 Ἀργαίῳ]
913 591 1149 631 Ptolemaeus
1179 593 1205 635 5
1245 595 1294 635 6:
1344 590 1420 647 ὅρη
1460 589 1652 649 ἀξιόλογα

179 645 340 698 διὲζωκε
360 663 437 702 την
460 632 772 699 Καππαδοκίαν,
801 644 847 690 τό
871 662 913 689 τε
934 646 1118 702 ’'Aorsov.
1176 650 1315 688 Gon.

287 708 318 749 t.
335 704 373 744 11
400 719 440 757 p.
456 702 542 746 214
560 718 597 745 v.
621 708 686 747 16.
741 704 966 758 Adapam]
998 707 1101 758 apud
1118 706 1305 745 Zonaram
1326 711 1383 746 est
1404 706 1540 747 Adata.
1581 709 1651 748 sed

173 774 300 802 rursus
321 766 451 802 noster
473 763 644 813 Adapam
665 767 774 801 vocat
802 764 841 802 in
861 763 1110 802 Constantino
1134 762 1274 803 Leonis
1296 764 1328 802 F
1345 765 1407 803 ubi
1430 778 1512 804 eam
1536 779 1650 817 expu-

173 823 328 870 gnatam
345 831 370 859 a
384 819 510 865 Barda
527 818 651 858 Phoca
672 821 797 861 refert.
824 820 936 871 paulo
962 824 1050 859 ante
1071 833 1141 872 pro
1168 815 1413 872 Ἀναβᾶρζης
1436 821 1512 872 legi
1534 818 1650 864 Ἀνα-

171 873 328 973 Ξιιίιὲθβιξ
336 888 476 972 ’taquae
491 879 547 915 est
544 875 792 971 Βίοεοοιὶεῗίε
810 878 943 972 meffici
959 877 1100 972 patria,
1128 877 1387 974 urb}ci1idae
1403 883 1507 931 nota,
1536 881 1648 919 etiam

325 945 346 972 c
405 947 417 971 ι
446 945 520 972 sius
542 933 582 971 in
602 946 644 972 re
661 946 743 971 sum
758 947 771 971 1
794 946 879 972 men
898 947 982 973 ione
1004 947 1064 973 mo
1083 947 1135 972 us.
1230 947 1300 974 n..

284 994 314 1030 t.
330 989 366 1028 11
393 946 538 1042 pil216
558 1002 594 1030 v.
613 987 652 1030 4.
701 989 913 1042 Κουρτῶν]
942 991 1040 1030 forte
1062 991 1254 1030 Cretibus:
1282 1004 1366 1030 nam
1386 992 1537 1030 Cretam
1554 1005 1649 1043 quo-

171 1058 247 1099 que
265 1045 461 1097 Agarenos
477 1050 556 1085 tum
572 1046 735 1086 tenuisse
755 1047 882 1098 liquet.
939 1048 1011 1086 nisi
1030 1048 1061 1086 si
1082 1048 1174 1099 quid
1191 1053 1249 1087 est
1266 1049 1387 1087 aliud:
1417 1061 1502 1087 nam
1519 1049 1555 1088 T
1558 1052 1647 1099 urci,

171 1104 275 1156 quod
293 1104 344 1143 ad
366 1105 570 1152 elementa,
598 1104 717 1154 magis
738 1103 808 1142 huc
828 1105 1075 1155 quadrarent,
1105 1117 1215 1155 quam
1234 1106 1335 1156 quod
1355 1106 1402 1145 ad
1423 1118 1512 1144 rem.
1540 1106 1647 1146 XYn.

171 1159 392 1213 Κουρτῶν]
427 1161 543 1199 Carti
562 1172 689 1199 versus
716 1160 909 1200 Coloniam
934 1165 973 1199 et
991 1162 1299 1213 Mesopotamiam
1323 1162 1472 1214 populi,
1511 1164 1647 1203 exinde

170 1222 281 1270 parta
309 1218 464 1257 victoria
493 1218 532 1256 in
560 1217 838 1269 Cappadociam
862 1218 1035 1266 abducti,
1077 1218 1188 1269 longe
1210 1219 1322 1270 positi
1343 1232 1367 1258 a
1390 1220 1645 1269 Cretensibus,

170 1287 266 1325 quos
296 1274 355 1314 hic
381 1275 431 1315 ob
461 1274 593 1315 exilem
622 1279 662 1314 et
692 1275 852 1314 ieiunam
882 1274 1099 1315 allusionem
1125 1276 1412 1316 comminiscitur
1438 1277 1644 1329 Xylander.

170 1332 310 1427 Gon}
327 1386 366 1426 11
391 1401 432 1440 p.
448 1387 534 1429 218
555 1399 592 1426 v.
614 1386 683 1427 23.
746 1386 993 1439 Chrobatae]
1031 1401 1096 1427 eos
1121 1399 1204 1428 esse
1231 1389 1343 1427 credo
1371 1389 1435 1439 qui
1458 1389 1644 1431 Crabatae

169 1445 357 1493 dicuntur,
390 1444 492 1484 unde
510 1444 662 1484 Croatia
681 1443 760 1483 sive
779 1445 969 1484 Crabatia.
1024 1445 1137 1496 paulo
1154 1445 1250 1484 infra
1275 1445 1311 1483 hi
1330 1446 1492 1495 Scythae
1512 1460 1643 1487 omnes

167 1501 309 1542 Slavini
330 1501 516 1540 dicuntur.
570 1495 776 1542 Ῥαουσιον
807 1506 864 1541 est
884 1501 1114 1553 Ragusium,
1153 1503 1265 1541 etiam
1290 1502 1473 1541 Zonarae.
1529 1505 1643 1544 XYn.

167 1555 403 1613 Χρωβοῖτων
423 1555 530 1610 φημὶ
551 1556 622 1598 καὶ
641 1556 832 1611 Σέρβιον]
863 1559 912 1598 de
934 1558 1087 1610 singulis
1110 1559 1211 1597 hisce
1231 1559 1381 1610 populis
1403 1573 1448 1599 ac
1468 1573 1596 1600 eorum
1618 1574 1642 1600 a

164 1616 344 1656 Romanis
376 1615 586 1655 defectione
614 1615 766 1665 longam
798 1615 985 1654 historiam
1017 1616 1111 1654 texit
1139 1615 1412 1655 Constantinus
1440 1618 1643 1670 imperator

165 1676 246 1713 toto
262 1673 313 1712 de
328 1670 478 1712 Admin.
498 1672 591 1724 Imp.
608 1673 886 1711 commentario.
943 1672 1086 1714 GoAn.

277 1733 306 1768 t.
321 1729 358 1767 11
380 1742 418 1799 Ρ.
435 1729 520 1770 219
542 1742 579 1769 ν.
596 1730 667 1770 21.
725 1726 997 1783 δρουγγοῖριον
1014 1743 1099 1770 των
1117 1728 1332 1782 πλωΐμων]
1369 1727 1451 1769 Leo
1473 1730 1510 1768 in
1534 1729 1642 1770 Nau-

164 1785 283 1829 mach.
304 1801 405 1826 κατα
422 1800 498 1837 την
517 1782 713 1838 ὁμοίωσιν
730 1789 805 1827 τοῦ
824 1788 1035 1839 βασιλικοῦ
1057 1787 1240 1837 πλωΐμου
1260 1785 1330 1827 καὶ
1349 1785 1392 1827 οἷ
1409 1789 1489 1827 τῶν
1507 1785 1640 1828 αλλων

163 1838 358 1910 θεματων
377 1839 555 1894 πλώϊμοι
578 1842 789 1897 στρατηγοὶ
810 1840 1068 1899 δρουγγοῖριοι
1087 1840 1306 1886 ἐκαλοῦντό
1327 1858 1424 1885 ποτε
1444 1847 1528 1893 τοῖς
1552 1841 1640 1886 ἅνω

162 1895 338 1955 χρόνοις.
395 1900 534 1939 Gom.

277 1960 307 1999 t.
326 1957 364 1996 11
390 1969 430 2009 Ρ.
450 1956 586 1997 22Ον.
605 1953 646 1997 4.
703 1955 995 2010 Λογγιβαρδία]
1024 1969 1071 1996 ex
1087 1968 1163 2007 quo
1181 1954 1384 1995 Ravennae
1401 1957 1534 1995 morati
1551 1961 1640 1995 sunt

163 2025 208 2053 ac
244 2013 283 2054 in
313 2012 580 2064 Longobardia
617 2013 862 2080 principatum
900 2016 1143 2052 exercuerunt
1179 2013 1345 2052 Orientis
1380 2013 1638 2064 imperatores,

161 2070 274 2110 alium
296 2083 555 2122 quemcunque
582 2070 702 2109 locum
734 2071 773 2109 in
801 2069 906 2109 Italia
935 2071 1006 2109 sibi
1034 2069 1223 2118 relictum,
1265 2070 1472 2109 Calabriam
1501 2069 1639 2109 scilieet

163 2127 400 2180 Campaniam
421 2132 459 2167 et
475 2127 647 2180 Apuliam
667 2129 743 2167 sive
761 2140 936 2177 magnam
953 2127 1162 2177 Graeciam,
1193 2127 1294 2166 cuius
1312 2127 1462 2166 Barium
1479 2126 1539 2166 hic
1557 2140 1637 2166 me-

161 2189 305 2224 morata
331 2186 458 2224 civitas
486 2189 564 2236 est,
603 2185 907 2238 Λογγιβαρδίαν
934 2185 1230 2226 nominaverunt.
1287 2183 1555 2224 Constantinus
1586 2185 1636 2223 de

161 2240 420 2295 Admin.1mp.
441 2255 472 2281 c.
487 2244 556 2285 27.
613 2242 743 2280 Gom.

276 2297 332 2337 ib.
362 2313 397 2341 v,
431 2301 492 2341 19.
551 2300 652 2338 nolui
670 2303 812 2338 mutare
833 2299 1020 2350 Δολΐχον.
1051 2300 1264 2348 corruptum
1286 2301 1344 2336 est
1366 2309 1412 2336 ex
1428 2296 1635 2349 Λοδοῖχον

161 2359 227 2396 aut
243 2356 371 2396 simili:
399 2369 483 2395 nam
505 2355 683 2395 historiae
699 2357 835 2395 docent
851 2354 1081 2393 Ludovicum
1100 2355 1300 2393 secundum
1316 2358 1402 2392 tunc
1417 2355 1634 2393 Occidentis

161 2415 420 2466 imperatorem
439 2414 565 2452 fuisse.
623 2426 733 2464 quem
751 2417 898 2460 noster,
935 2412 998 2463 qui
1016 2412 1090 2450 suis
1109 2411 1262 2463 amplius
1281 2411 1393 2450 vellet
1414 2412 1544 2459 tribui,
1574 2424 1635 2450 re-

161 2483 248 2522 gem
269 2471 383 2510 modo
399 2470 600 2519 Franciae,
639 2471 732 2509 sicut
752 2474 789 2509 et
809 2469 983 2508 Carolum
1001 2481 1174 2519 magnum
1194 2481 1325 2520 supra,
1366 2473 1496 2516 vocat,
1524 2468 1631 2507 huius

160 2540 283 2568 avum.
312 2527 418 2566 ΧΥι..
478 2522 688 2580 Φράγγους
708 2540 731 2566 a
749 2526 903 2565 Francis
927 2526 995 2565 sibi
1014 2538 1124 2576 mage
1143 2525 1240 2563 notis
1263 2537 1502 2576 quoscunque
1521 2524 1633 2564 Lati-

160 2597 230 2623 nos
251 2589 386 2624 vocant
403 2585 559 2632 Graeci3
596 2597 716 2635 eoque
744 2584 898 2622 maxime
915 2588 1083 2634 tempore
1103 2595 1177 2632 quo
1198 2582 1258 2620 viix
1276 2595 1299 2622 a
1322 2582 1474 2620 Francis
1501 2582 1631 2620 distin-

159 2645 360 2692 guerentur
379 2641 580 2690 Germani,
609 2640 840 2680 Ludovicum
862 2641 1062 2679 secundum
1080 2639 1301 2678 Germaniae
1319 2651 1459 2689 regem,
1488 2638 1630 2678 Lotha-

159 2699 205 2736 rii
233 2711 500 2748 successorem,
543 2697 649 2737 facile
680 2698 750 2737 suit
778 2698 918 2736 auctori
951 2697 1058 2751 ρἦα
1090 2696 1292 2750 Φραγγίας
1322 2696 1524 2736 celebrare.
1581 2695 1631 2735 de

157 2753 348 2806 legatione
363 2768 474 2807 porro
489 2754 617 2794 Basilii
629 2754 840 2794 Chronicon
857 2767 880 2793 a
898 2755 1058 2793 Pithoeo
1078 2755 1235 2793 editum:
1255 2754 1362 2791 elicto
1378 2765 1486 2790 anno
1503 2748 1629 2806 (873)

159 2825 292 2850 mense
308 2811 521 2858 Ianuario,
559 2813 667 2850 cirea
686 2811 983 2864 Epiphaniam,
1012 2810 1166 2850 Basilii
1189 2811 1435 2851 Graecorum
1455 2811 1631 2861 impera-

216 2873 351 2921 (ἴσοι-ς.
382 2873 555 2910 Cedrenus
582 2878 665 2910 tom.
695 2874 746 2910 11.
1298 2866 1351 2910 54
