1890 3236
469 202 867 248 HISTORIARUM
901 200 1290 246 COMPENDIUM.
1514 199 1614 245 323

144 313 358 374 βασιλείαν
383 313 514 374 μόνην
543 316 649 360 ἄλλα
680 317 749 360 καὶ
769 315 924 367 πολλὰς
940 313 1045 372 ὁμοῦ
1064 317 1288 374 κυβερνᾶν,·
1321 312 1394 372 ἄγε
1416 309 1492 369 δή,
1526 314 1614 356 πεί-

145 387 278 443 σθητί
291 403 363 442 μοι
385 386 438 430 τὰ
455 389 643 442 λυσιτελῆ
660 383 999 441 συμβουλεύοντι,
1024 386 1091 427 καὶ
1111 383 1332 436 διαναστὰς
1349 382 1613 438 ἇντισχέσθαι

144 455 325 512 θέλησον
343 460 424 499 τῶν
441 452 703 513 πραγμάτων,
727 456 794 498 καὶ
812 453 865 497 τὰ
879 455 954 508 μὲν
968 451 1178 508 Ῥωμαίων
1196 452 1456 509 ἇναθηλῆσαι
1474 468 1611 510 παρα-

144 522 357 577 σκεύασον,
380 523 432 568 τὰ
453 524 499 568 δὲ
516 527 597 567 τῶν
615 525 777 580 ἐχθρῶν
801 524 1061 574 ταπείνωσον,
1085 525 1151 565 και
1171 523 1304 572 δεῖξον
1324 521 1456 580 ἔργοις
1474 520 1613 572 αὐτοῖς

0 544 10 628 i
110 601 134 639 ⁵
145 590 202 645 ὥς
213 592 263 636 οὗ
282 593 352 636 διὰ
371 597 488 649 κενῆς
505 593 599 636 οὐδὲ
616 590 751 649 μάτην
763 589 789 648 ἦ
803 589 1042 635 ἔπανθοῦσά
1062 607 1127 633 σοι
1150 590 1239 648 ὥρα
1253 591 1386 634 καὶτὰ
1398 589 1520 633 λοιπὰ
1534 593 1607 646 τῆς
1628 592 1661 626 D

141 665 284 718 ψυχῆς
303 662 347 705 ἐκ
365 665 466 706 θεοῦ
484 678 550 706 σοι
573 659 822 718 δεδώρηνται
842 658 1146 718 προτερήματα.
1214 659 1316 711 ἔξεις
1343 660 1389 703 δὲ
1415 661 1471 710 εἷς
1490 662 1610 702 τοῦτο

141 730 445 788 συναγωνιστὴν
466 731 534 773 καὶ
550 728 812 787 συλλήπτορα
839 731 907 772 καὶ
928 729 999 772 τὸν
1015 727 1089 771 σὸν
1103 728 1292 786 γαμβρὸν
1310 727 1380 772 τὸν
1397 744 1611 786 πορφυρο-

140 799 342 857 γέννητσν,
375 801 467 842 λίαν
489 802 789 842 θεοκλυτοῦντα
810 800 877 840 καὶ
901 796 1153 854 ἱμειρόμενον
1170 800 1243 852 τῆς
1263 802 1337 841 τοῦ
1356 801 1431 841 σοῦ
1455 796 1610 853 πατρὸς

140 865 722 926 ἐλευθεριυθῆναι·βαρύτητος
743 868 811 909 καὶ
842 867 956 924 παρὰ
990 872 1066 910 σοῦ
1092 863 1353 922 κατόψεσθαι
1383 865 1456 921 τὴν
1484 870 1610 919 βασι-

87 948 133 983 10
142 937 252 980 λείαν
273 936 624 995 κυβερνωμένην.”
694 934 852 987 τούτοις
867 934 1083 993 ὖποσυρείς
1104 942 1188 986 τοῖς
1205 933 1339 991 λόγοις
1359 932 1380 977 ὁ
1400 935 1610 990 Στέφανος

139 1006 367 1062 κατεσχέθη
395 1022 438 1049 τε
469 1009 520 1063 τῇ
544 1009 618 1061 τῆς
636 1003 957 1061 αὐτοκρατορίας
978 1006 1178 1064 ἐπιθυμία
1196 1006 1264 1046 καὶ
1283 1003 1452 1058 ἄσχετον
1475 1002 1608 1060 ὄρεξιν

139 1073 352 1126 ἀνεδέξατο
375 1078 448 1118 τοῦ
471 1080 713 1131 καταγαγεῖν
734 1073 803 1117 τὸν
824 1073 972 1116 ἑαυτοῦ
989 1075 1143 1131 πατέρα
1161 1077 1234 1129 τῆς
1252 1075 1473 1126 βασιλείας.
1506 1073 1607 1127 μέλ-

139 1147 222 1187 λων
241 1144 287 1187 δὲ
306 1144 494 1200 ἐγχειρεῖν
517 1150 603 1195 τοῖς
623 1145 808 1198 δοχθεῖσι
829 1144 896 1185 καὶ
924 1141 1069 1198 λόγους
1094 1142 1392 1196 αι’νιττομένους
1410 1141 1455 1184 τὸ
1478 1158 1607 1184 σπου-

140 1210 360 1268 δαζόμενον
375 1210 607 1270 ὖποσπείρει
631 1217 690 1270 τῷ
707 1211 887 1270 ἀδελφῷ.
957 1212 1040 1255 ἐπεὶ
1073 1211 1118 1254 δ’
1155 1205 1274 1262 οὗτος
1302 1212 1369 1254 καὶ
1397 1210 1501 1268 πρὸς
1533 1210 1607 1266 τὴν

85 1290 129 1327 15
139 1279 304 1338 πρώτην
331 1281 458 1336 ἀκοὴν
481 1280 671 1338 ἄτεγκτος
695 1276 766 1337 ἦν,
801 1283 868 1323 καὶ
897 1279 1065 1338 παρῄνει
1090 1284 1249 1335 μᾶλλον
1268 1279 1328 1335 μὴ
1357 1284 1528 1335 θαρρεῖν
1549 1283 1607 1337 τῷ

137 1355 336 1410 γαμβρῷ,
393 1350 498 1393 ἀλλὰ
525 1355 599 1406 τῆς
628 1348 823 1409 πατρῴας
851 1350 1053 1392 ἐνουθέτει
1088 1351 1299 1404 ἓξέχεσθαι
1333 1349 1503 1400 πίστεως
1537 1350 1606 1391 καὶ

137 1421 299 1478 φιλίας,
333 1423 476 1462 τοῦτον
491 1420 566 1474 μὲν
583 1424 760 1477 παρῆκεν
781 1416 837 1470 ὥς
856 1417 1048 1472 ἐμπόδιον
1064 1422 1236 1472 μᾶλλον,
1270 1418 1365 1460 ἀλλ’
1390 1419 1438 1461 οὗ
1459 1434 1604 1473 συνερ-
1627 1419 1657 1454 Ρ
1681 1418 1750 1456 634

135 1487 208 1546 γὸν
229 1486 432 1544 ἐσόμενον,
467 1488 590 1540 αὐτὸς
613 1488 660 1531 δ’
686 1487 807 1547 ᾠήθη
839 1485 895 1539 ὥς
924 1487 1097 1531 ἀνυστὸν
1127 1489 1357 1545 ἐγχειρῆσαι
1379 1494 1463 1537 τοῖς
1485 1487 1603 1530 δεδο-

134 1556 306 1614 γμένοις.
374 1555 784 1615 προσεταιρισάμενος
814 1552 885 1599 οὖν
917 1556 992 1600 σὺν
1024 1561 1083 1615 τῷ
1111 1556 1277 1615 ῥηθέντι
1310 1557 1512 1614 Βασιλείῳ
1535 1557 1605 1598 καὶ

79 1625 207 1671 Ξοτὸν
232 1626 412 1682 μοναχὸν
429 1626 652 1685 Μαριανὸν
672 1627 744 1670 τὸν
771 1625 861 1669 υἱὸν
879 1626 1067 1677 Λέοντος
1086 1631 1161 1669 τοῦ
1173 1626 1372 1683 Ἀργυροῧ
1381 1657 1396 1677 ,
1429 1623 1508 1669 ὑπὸ
1530 1628 1605 1669 τοῦ

132 1695 334 1751 βασιλέως
355 1694 567 1751 Ῥωμανοῦ
600 1697 690 1739 λίαν
723 1697 790 1738 καὶ
820 1692 1046 1750 τιμώμενον
1079 1697 1147 1738 καὶ
1185 1692 1490 1749 πιστευόμενον,
1534 1694 1608 1737 καί

133 1781 247 1816 τινας
263 1763 412 1816 ἄλλους
433 1765 509 1809 σὺν
526 1765 663 1816 αὐτοῖς
670 1797 683 1817 ,
725 1763 968 1822 εὗκαιρήσας
990 1768 1182 1824 κατασπᾷ
1203 1763 1273 1807 τὸν
1293 1764 1421 1807 αὐτοῦ
1447 1763 1602 1821 πατέρα

131 1837 206 1890 τῆς
225 1833 366 1891 ἀρχῆς,
399 1836 496 1890 μηνὶ
517 1834 758 1892 Δεκεμβρίῳ
780 1832 844 1886 ις’,
879 1835 1124 1884 ῖνὸικτιιῦνος
1145 1832 1195 1890 γ’,
1230 1832 1344 1883 ἔτους
1365 1831 1501 1891 ,ςυνγᾌ
1538 1831 1600 1883 κς’

133 1901 309 1947 ἀνύοντα
329 1904 371 1947 ἐν
389 1907 441 1962 τῇ
455 1906 644 1966 βασιλεία
665 1902 860 1955 ἐνιαυτόν,
894 1905 962 1946 καὶ
982 1908 1033 1961 τῇ
1055 1901 1165 1963 νήσῳ
1187 1900 1344 1961 Πρώτῃ
1373 1903 1599 1962 περιορίζει,

223 2034 268 2072 14
287 2031 524 2082 ὑποσπείρων
547 2034 579 2070 C

131 2149 291 2197 pluribus
310 2149 725 2198 gubernandis'imperiis
750 2150 942 2187 sufficeret.
992 2151 1251 2197 obtemperaret
1273 2150 1384 2185 amico
1408 2150 1499 2185 bene
1523 2159 1599 2184 mo-

131 2196 242 2241 nenti,
275 2202 312 2232 et
344 2198 389 2233 ad
420 2209 478 2233 res
512 2199 683 2244 gerendas
715 2198 885 2243 prodiret.
931 2197 1114 2244 pristinum
1145 2197 1265 2231 florem
1300 2198 1405 2231 rebus
1431 2195 1600 2231 Romanis

131 2249 378 2289 recuperaret,
410 2251 447 2279 et
472 2245 591 2279 hostes
617 2244 849 2290 opprimeret3
877 2244 1149 2288 ostenderetque
1174 2254 1214 2277 re
1237 2242 1314 2288 ipsa
1337 2242 1507 2277 divinitus
1531 2252 1601 2276 non

130 2289 182 2324 ad⁴
199 2288 336 2324 irritum
357 2290 395 2324 in
419 2302 458 2326 se
482 2296 550 2325 tam
574 2290 790 2336 praestantia
813 2290 918 2325 animi
941 2289 1171 2335 corporisque
1201 2289 1292 2323 dona
1316 2301 1392 2322 esse
1417 2287 1598 2322 collocata.

129 2345 272 2370 usurum
295 2335 339 2370 ad
363 2336 450 2372 haec
472 2337 634 2372 adiutore
657 2342 694 2370 et
709 2336 806 2370 socio
823 2336 1054 2371 Constantino
1078 2335 1211 2369 sororis
1234 2335 1371 2378 marito,
1397 2333 1482 2368 nihil
1505 2333 1599 2368 aliud

127 2380 166 2415 in
182 2380 276 2417 votis
291 2381 444 2418 habente
457 2394 557 2428 quam
575 2387 614 2417 ut
633 2382 747 2417 soceri
770 2388 981 2417 exoneratus
995 2381 1199 2416 morositate
1219 2382 1262 2416 ab
1286 2381 1365 2426 ipso
1389 2381 1509 2416 videat
1531 2391 1597 2425 gu-

128 2427 272 2463 bernari
285 2427 482 2476 imperium.
531 2429 584 2463 his
608 2427 727 2463 verbis
749 2428 884 2463 illectus
905 2428 1108 2474 Stephanus
1130 2426 1322 2473 cupiditate
1344 2426 1483 2473 imperii
1504 2432 1598 2461 totus

129 2480 330 2520 occupatur,
365 2474 490 2521 suique
516 2474 625 2522 patris
647 2475 846 2520 deponendi
871 2475 1066 2509 infraenem
1090 2473 1203 2508 animo
1228 2473 1382 2520 concipit
1403 2472 1598 2508 libidinem.

126 2531 202 2555 rem
233 2520 354 2566 itaque
385 2533 615 2567 aggressurus
645 2521 750 2555 fratri
781 2533 852 2556 rem
885 2533 949 2567 per
972 2522 1134 2566 ambages
1158 2519 1347 2566 significat.
1395 2531 1496 2566 quem
1520 2530 1594 2553 cum

128 2565 242 2613 primo
265 2567 387 2603 auditu
410 2579 554 2613 prorsus
578 2569 621 2603 ab
646 2567 713 2602 hoc
734 2567 896 2602 instituto
921 2566 1069 2601 alienum
1103 2578 1182 2601 esse
1204 2566 1362 2611 videret,
1394 2566 1598 2610 hortarique

127 2617 167 2647 ut
198 2611 236 2647 in
267 2613 339 2649 fide
370 2614 489 2661 potius
521 2614 633 2661 patris
665 2625 766 2659 quam
799 2614 835 2648 in
859 2613 990 2648 sororis
1023 2613 1141 2647 mariti
1165 2612 1320 2647 amicitia
1342 2612 1596 2659 acquiesceret,

128 2658 257 2694 omisso
282 2671 346 2704 eo,
381 2666 420 2696 ut
451 2672 551 2707 quem
576 2660 645 2696 sibi
668 2660 913 2705 impedimento
941 2661 1058 2705 potius
1080 2671 1182 2705 quam
1206 2659 1336 2694 auxilio
1360 2660 1438 2694 fore
1460 2658 1597 2693 iudica-

127 2709 195 2748 ret,
230 2705 308 2752 ipse
330 2713 494 2752 quantum
517 2720 573 2742 res
596 2708 734 2742 omnino
758 2708 878 2750 ferret,
913 2706 1056 2752 exsequi
1080 2717 1176 2741 suam
1199 2705 1406 2741 sententiam
1430 2705 1595 2740 intendit.

127 2762 213 2796 ergo
236 2751 273 2787 in
297 2753 497 2789 societatem
522 2754 678 2798 adscito,
714 2759 855 2799 praeter
877 2752 1043 2787 Basilium
1058 2779 1068 2796 ‚
1103 2752 1270 2787 monacho
1295 2753 1398 2787 etiam
1424 2752 1595 2795 Mariano,

126 2797 201 2831 filio
224 2797 354 2834 Leonis
372 2799 513 2845 Argyri,
540 2813 560 2834 a
576 2801 731 2835 Romano
754 2800 964 2846 imperatore
988 2811 1089 2845 quam
1115 2799 1261 2833 maxime
1281 2797 1422 2841 dilecto,
1448 2804 1485 2833 et
1507 2809 1596 2832 non-

127 2842 230 2878 nullis
253 2844 351 2890 aliis,
386 2853 507 2881 nactus
542 2847 836 2892 opportunitatem
871 2845 1017 2891 imperio
1048 2852 1180 2891 patrem
1213 2845 1354 2890 deficit,
1386 2845 1445 2880 die
1469 2843 1598 2879 mensis

125 2889 330 2928 Decembris
347 2893 402 2938 16,
424 2892 617 2929 indictione
632 2893 666 2938 3,
690 2904 780 2928 anno
796 2892 900 2939 6453,
923 2903 1050 2927 annum
1067 2891 1135 2927 iam
1152 2892 1198 2926 26
1220 2891 1468 2937 imperantem3
1495 2903 1536 2926 ac
1561 2889 1598 2924 in
