1890 3236
293 190 387 241 116
756 189 996 236 GEORGII
1031 191 1273 238 GEDRENI

504 305 676 360 ἔστησαν
699 305 756 352 εἷς
778 300 971 347 σύστασιν
992 307 1065 359 τῆς
1086 304 1332 362 οἲκουμένης,

501 372 707 429 ὤφθησαν
729 365 840 414 οὗτοι
860 375 919 430 τῷ
941 373 1149 431 σεβασμίῳ
1170 372 1281 432 τόπῳ

504 438 626 495 σκεύη
652 439 808 496 πονηρὰ
831 441 1122 496 δεισιδαίμονος
1141 439 1309 498 πλάνης.

504 509 627 552 ἐκεῖσε
647 507 777 550 πολλὰ
797 508 935 552 λοιπὸν
957 509 1000 560 ἐξ
1026 509 1213 561 ἀπιστίας
1467 558 1469 561 ,
1503 557 1506 563 ,
1730 555 1732 557 ‚

504 574 727 634 πράξαντες
749 576 898 635 αἲσχρὰ
921 577 1032 620 δεινὰ
1055 575 1404 636 δυσσεβοφρὸνως,
1716 603 1718 605 ·
1740 590 1776 627 ,5

506 646 660 687 ἐκεῖθεν
678 643 896 700 ἠλάθησαν
916 644 971 697 ὥς
988 645 1228 690 ἀποστάται.

505 713 609 770 πρὸς
628 713 701 768 τὴν
719 711 836 756 πόλιν
858 715 902 756 δὲ
920 719 993 758 τοῦ
1013 714 1190 773 κράτους
1207 711 1447 772 πεφευγότες
1467 763 1469 769 ¹

507 781 581 825 οὐκ
602 783 807 838 ἓξαφῆκαν
827 782 901 833 τὰς
919 783 1130 838 ἀθέσμους
1148 785 1318 841 μωρίας.
1338 832 1341 834 ,

503 849 604 892 ὅθεν
623 850 842 907 γραφέντες
862 848 917 901 ὥς
936 857 1151 909 κακοῦργοι
1171 854 1242 907 τὴν
1262 852 1367 895 θέαν

503 919 808 974 κατακρίνονται
831 920 899 961 καὶ
921 918 1131 964 διώκονται
1151 920 1286 963 πάλιν.
1747 916 1800 963 '10

235 999 268 1037 D
291 984 436 1035 τούτου
475 987 520 1029 δὲ
553 990 708 1029 θᾶττον
734 988 944 1043 γενομένου
972 989 1109 1032 ἐκεῖνοι
1138 990 1211 1046 μὲν
1238 989 1308 1032 τὸν
1333 991 1405 1045 τῆς
1433 984 1649 1043 ὁμολογίας
1676 985 1747 1029 καὶ

286 1057 499 1115 καρτερίας
526 1053 770 1110 ἀνεδήσαντο
800 1056 1021 1114 στέφανον,
1055 1051 1173 1108 οὗτος
1194 1059 1239 1101 δὲ
1259 1056 1280 1100 ὃ
1303 1055 1481 1113 σοβαρὸς
1501 1057 1569 1098 καὶ
1585 1052 1746 1099 πάντων

285 1127 443 1170 ἀθλίων
469 1121 717 1181 ἀθλιώτερος
743 1128 864 1167 πᾶσιν
892 1124 1105 1181 ἀνεδείχθη
1132 1124 1379 1184 βλάσφημος
1398 1126 1467 1168 καὶ
1487 1123 1657 1180 ὄιώκτης
1677 1124 1746 1168 καὶ

284 1198 366 1240 τῶν
387 1191 546 1236 πώποτε
567 1190 798 1244 κακοὸόξων
814 1193 1139 1251 κακοδοξότερος.

422 1261 546 1305 Μετὰ
584 1261 630 1303 τὸ
668 1266 874 1319 γραφῆναι
915 1263 1047 1313 τοίνυν
1081 1262 1154 1313 τὰς
1187 1260 1304 1317 ὄψεις
1341 1261 1380 1304 οἳ
1415 1258 1658 1317 ὃμολογηταὶ
1677 1262 1743 1312 ιεἷς
1757 1267 1799 1304 15

283 1330 502 1388 ὗπερορίαν
527 1328 767 1384 ἐστάλησαν.
833 1329 911 1386 πρὸ
938 1329 1091 1374 τούτων
1116 1331 1161 1373 δὲ
1182 1332 1255 1373 ’καὶ
1279 1327 1300 1372 ὃ
1322 1327 1435 1386 ἅγιος
1454 1328 1673 1379 Μεθόδιος
1690 1329 1747 1381 εἴς

284 1417 375 1444 τινα
389 1403 511 1454 νῆσον
530 1397 571 1440 ἓν
589 1395 708 1455 τάφῳ
727 1399 959 1454 καθείρχθη
982 1401 1080 1451 ζῶν,
1117 1398 1204 1454 ἅμα
1238 1400 1350 1442 δυσὶν
1383 1396 1670 1456 ἀνδροφόνοις,
1704 1399 1747 1452 ἐν

284 1462 320 1527 ᾧ
350 1465 470 1524 τάφῳ
501 1464 570 1508 διά
600 1483 706 1519 τινος
738 1466 925 1523 ἐτρέφετο
959 1465 1115 1518 ἁλιέως.
1183 1466 1228 1510 ὃν
1263 1466 1313 1522 δὴ
1347 1464 1462 1509 ἁλιέα
1494 1464 1675 1523 εὑρόντες
1708 1466 1747 1510 οἳ

284 1535 390 1593 ἅγιοι
423 1532 638 1592 Θεοφάνης
664 1536 731 1577 καὶ
764 1533 998 1592 Θεόδωρος,
1044 1537 1111 1577 καὶ
1140 1535 1192 1578 τὰ
1222 1535 1317 1578 κατ’
1353 1534 1475 1578 αὐτὸν
1504 1531 1744 1590 πυθόμενοι,

285 1605 355 1649 διὰ
373 1608 444 1649 τοῦ
465 1600 649 1647 τοιούτου
671 1601 813 1654 ἁλιέως
830 1601 1033 1661 γράφουσι
1052 1608 1111 1662 τῷ
1127 1602 1289 1662 μεγάλῳ
1308 1603 1512 1664 Mes-&odire
1532 1600 1643 1648 τάδε.
1754 1613 1801 1653 20

142 1684 172 1720 Ρ
195 1685 264 1722 522
504 1675 563 1731 τῷ
585 1673 699 1724 ζῶντι
719 1676 846 1731 νεκρῷ
869 1674 936 1715 καὶ
956 1676 1083 1732 νεκρῷ
1103 1671 1316 1732 ζωηφόρῳ,

379 1790 423 1827 13
446 1788 592 1826 ἀθλίων
614 1801 669 1826 om
693 1790 724 1825 C
862 1792 906 1827 15
928 1788 1022 1837 μετὰ
1045 1809 1091 1819 -
1114 1793 1181 1829 117
1204 1792 1227 1828 6
1249 1790 1489 1836 συνδεσμίους
1511 1803 1566 1828 om
1588 1791 1620 1827 C

500 1893 598 1938 fixit,
621 1893 743 1938 generi
764 1894 909 1929 salutem
932 1899 972 1931 ut
994 1896 1141 1931 humano
1165 1896 1277 1943 daret,

501 1950 696 1985 apparuere
720 1944 756 1975 et
777 1940 838 1974 isti
861 1943 1059 1977 venerando
1084 1943 1120 1977 in
1142 1942 1233 1988 loco,

502 1985 740 2030 superstitiosi
765 1986 893 2021 erroris
916 1999 1001 2022 vasa
1022 1989 1188 2033 pessima.

501 2036 538 2065 et
560 2031 661 2075 inde,
685 2031 791 2066 multa
816 2038 996 2078 postquam
1020 2035 1146 2079 perfidi
1169 2035 1235 2069 deo

499 2076 658 2111 facinora
678 2078 914 2122 patravissent
935 2080 1053 2125 turpia
1075 2079 1194 2125 impie,

500 2127 540 2157 ut
563 2123 760 2159 desertores
786 2129 927 2158 vertere
949 2124 1035 2160 iussi
1060 2131 1142 2160 sunt
1164 2125 1288 2161 solum.

500 2168 656 2213 fugaque
678 2168 715 2202 in
739 2170 858 2204 urbem
881 2170 970 2204 hanc
993 2170 1119 2215 delati,
1142 2171 1282 2217 imperii
1302 2173 1419 2217 caput,

501 2225 572 2249 non
595 2214 762 2249 destitere
788 2216 831 2250 ab
856 2216 963 2261 impia
985 2217 1186 2254 vaecordia.

502 2260 700 2306 compuncti
721 2260 850 2306 igitur,
873 2262 1063 2297 facinorosi
1084 2263 1199 2307 velut,
1223 2263 1328 2308 notis,

503 2317 548 2341 ex
571 2308 657 2341 urbe
680 2307 834 2342 damnati
857 2307 1030 2353 pelluntur
1053 2309 1117 2343 hac
1140 2320 1293 2354 quoque.
1588 2341 1589 2344 ,
1749 2333 1750 2340 1

284 2348 339 2384 his
360 2349 411 2384 ita
433 2352 550 2386 statim
573 2353 741 2398 peractiS‚
773 2353 836 2388 isti
867 2354 1005 2399 quidem
1036 2355 1266 2390 conifessionis
1288 2356 1325 2389 et
1347 2351 1565 2388 constantiae
1586 2355 1748 2400 reporta-

285 2400 412 2431 verunt
442 2407 623 2442 coronam,
657 2405 806 2443 suntque
837 2398 1016 2445 inscriptis
1048 2400 1324 2437 frontibusistis
1348 2399 1508 2440 versibus
1531 2398 1569 2434 in
1589 2399 1752 2437 exsilium.

284 2441 369 2476 acti·
418 2453 458 2475 ac
489 2444 590 2478 ferox
621 2444 830 2490 imperator,
863 2446 1090 2491 omnibusque
1124 2447 1286 2482 miserior
1318 2445 1477 2489 miseris,
1510 2445 1555 2479 ab
1587 2446 1745 2487 omnibus

286 2487 459 2521 iudicatus
483 2496 538 2524 est
559 2490 665 2536 impie
689 2491 753 2524 deo
778 2492 995 2536 obtrectare,
1028 2492 1107 2538 pios
1129 2492 1317 2538 persequi,
1346 2497 1384 2526 et
1405 2495 1575 2536 quotquot
1596 2502 1746 2538 unquam

284 2543 452 2578 perverse
475 2535 518 2569 de
539 2538 644 2571 rebus
665 2536 776 2571 sacris
798 2543 1002 2582 senserunt,
1029 2551 1147 2573 eorum
1169 2550 1336 2585 superare
1386 2537 1638 2572 erversitatem.

375 2578 467 2613 Ante
516 2581 578 2616 hos
618 2582 721 2617 etiam
759 2588 899 2618 sanctus
938 2584 1140 2620 Methodius
1178 2585 1216 2619 in
1257 2596 1325 2630 qua
1373 2594 1425 2617 em
1442 2619 1444 2622 ,
1463 2582 1608 2617 insulam
1651 2582 1744 2618 rele-

286 2626 411 2668 gatus,
455 2625 558 2660 vivus
594 2639 670 2663 cum
701 2628 835 2663 duobus
869 2629 1063 2665 latronibus
1096 2631 1134 2664 in
1169 2630 1388 2676 sepulchrum
1425 2627 1578 2663 inclusus
1615 2629 1753 2674 fueretr

282 2669 322 2703 in
359 2681 470 2715 eoque
504 2684 525 2706 a
555 2672 728 2716 piscatore
760 2675 907 2719 quodam
942 2676 1176 2719 nutriebatur;
1219 2677 1257 2710 in
1296 2686 1397 2721 quem
1431 2674 1639 2719 piscatorem
1670 2686 1748 2710 cum

282 2714 490 2752 incidissent
523 2718 756 2764 Theophanes
788 2732 830 2755 ac
863 2721 1093 2766 Theodorus,
1135 2726 1172 2757 et
1200 2720 1374 2756 Methodii
1400 2730 1516 2754 rerum
1543 2720 1622 2766 quis
1653 2725 1748 2759 esset

281 2765 396 2841 atinus
430 2774 474 2797 ex
505 2775 546 2797 eo
577 2765 842 2811 cognovissent,
884 2778 949 2812 per
980 2768 1125 2804 eundem
1156 2767 1194 2802 in
1225 2767 1314 2804 hanc
1348 2765 1558 2802 sententiam
1589 2767 1749 2803 scribunt

284 2817 306 2840 a
358 2819 448 2844 eum.

502 2855 563 2901 qui
583 2855 688 2892 vivus
710 2856 803 2893 inter
826 2858 927 2895 vivos
952 2870 1030 2895 esse
1052 2858 1171 2905 desiit,
