1916 3210
300 172 397 218 502
769 143 1002 215 Gaoao'u
1035 166 1279 213 cEnREm
1335 142 1345 149 “’

298 301 368 334 τον
387 278 546 340 γνώμην
567 276 666 335 &mv
686 279 752 322 καὶ
774 275 1115 336 ἀλλοπρόσαλλον,
1149 279 1184 323 εἰ
1204 280 1275 323 ’καὶ
1302 276 1521 339 μῶγιστρος
1536 280 1738 340 ἐτετίμητο

299 354 366 395 καὶ
395 353 553 392 πολλῶν
584 347 812 404 εὐεργεσιῶν
843 347 987 402 ἠξίωτο
1017 346 1129 406 παρὰ
1157 351 1231 391 τοῦ
1255 346 1484 404 Ῥωμανοῦ,
1516 348 1627 405 ὅμως
1651 353 1740 395 ἐπι-

298 417 450 476 βουλὴν
469 419 614 475 μελετᾷ
641 414 736 458 κατ’
759 414 898 458 αὐτοῦ.
965 415 1070 458 ἀλλὰ
1090 417 1301 475 φωραθεὶς
1326 421 1399 472 τῆς
1419 414 1571 471 πόλεως
1592 417 1740 475 ἐκβάλ-

299 490 410 528 λεται
429 483 503 527 σὺν
522 487 573 541 τῇ
598 483 766 539 γυναικί.

430 551 648 595 Ἀπέστειλε
668 551 712 593 δὲ
730 551 796 593 καὶ
814 550 856 602 ἓξ
872 549 1062 606 Ἐδέσσης
1079 547 1100 593 ὅ
1120 548 1339 607 Μανιᾶκης
1357 554 1416 609 τῷ
1429 555 1596 606 βασιλεῖ
1606 549 1772 598 hemi-5

299 636 387 663 σιον
409 617 550 677 φόρον,
575 620 713 676 λίτρας
729 617 984 674 πεντήκοντα.
1052 620 1118 661 καὶ
1139 617 1160 661 ὃ
1180 624 1252 676 τῆς
1270 618 1503 677 Τριπόλεως
1523 620 1570 663 δὲ
1584 619 1746 678 ἆμηρῆς
1782 647 1785 650 <

300 687 323 733 ὅ
350 685 584 744 Πινζαράχ,
632 684 940 742 κατισχυόμενος
967 685 1079 744 παρὰ
1111 690 1191 730 τῶν
1221 689 1468 744 Αἰγυπτίων,
1514 688 1646 746 φυγὰς
1672 687 1746 743 τὴν

299 756 751 811 βασιλίδακατέλαβεν·
785 755 831 798 ὃν
859 753 881 797 ὃ
911 754 1102 809 βασιλεὺς
1130 754 1250 798 πάλιν
1279 755 1380 811 μετὰ
1408 756 1593 811 πλείστης
1623 753 1748 800 δυνά-

299 840 409 878 μεως
427 823 501 866 σὺν
521 827 580 882 τῷ
599 821 849 880 ἔταιρειάρχῃ
872 823 1096 881 Θεοκτίστῳ
1118 824 1174 874 εἲς
1192 824 1344 880 Συρίαν
1366 824 1630 882 ἓκπέπομφεν.
1681 824 1748 876 ἔξ-

300 891 456 947 έπεμψε
475 892 520 934 δέ
540 893 607 934 καὶ
626 892 727 946 μετὰ
755 890 901 935 στόλου
932 891 1002 934 τὸν
1029 890 1397 949 πρωτοσπαθάριον
1419 892 1592 935 Τεκνέαν
1614 891 1684 936 τὸν
1704 893 1803 945 ἔξω

167 963 193 995 Ρ
215 963 284 999 732
298 958 472 1014 Ἀβύδου
496 962 551 1010 εἷς
571 960 794 1016 Αἴγυπτον,
836 959 888 1002 τὰ
915 963 987 1001 τοῦ
1015 960 1162 1003 Νείλου
1194 958 1396 1014 στόματα,
1444 958 1523 1018 ὅπῃ
1553 961 1748 1018 παρείκοι,

303 1026 550 1079 κακώσοντα,
584 1030 652 1070 καὶ
671 1028 795 1082 αὐτὴν
810 1026 1130 1083 Ἀλεξάνδρειαν·
1164 1026 1209 1079 ὃς
1227 1025 1508 1083 εὖθυπλοήσας
1528 1029 1594 1070 καὶ
1609 1028 1750 1087 μέχρις

304 1096 429 1151 αὐτῆς
450 1094 597 1146 ἐλάσας
616 1096 912 1152 Ἀλεξανδρείας
940 1093 1060 1137 πλοῖά
1082 1112 1124 1138 τε
1150 1094 1662 1154 πάμπλεισταὲχειρῶσατο
1681 1097 1750 1140 καὶ

305 1165 413 1207 λείαν
445 1164 507 1207 ὅτι
537 1164 688 1219 πολλὴν
717 1162 1032 1221 περιβαλόμενος
1059 1161 1308 1220 ὑπέστρεψεν
1326 1162 1477 1219 οἷσινής.
1544 1164 1750 1221 παρέδωκε

305 1233 351 1275 δέ
373 1234 440 1275 καὶ
461 1232 506 1275 τὸ
527 1231 722 1290 φρούριον
743 1232 788 1275 τὸ
811 1230 1021 1287 λεγόμενον
1036 1233 1217 1289 Περκρὶν
1247 1229 1268 1273 ὅ
1290 1232 1466 1286 κατέχων
1488 1231 1586 1274 αὐτὸ
1610 1235 1750 1289 Σαραν-
1762 1237 1805 1273 15

306 1300 424 1355 κηνός
448 1300 605 1354 Ἀλείμ,
650 1300 810 1356 ἔγγιστα
830 1303 1077 1353 ,Βαβυλῶνος
1102 1300 1361 1354 διακείμενον,
1393 1303 1451 1358 τῷ
1472 1303 1636 1354 βασιλεῖ
1652 1298 1753 1343 Ῥω-

305 1370 456 1423 μαίων,
504 1370 668 1419 ἐλπίσας
697 1365 1001 1424 πατρικιότητός
1028 1384 1070 1411 τε
1096 1369 1162 1410 καὶ
1190 1369 1383 1411 πλείστων
1409 1367 1540 1411 ἄλλων
1571 1369 1753 1423 ἀμοιβῶν

307 1437 557 1492 ἀξιωθῆναι,
593 1436 661 1479 διὰ
679 1441 750 1478 τοῦ
773 1436 864 1478 υἶοῦ
883 1436 1006 1478 αὐτοῦ
1033 1435 1106 1489 τὴν
1131 1435 1233 1493 πρὸς
1253 1435 1322 1479 τὸν
1340 1436 1511 1491 βασιλέα
1532 1434 1755 1492 ποιησάμε-

306 1520 376 1555 νος
396 1503 578 1556 ἔντευξιν.
645 1506 711 1547 καὶ
734 1503 779 1546 τὸ
801 1501 994 1560 φρούριον
1011 1504 1084 1557 μὲν
1102 1502 1338 1560 παρειλήφει
1356 1502 1378 1546 ὅ
1401 1505 1607 1560 πατρίκιος
1624 1502 1754 1547 Νικό-

309 1576 407 1622 λαος
438 1570 459 1614 ὅ
486 1571 743 1629 Βούλγαρος,
779 1565 813 1629 ᾧ
834 1570 1068 1628 Χρυσήλιος
1087 1571 1131 1614 τὸ
1155 1570 1376 1626 ἐπώνυμον,
1410 1569 1431 1614 ὃ
1456 1572 1500 1614 δὲ
1519 1576 1590 1614 τοῦ
1614 1574 1810 1629 Rapa-20

257 1649 287 1685 B
311 1644 434 1695 κηνοῦ
454 1640 541 1691 υἱὸς
569 1639 761 1683 εἰσελθὼν
780 1639 821 1681 ἓν
839 1643 897 1696 τῷ
912 1639 1117 1697 Βυζαντίῳ
1139 1640 1206 1681 καὶ
1230 1639 1297 1681 διὰ
1318 1639 1363 1682 τὸ
1383 1639 1454 1682 τὸν
1468 1640 1639 1693 βασιλέα
1659 1656 1757 1683 συν-

311 1709 476 1763 ἔχεσθαι
491 1705 776 1766 ἀρρωστήματι
792 1708 992 1761 μηδεμιᾶς
1006 1706 1136 1761 τυχῶν
1156 1708 1400 1764 ἐπιστροφῆς
1418 1709 1484 1749 καὶ
1498 1708 1601 1762 μετὰ
1617 1711 1756 1763 θυμοῦ

309 1774 570 1835 ὑποστρέψας
595 1775 771 1820 ἀνέπεισε
799 1775 870 1819 τὸν
899 1772 1143 1832 γεννήσαντα
1180 1775 1472 1830 ἀντιλαβέσθαι
1505 1779 1577 1819 τοῦ
1610 1776 1757 1819 οἳκείου

403 1906 448 1943 14
465 1904 772 1953 περιβαλλόμενος
792 1906 874 1942 libri

310 2018 419 2054 oculis
440 2019 612 2066 privatus,
645 2031 838 2067 quanquam
863 2023 898 2056 et
920 2019 1076 2066 magistri
1098 2019 1230 2055 honore
1253 2021 1290 2054 et
1310 2018 1425 2054 multis
1447 2029 1468 2054 a
1490 2020 1645 2056 Romano
1668 2019 1759 2056 affe-

310 2072 387 2099 ctus
407 2066 606 2111 beneficiis,
639 2072 754 2101 tamen
779 2067 878 2101 homo
904 2066 1114 2101 inconstanti
1137 2065 1250 2100 animo
1273 2065 1418 2100 insidias
1440 2064 1643 2112 imperatori
1663 2071 1759 2102 stru-

312 2111 384 2153 xit3
408 2111 534 2156 quibus
553 2112 779 2158 deprehensis
800 2114 886 2147 urbe
907 2118 962 2147 est
981 2124 1055 2147 cum
1077 2123 1186 2146 uxore
1208 2112 1352 2146 eiectus.

405 2178 458 2213 Ab
481 2179 621 2218 Edessa
641 2179 818 2214 Maniaces
849 2179 1050 2226 imperatori
1085 2191 1147 2226 pro
1177 2191 1289 2214 annuo
1318 2178 1450 2214 tributo
1473 2179 1569 2215 misit
1589 2178 1762 2226 quinqua-

314 2223 412 2268 ginta
441 2224 562 2259 libras.
609 2231 645 2260 et
676 2225 909 2260 Pinzarachus
939 2225 1097 2271 Tripolis
1126 2237 1278 2270 ameras,
1309 2224 1558 2270 Aegyptiorum
1590 2225 1659 2260 vim
1691 2236 1762 2260 non

314 2269 508 2314 perferens,
535 2271 659 2316 Cpolin
683 2271 850 2316 profugit.
897 2282 996 2316 quem
1020 2271 1208 2316 imperator
1231 2282 1305 2305 cum
1329 2271 1474 2306 maximo
1497 2271 1672 2316 exercitu,
1698 2271 1762 2306 ad-

315 2314 390 2349 dito
413 2315 608 2351 sodalitatis
632 2318 719 2351 duce
741 2316 967 2360 Themisto,
997 2317 1035 2351 in
1058 2317 1196 2361 Syriam
1221 2317 1326 2351 misit.
1374 2316 1489 2351 emisit
1511 2317 1613 2352 etiam
1634 2317 1762 2362 Abydo

317 2371 393 2394 cum
418 2360 528 2396 classe
552 2362 865 2408 protospatharium
887 2363 1061 2397 Tecneam
1085 2363 1120 2397 in
1144 2365 1350 2408 Aegyptum,
1373 2362 1447 2396 Nili
1471 2362 1560 2396 ostia
1583 2362 1764 2408 ipsamque

317 2405 566 2442 Alexandream
599 2420 664 2453 per
695 2409 908 2442 occasionem
936 2408 1105 2443 infestare
1127 2408 1266 2442 iussum.
1313 2407 1372 2452 qui
1396 2419 1469 2441 cum
1492 2407 1662 2442 tenuisset
1682 2419 1764 2442 cur-

318 2462 393 2485 sum
415 2459 450 2486 et
472 2453 515 2487 ad
537 2453 646 2499 ipsam
671 2454 919 2488 Alexandream
941 2454 1075 2488 delatus
1099 2458 1212 2496 esset,
1246 2453 1402 2500 plurimis
1438 2453 1585 2487 hostium
1617 2453 1764 2488 navibus

316 2498 516 2542 praedaque
551 2500 697 2534 maxima
729 2501 859 2545 potitus
893 2499 1026 2534 domum
1050 2499 1229 2534 incolumis
1250 2500 1368 2534 rediit.
1415 2498 1588 2533 castellum
1613 2509 1763 2544 quoque,

320 2542 377 2575 cui
400 2555 522 2579 nomen
540 2545 697 2589 Peterin,
720 2545 890 2589 Babyloni
914 2545 1115 2591 proximum,
1139 2545 1268 2579 Alimus
1293 2546 1486 2578 Saracenus
1510 2544 1543 2578 ei
1567 2544 1764 2590 praefectus

320 2586 475 2623 Romano
498 2590 701 2635 imperatori
723 2592 838 2634 dedit,
864 2591 1039 2636 filiumque
1061 2602 1159 2626 suum
1179 2592 1223 2625 ad
1246 2602 1322 2625 eum
1345 2589 1448 2634 misit,
1470 2601 1614 2636 sperans
1637 2601 1676 2624 se
1725 2601 1766 2623 a-

320 2631 454 2668 triciam
484 2635 684 2680 dignitatem
713 2636 849 2682 aliaque
874 2637 1028 2682 praemia
1053 2641 1318 2682 reportaturum.
1365 2647 1406 2669 ac
1430 2635 1604 2670 castellum
1627 2634 1687 2681 qui
1712 2646 1765 2670 em

321 2676 405 2712 illud
434 2680 471 2713 in
502 2692 598 2715 suam
628 2687 835 2728 potestatem
865 2683 1000 2728 accepit
1031 2683 1199 2728 patricius
1220 2681 1386 2717 Nicolaus
1409 2681 1603 2726 Bulgarus,
1633 2691 1764 2725 cogno-

322 2728 436 2776 mento
465 2725 681 2770 Chryselius.
728 2729 790 2763 sed
821 2728 925 2763 Alimi
954 2727 1046 2762 filius
1080 2739 1154 2762 cum
1187 2727 1342 2762 venisset
1371 2726 1577 2770 Byzantium
1606 2725 1768 2770 nullaque

322 2780 397 2803 eius
431 2770 549 2805 habita
583 2778 676 2808 esset
709 2775 822 2818 ratio,
856 2774 1065 2821 imperatore
1096 2779 1178 2808 tunc
1199 2772 1434 2807 invaletudine
1455 2773 1620 2816 detento,
1655 2770 1767 2806 iratus

322 2814 456 2852 domum
482 2817 604 2862 rediit,
638 2819 799 2867 patrique
824 2826 862 2855 ut
884 2831 981 2856 suum
1005 2818 1180 2855 castellum
1202 2829 1408 2866 recuperare
1433 2817 1601 2854 niteretur
1622 2826 1767 2864 persua-
