<?xml version="1.0" encoding="UTF-8"?>
<!DOCTYPE html PUBLIC "-//W3C//DTD XHTML 1.0 Transitional//EN"
    "http://www.w3.org/TR/xhtml1/DTD/xhtml1-transitional.dtd">
<html xmlns="http://www.w3.org/1999/xhtml" xml:lang="en" lang="en">
 <head>
  <title>
</title>
<meta http-equiv="Content-Type" content="text/html;charset=utf-8" />
  <meta name='ocr-system' content='tesseract 3.04.00' />
  <meta name='ocr-capabilities' content='ocr_page ocr_carea ocr_par ocr_line ocrx_word'/>
</head>
<body>
  <div class='ocr_page' id='page_1' title='image "./corpusscriptorum14niebuoft_0784.png"; bbox 0 0 1916 3210; ppageno 0'>
   <div class='ocr_carea' id='block_1_1' title="bbox 300 182 1340 233">
    <p class='ocr_par' dir='ltr' id='par_1_1' title="bbox 300 182 1340 233">
     <span class='ocr_line' id='line_1_1' title="bbox 300 182 1340 233; baseline 0.002 -8"><span class='ocrx_word' id='word_1_1' title='bbox 300 187 335 232; x_wconf 90' lang='lat'><strong>.7</strong></span> <span class='ocrx_word' id='word_1_2' title='bbox 339 185 402 233; x_wconf 83' lang='lat'><strong>74</strong></span> <span class='ocrx_word' id='word_1_3' title='bbox 728 182 1022 230; x_wconf 79' lang='lat' dir='ltr'><strong>XYLANDRI</strong></span> <span class='ocrx_word' id='word_1_4' title='bbox 1055 183 1127 225; x_wconf 87' lang='lat' dir='ltr'><strong>ET</strong></span> <span class='ocrx_word' id='word_1_5' title='bbox 1163 182 1340 227; x_wconf 84' lang='lat' dir='ltr'>GOARI</span> 
     </span>
    </p>
   </div>
   <div class='ocr_carea' id='block_1_2' title="bbox 304 293 1759 461">
    <p class='ocr_par' dir='ltr' id='par_1_2' title="bbox 304 293 1759 461">
     <span class='ocr_line' id='line_1_2' title="bbox 304 293 1757 346; baseline -0.004 -9"><span class='ocrx_word' id='word_1_6' title='bbox 304 299 406 338; x_wconf 88' lang='lat' dir='ltr'><strong>tione</strong></span> <span class='ocrx_word' id='word_1_7' title='bbox 432 297 517 335; x_wconf 89' lang='lat' dir='ltr'><strong>vide</strong></span> <span class='ocrx_word' id='word_1_8' title='bbox 537 293 730 346; x_wconf 77' lang='lat' dir='ltr'><strong>Iosephum</strong></span> <span class='ocrx_word' id='word_1_9' title='bbox 757 294 823 331; x_wconf 86' lang='lat' dir='ltr'><strong>sub</strong></span> <span class='ocrx_word' id='word_1_10' title='bbox 851 293 984 331; x_wconf 83' lang='lat' dir='ltr'><strong>exitum</strong></span> <span class='ocrx_word' id='word_1_11' title='bbox 1009 294 1035 332; x_wconf 90' lang='lat' dir='ltr'><strong>l.</strong></span> <span class='ocrx_word' id='word_1_12' title='bbox 1059 295 1128 334; x_wconf 86' lang='lat'><strong>17:</strong></span> <span class='ocrx_word' id='word_1_13' title='bbox 1158 305 1243 330; x_wconf 90' lang='lat' dir='ltr'><strong>nam</strong></span> <span class='ocrx_word' id='word_1_14' title='bbox 1271 305 1367 344; x_wconf 85' lang='lat' dir='ltr'><strong>qnae</strong></span> <span class='ocrx_word' id='word_1_15' title='bbox 1386 293 1642 346; x_wconf 80' lang='lat' dir='ltr'><strong>Geographica</strong></span> <span class='ocrx_word' id='word_1_16' title='bbox 1660 298 1757 342; x_wconf 81' lang='lat' dir='ltr'><strong>sunt,</strong></span> 
     </span>
     <span class='ocr_line' id='line_1_3' title="bbox 306 348 1759 421; baseline -0.003 -29"><span class='ocrx_word' id='word_1_17' title='bbox 306 355 392 392; x_wconf 85' lang='lat' dir='ltr'><strong>alibi</strong></span> <span class='ocrx_word' id='word_1_18' title='bbox 413 363 645 403; x_wconf 79' lang='lat' dir='ltr'><strong>exponemus.</strong></span> <span class='ocrx_word' id='word_1_19' title='bbox 702 350 770 387; x_wconf 76' lang='lat' dir='ltr'><strong>sed</strong></span> <span class='ocrx_word' id='word_1_20' title='bbox 788 353 826 388; x_wconf 91' lang='lat' dir='ltr'><strong>et</strong></span> <span class='ocrx_word' id='word_1_21' title='bbox 844 361 1023 387; x_wconf 87' lang='lat' dir='ltr'><strong>annorum</strong></span> <span class='ocrx_word' id='word_1_22' title='bbox 1044 349 1092 386; x_wconf 89' lang='lat' dir='ltr'><strong>ab</strong></span> <span class='ocrx_word' id='word_1_23' title='bbox 1115 348 1258 387; x_wconf 88' lang='lat' dir='ltr'><strong>Adamo</strong></span> <span class='ocrx_word' id='word_1_24' title='bbox 1276 350 1326 388; x_wconf 88' lang='lat' dir='ltr'><strong>ad</strong></span> <span class='ocrx_word' id='word_1_25' title='bbox 1344 350 1529 388; x_wconf 79' lang='lat' dir='ltr'>Christum</span> <span class='ocrx_word' id='word_1_26' title='bbox 1547 351 1759 421; x_wconf 78' lang='lat' dir='ltr'><strong>supputatio</strong></span> 
     </span>
     <span class='ocr_line' id='line_1_4' title="bbox 308 400 1758 461; baseline 0.001 -14"><span class='ocrx_word' id='word_1_27' title='bbox 308 422 402 461; x_wconf 85' lang='lat' dir='ltr'><strong>quae</strong></span> <span class='ocrx_word' id='word_1_28' title='bbox 422 409 586 458; x_wconf 87' lang='lat' dir='ltr'><strong>sequitur</strong></span> <span class='ocrx_word' id='word_1_29' title='bbox 607 419 642 456; x_wconf 90' lang='lat' dir='ltr'><strong>p.</strong></span> <span class='ocrx_word' id='word_1_30' title='bbox 660 406 744 446; x_wconf 82' lang='lat'><strong>333</strong></span> <span class='ocrx_word' id='word_1_31' title='bbox 758 418 792 444; x_wconf 77' lang='lat' dir='ltr'><strong>V.</strong></span> <span class='ocrx_word' id='word_1_32' title='bbox 810 400 865 447; x_wconf 82' lang='grc'><strong>20</strong></span> <span class='ocrx_word' id='word_1_33' title='bbox 889 405 1064 444; x_wconf 85' lang='lat' dir='ltr'><strong>mendosa</strong></span> <span class='ocrx_word' id='word_1_34' title='bbox 1083 408 1151 452; x_wconf 85' lang='lat' dir='ltr'><strong>est,</strong></span> <span class='ocrx_word' id='word_1_35' title='bbox 1180 408 1218 443; x_wconf 86' lang='lat' dir='ltr'><strong>et</strong></span> <span class='ocrx_word' id='word_1_36' title='bbox 1240 406 1308 444; x_wconf 89' lang='lat' dir='ltr'><strong>sibi</strong></span> <span class='ocrx_word' id='word_1_37' title='bbox 1326 418 1399 444; x_wconf 92' lang='lat' dir='ltr'><strong>nou</strong></span> <span class='ocrx_word' id='word_1_38' title='bbox 1422 407 1604 456; x_wconf 83' lang='lat' dir='ltr'><strong>congruit,</strong></span> <span class='ocrx_word' id='word_1_39' title='bbox 1629 408 1661 446; x_wconf 76' lang='grc' dir='ltr'><strong>εἰ</strong></span> <span class='ocrx_word' id='word_1_40' title='bbox 1671 402 1758 448; x_wconf 65' lang='lat' dir='ltr'><strong>duno*</strong></span> 
     </span>
    </p>
   </div>
   <div class='ocr_carea' id='block_1_3' title="bbox 309 456 1763 569">
    <p class='ocr_par' dir='ltr' id='par_1_3' title="bbox 309 456 1763 569">
     <span class='ocr_line' id='line_1_5' title="bbox 309 456 1763 540; baseline -0.001 -36"><span class='ocrx_word' id='word_1_41' title='bbox 309 467 382 504; x_wconf 81' lang='grc' dir='ltr'><strong>τοῦ</strong></span> <span class='ocrx_word' id='word_1_42' title='bbox 404 460 467 515; x_wconf 85' lang='grc' dir='ltr'><strong>μα’</strong></span> <span class='ocrx_word' id='word_1_43' title='bbox 488 462 600 509; x_wconf 79' lang='grc' dir='ltr'><em>ἔτους</em></span> <span class='ocrx_word' id='word_1_44' title='bbox 618 456 753 526; x_wconf 76' lang='grc' dir='ltr'><strong><em>Κυρου</em></strong></span> <span class='ocrx_word' id='word_1_45' title='bbox 775 461 890 510; x_wconf 84' lang='lat' dir='ltr'><strong>legas.</strong></span> <span class='ocrx_word' id='word_1_46' title='bbox 949 465 988 499; x_wconf 91' lang='lat' dir='ltr'><strong>et</strong></span> <span class='ocrx_word' id='word_1_47' title='bbox 1006 461 1153 510; x_wconf 85' lang='lat' dir='ltr'><strong>quidem</strong></span> <span class='ocrx_word' id='word_1_48' title='bbox 1168 465 1226 500; x_wconf 91' lang='lat' dir='ltr'><strong>tot</strong></span> <span class='ocrx_word' id='word_1_49' title='bbox 1242 474 1360 501; x_wconf 88' lang='lat' dir='ltr'><strong>annos</strong></span> <span class='ocrx_word' id='word_1_50' title='bbox 1380 462 1499 512; x_wconf 77' lang='lat' dir='ltr'><strong>Cyrus</strong></span> <span class='ocrx_word' id='word_1_51' title='bbox 1517 471 1694 540; x_wconf 69' lang='lat' dir='ltr'><strong>regnum</strong></span> <span class='ocrx_word' id='word_1_52' title='bbox 1684 475 1763 503; x_wconf 81' lang='lat' dir='ltr'><strong>non</strong></span> 
     </span>
     <span class='ocr_line' id='line_1_6' title="bbox 309 512 1202 569; baseline -0.007 -9"><span class='ocrx_word' id='word_1_53' title='bbox 309 522 446 560; x_wconf 88' lang='lat' dir='ltr'><strong>tenuit:</strong></span> <span class='ocrx_word' id='word_1_54' title='bbox 475 531 566 568; x_wconf 85' lang='lat' dir='ltr'><strong>ergo</strong></span> <span class='ocrx_word' id='word_1_55' title='bbox 582 529 649 569; x_wconf 89' lang='lat' dir='ltr'><strong>pro</strong></span> <span class='ocrx_word' id='word_1_56' title='bbox 667 513 730 569; x_wconf 86' lang='grc' dir='ltr'><strong>μα’</strong></span> <span class='ocrx_word' id='word_1_57' title='bbox 749 529 967 569; x_wconf 76' lang='lat' dir='ltr'><strong>reponemus</strong></span> <span class='ocrx_word' id='word_1_58' title='bbox 987 512 1035 555; x_wconf 84' lang='grc' dir='ltr'><strong>α’.</strong></span> <span class='ocrx_word' id='word_1_59' title='bbox 1092 518 1202 555; x_wconf 72' lang='lat' dir='ltr'><strong>XYr..</strong></span> 
     </span>
    </p>
   </div>
   <div class='ocr_carea' id='block_1_4' title="bbox 310 541 1792 1851">
    <p class='ocr_par' dir='ltr' id='par_1_4' title="bbox 421 541 1764 626">
     <span class='ocr_line' id='line_1_7' title="bbox 421 541 1764 626; baseline 0 -11"><span class='ocrx_word' id='word_1_60' title='bbox 421 588 459 626; x_wconf 90' lang='lat' dir='ltr'><strong>p.</strong></span> <span class='ocrx_word' id='word_1_61' title='bbox 492 575 570 615; x_wconf 83' lang='lat'><strong>343</strong></span> <span class='ocrx_word' id='word_1_62' title='bbox 600 586 634 612; x_wconf 87' lang='lat' dir='ltr'><strong>v.</strong></span> <span class='ocrx_word' id='word_1_63' title='bbox 660 576 726 615; x_wconf 79' lang='lat'><strong>22.</strong></span> <span class='ocrx_word' id='word_1_64' title='bbox 785 586 882 610; x_wconf 85' lang='lat' dir='ltr'><strong>nam</strong></span> <span class='ocrx_word' id='word_1_65' title='bbox 908 573 1027 610; x_wconf 73' lang='lat' dir='ltr'><strong>octies</strong></span> <span class='ocrx_word' id='word_1_66' title='bbox 1053 573 1260 620; x_wconf 78' lang='lat' dir='ltr'><strong><em>undecim]</em></strong></span> <span class='ocrx_word' id='word_1_67' title='bbox 1289 573 1391 614; x_wconf 84' lang='lat' dir='ltr'><strong>locus</strong></span> <span class='ocrx_word' id='word_1_68' title='bbox 1419 573 1477 613; x_wconf 72' lang='lat' dir='ltr'><strong>hit:</strong></span> <span class='ocrx_word' id='word_1_69' title='bbox 1506 568 1663 614; x_wconf 70' lang='lat' dir='ltr'><strong>lubricus</strong></span> <span class='ocrx_word' id='word_1_70' title='bbox 1690 541 1764 617; x_wconf 70' lang='lat' dir='ltr'><strong>est.</strong></span> 
     </span>
    </p>

    <p class='ocr_par' dir='ltr' id='par_1_5' title="bbox 310 630 1792 1469">
     <span class='ocr_line' id='line_1_8' title="bbox 310 630 1792 683; baseline 0 -13"><span class='ocrx_word' id='word_1_71' title='bbox 310 642 519 683; x_wconf 83' lang='lat' dir='ltr'><strong>quanquam</strong></span> <span class='ocrx_word' id='word_1_72' title='bbox 550 630 613 667; x_wconf 78' lang='lat' dir='ltr'><strong>tle</strong></span> <span class='ocrx_word' id='word_1_73' title='bbox 608 643 663 668; x_wconf 88' lang='lat' dir='ltr'><strong>re</strong></span> <span class='ocrx_word' id='word_1_74' title='bbox 689 633 768 668; x_wconf 88' lang='lat' dir='ltr'><strong>tota</strong></span> <span class='ocrx_word' id='word_1_75' title='bbox 794 630 905 679; x_wconf 86' lang='lat' dir='ltr'><strong>longe</strong></span> <span class='ocrx_word' id='word_1_76' title='bbox 933 630 1066 668; x_wconf 85' lang='lat' dir='ltr'><strong>rectius</strong></span> <span class='ocrx_word' id='word_1_77' title='bbox 1098 630 1184 668; x_wconf 87' lang='lat' dir='ltr'><strong>alibi</strong></span> <span class='ocrx_word' id='word_1_78' title='bbox 1211 631 1431 682; x_wconf 87' lang='lat' dir='ltr'><strong>disputetur.</strong></span> <span class='ocrx_word' id='word_1_79' title='bbox 1487 634 1599 670; x_wconf 82' lang='lat' dir='ltr'><strong>notae</strong></span> <span class='ocrx_word' id='word_1_80' title='bbox 1630 631 1764 682; x_wconf 83' lang='lat' dir='ltr'><strong>quibus</strong></span> <span class='ocrx_word' id='word_1_81' title='bbox 1789 659 1792 663; x_wconf 32' lang='grc' dir='ltr'><em>ι</em></span> 
     </span>
     <span class='ocr_line' id='line_1_9' title="bbox 313 686 1766 738; baseline -0.001 -12"><span class='ocrx_word' id='word_1_82' title='bbox 313 687 446 726; x_wconf 86' lang='lat' dir='ltr'><strong>Graeci</strong></span> <span class='ocrx_word' id='word_1_83' title='bbox 475 689 625 723; x_wconf 89' lang='lat' dir='ltr'><strong>utuntur</strong></span> <span class='ocrx_word' id='word_1_84' title='bbox 652 686 690 724; x_wconf 91' lang='lat' dir='ltr'><strong>in</strong></span> <span class='ocrx_word' id='word_1_85' title='bbox 713 687 871 725; x_wconf 87' lang='lat' dir='ltr'><strong>numeris</strong></span> <span class='ocrx_word' id='word_1_86' title='bbox 896 686 1086 735; x_wconf 81' lang='lat' dir='ltr'><strong>signandis</strong></span> <span class='ocrx_word' id='word_1_87' title='bbox 1114 687 1245 738; x_wconf 85' lang='lat' dir='ltr'><strong>partim</strong></span> <span class='ocrx_word' id='word_1_88' title='bbox 1265 687 1441 726; x_wconf 84' lang='lat' dir='ltr'><strong>obscurae</strong></span> <span class='ocrx_word' id='word_1_89' title='bbox 1461 686 1644 738; x_wconf 78' lang='lat' dir='ltr'><strong>plerisque</strong></span> <span class='ocrx_word' id='word_1_90' title='bbox 1662 691 1766 736; x_wconf 76' lang='lat' dir='ltr'><strong>sunt,</strong></span> 
     </span>
     <span class='ocr_line' id='line_1_10' title="bbox 311 738 1764 797; baseline 0.001 -15"><span class='ocrx_word' id='word_1_91' title='bbox 311 744 444 797; x_wconf 85' lang='lat' dir='ltr'><strong>partim</strong></span> <span class='ocrx_word' id='word_1_92' title='bbox 474 743 680 793; x_wconf 88' lang='lat' dir='ltr'><strong>ineptorum</strong></span> <span class='ocrx_word' id='word_1_93' title='bbox 706 741 878 781; x_wconf 89' lang='lat' dir='ltr'><strong>librorum</strong></span> <span class='ocrx_word' id='word_1_94' title='bbox 907 742 1158 794; x_wconf 81' lang='lat' dir='ltr'><strong>depravationi</strong></span> <span class='ocrx_word' id='word_1_95' title='bbox 1186 744 1292 781; x_wconf 82' lang='lat' dir='ltr'><strong>nimis</strong></span> <span class='ocrx_word' id='word_1_96' title='bbox 1317 755 1426 794; x_wconf 81' lang='lat' dir='ltr'><strong>quam</strong></span> <span class='ocrx_word' id='word_1_97' title='bbox 1443 743 1606 782; x_wconf 83' lang='lat' dir='ltr'><strong>obnoxii.</strong></span> <span class='ocrx_word' id='word_1_98' title='bbox 1661 738 1764 784; x_wconf 60' lang='lat' dir='ltr'><strong>ua&#39;b</strong></span> 
     </span>
     <span class='ocr_line' id='line_1_11' title="bbox 312 798 1767 852; baseline -0.001 -13"><span class='ocrx_word' id='word_1_99' title='bbox 312 807 369 839; x_wconf 89' lang='lat' dir='ltr'><strong>est</strong></span> <span class='ocrx_word' id='word_1_100' title='bbox 390 798 518 849; x_wconf 86' lang='lat' dir='ltr'><strong>viginti</strong></span> <span class='ocrx_word' id='word_1_101' title='bbox 537 811 667 837; x_wconf 90' lang='lat' dir='ltr'><strong>novem</strong></span> <span class='ocrx_word' id='word_1_102' title='bbox 685 811 765 836; x_wconf 88' lang='lat' dir='ltr'><strong>cum</strong></span> <span class='ocrx_word' id='word_1_103' title='bbox 785 798 954 846; x_wconf 89' lang='lat' dir='ltr'><strong>dimidio,</strong></span> <span class='ocrx_word' id='word_1_104' title='bbox 984 809 1108 836; x_wconf 71' lang='lat' dir='ltr'><strong>xxm.</strong></span> <span class='ocrx_word' id='word_1_105' title='bbox 1130 812 1160 837; x_wconf 86' lang='lat' dir='ltr'><strong>s.</strong></span> <span class='ocrx_word' id='word_1_106' title='bbox 1190 803 1227 838; x_wconf 91' lang='lat' dir='ltr'><strong>et</strong></span> <span class='ocrx_word' id='word_1_107' title='bbox 1246 802 1284 838; x_wconf 84' lang='lat' dir='ltr'><em>A</em></span> <span class='ocrx_word' id='word_1_108' title='bbox 1303 811 1454 838; x_wconf 86' lang='lat' dir='ltr'><strong>necesse</strong></span> <span class='ocrx_word' id='word_1_109' title='bbox 1476 803 1534 838; x_wconf 86' lang='lat' dir='ltr'><strong>est</strong></span> <span class='ocrx_word' id='word_1_110' title='bbox 1552 811 1599 838; x_wconf 87' lang='lat' dir='ltr'><strong>ex</strong></span> <span class='ocrx_word' id='word_1_111' title='bbox 1621 812 1662 839; x_wconf 84' lang='lat' dir='ltr'><strong>re</strong></span> <span class='ocrx_word' id='word_1_112' title='bbox 1685 800 1767 852; x_wconf 74' lang='lat' dir='ltr'><strong>ipsa</strong></span> 
     </span>
     <span class='ocr_line' id='line_1_12' title="bbox 313 854 1768 911; baseline 0.001 -18"><span class='ocrx_word' id='word_1_113' title='bbox 313 861 355 895; x_wconf 90' lang='lat' dir='ltr'><strong>ut</strong></span> <span class='ocrx_word' id='word_1_114' title='bbox 374 855 614 905; x_wconf 85' lang='lat' dir='ltr'><strong>quadrantem</strong></span> <span class='ocrx_word' id='word_1_115' title='bbox 633 855 814 905; x_wconf 85' lang='lat' dir='ltr'><strong>designet.</strong></span> <span class='ocrx_word' id='word_1_116' title='bbox 872 854 939 892; x_wconf 87' lang='lat' dir='ltr'><strong>sed</strong></span> <span class='ocrx_word' id='word_1_117' title='bbox 958 856 1123 905; x_wconf 77' lang='lat' dir='ltr'><strong>profecto</strong></span> <span class='ocrx_word' id='word_1_118' title='bbox 1151 857 1176 896; x_wconf 90' lang='lat'>8</span> <span class='ocrx_word' id='word_1_119' title='bbox 1196 855 1467 907; x_wconf 83' lang='lat' dir='ltr'><strong>multiplicata’</strong></span> <span class='ocrx_word' id='word_1_120' title='bbox 1457 868 1494 893; x_wconf 86' lang='lat' dir='ltr'><strong>m</strong></span> <span class='ocrx_word' id='word_1_121' title='bbox 1516 855 1566 895; x_wconf 84' lang='lat'><strong>11</strong></span> <span class='ocrx_word' id='word_1_122' title='bbox 1579 856 1672 911; x_wconf 52' lang='lat'><strong>{90</strong></span> <span class='ocrx_word' id='word_1_123' title='bbox 1689 857 1768 894; x_wconf 77' lang='lat' dir='ltr'><strong>dies</strong></span> 
     </span>
     <span class='ocr_line' id='line_1_13' title="bbox 314 910 1768 969; baseline 0 -18"><span class='ocrx_word' id='word_1_124' title='bbox 314 912 488 958; x_wconf 84' lang='lat' dir='ltr'><strong>efficiunt,</strong></span> <span class='ocrx_word' id='word_1_125' title='bbox 514 912 614 960; x_wconf 84' lang='lat' dir='ltr'><strong>quod</strong></span> <span class='ocrx_word' id='word_1_126' title='bbox 637 915 696 948; x_wconf 89' lang='lat' dir='ltr'><strong>est</strong></span> <span class='ocrx_word' id='word_1_127' title='bbox 722 910 818 949; x_wconf 88' lang='lat' dir='ltr'><strong>ultra</strong></span> <span class='ocrx_word' id='word_1_128' title='bbox 835 914 909 951; x_wconf 83' lang='lat' dir='ltr'><strong>tres</strong></span> <span class='ocrx_word' id='word_1_129' title='bbox 929 910 1072 949; x_wconf 86' lang='lat' dir='ltr'><strong>lunares</strong></span> <span class='ocrx_word' id='word_1_130' title='bbox 1094 924 1237 951; x_wconf 87' lang='lat' dir='ltr'><strong>menses</strong></span> <span class='ocrx_word' id='word_1_131' title='bbox 1263 913 1383 951; x_wconf 85' lang='lat' dir='ltr'><strong>adhuc</strong></span> <span class='ocrx_word' id='word_1_132' title='bbox 1409 913 1548 951; x_wconf 87' lang='lat' dir='ltr'><strong>dierum</strong></span> <span class='ocrx_word' id='word_1_133' title='bbox 1577 911 1657 969; x_wconf 58' lang='lat'>111}</span> <span class='ocrx_word' id='word_1_134' title='bbox 1676 916 1768 951; x_wconf 85' lang='lat' dir='ltr'><strong>tem-</strong></span> 
     </span>
     <span class='ocr_line' id='line_1_14' title="bbox 313 966 1769 1021; baseline 0 -15"><span class='ocrx_word' id='word_1_135' title='bbox 313 981 397 1019; x_wconf 88' lang='lat' dir='ltr'><strong>pus.</strong></span> <span class='ocrx_word' id='word_1_136' title='bbox 435 967 573 1017; x_wconf 79' lang='lat' dir='ltr'><strong>alioqui</strong></span> <span class='ocrx_word' id='word_1_137' title='bbox 588 971 734 1005; x_wconf 84' lang='lat' dir='ltr'><strong>constat</strong></span> <span class='ocrx_word' id='word_1_138' title='bbox 749 979 911 1005; x_wconf 88' lang='lat' dir='ltr'><strong>mensem</strong></span> <span class='ocrx_word' id='word_1_139' title='bbox 927 966 1091 1005; x_wconf 90' lang='lat' dir='ltr'><strong>lunarem</strong></span> <span class='ocrx_word' id='word_1_140' title='bbox 1108 969 1213 1021; x_wconf 48' lang='lat'><strong>293,</strong></span> <span class='ocrx_word' id='word_1_141' title='bbox 1236 981 1370 1007; x_wconf 88' lang='lat' dir='ltr'><strong>anuum</strong></span> <span class='ocrx_word' id='word_1_142' title='bbox 1390 968 1553 1007; x_wconf 85' lang='lat' dir='ltr'><strong>lunarem</strong></span> <span class='ocrx_word' id='word_1_143' title='bbox 1574 969 1679 1016; x_wconf 85' lang='lat'>354,</span> <span class='ocrx_word' id='word_1_144' title='bbox 1708 981 1769 1007; x_wconf 75' lang='lat' dir='ltr'><strong>ao-</strong></span> 
     </span>
     <span class='ocr_line' id='line_1_15' title="bbox 314 1023 1770 1077; baseline 0.001 -15"><span class='ocrx_word' id='word_1_145' title='bbox 314 1025 428 1062; x_wconf 83' lang='lat' dir='ltr'><strong>larem</strong></span> <span class='ocrx_word' id='word_1_146' title='bbox 449 1035 583 1062; x_wconf 89' lang='lat' dir='ltr'><strong>annum</strong></span> <span class='ocrx_word' id='word_1_147' title='bbox 604 1024 715 1076; x_wconf 58' lang='lat'><strong>3653,-</strong></span> <span class='ocrx_word' id='word_1_148' title='bbox 733 1024 873 1062; x_wconf 87' lang='lat' dir='ltr'><strong>dierum</strong></span> <span class='ocrx_word' id='word_1_149' title='bbox 900 1023 1014 1063; x_wconf 85' lang='lat' dir='ltr'><strong>fuisse</strong></span> <span class='ocrx_word' id='word_1_150' title='bbox 1040 1023 1104 1062; x_wconf 89' lang='lat' dir='ltr'><strong>illo</strong></span> <span class='ocrx_word' id='word_1_151' title='bbox 1124 1028 1290 1077; x_wconf 88' lang='lat' dir='ltr'><strong>tempore</strong></span> <span class='ocrx_word' id='word_1_152' title='bbox 1308 1025 1356 1063; x_wconf 90' lang='lat' dir='ltr'><strong>ad</strong></span> <span class='ocrx_word' id='word_1_153' title='bbox 1380 1026 1482 1075; x_wconf 90' lang='lat' dir='ltr'><strong>quod</strong></span> <span class='ocrx_word' id='word_1_154' title='bbox 1500 1024 1590 1064; x_wconf 82' lang='lat' dir='ltr'><strong>haec</strong></span> <span class='ocrx_word' id='word_1_155' title='bbox 1604 1025 1770 1064; x_wconf 82' lang='lat' dir='ltr'><strong>referun-</strong></span> 
     </span>
     <span class='ocr_line' id='line_1_16' title="bbox 315 1080 1772 1132; baseline 0.001 -14"><span class='ocrx_word' id='word_1_156' title='bbox 315 1084 400 1118; x_wconf 88' lang='lat' dir='ltr'><strong>tur·</strong></span> <span class='ocrx_word' id='word_1_157' title='bbox 390 1108 402 1127; x_wconf 92' lang='lat'>‚</span> <span class='ocrx_word' id='word_1_158' title='bbox 438 1083 482 1118; x_wconf 89' lang='lat' dir='ltr'><strong>ut</strong></span> <span class='ocrx_word' id='word_1_159' title='bbox 500 1080 664 1131; x_wconf 87' lang='lat' dir='ltr'><strong>praecisa</strong></span> <span class='ocrx_word' id='word_1_160' title='bbox 691 1080 783 1118; x_wconf 87' lang='lat' dir='ltr'><strong>ratio</strong></span> <span class='ocrx_word' id='word_1_161' title='bbox 802 1080 861 1117; x_wconf 89' lang='lat' dir='ltr'><strong>hic</strong></span> <span class='ocrx_word' id='word_1_162' title='bbox 878 1080 970 1118; x_wconf 84' lang='lat' dir='ltr'><strong>inita</strong></span> <span class='ocrx_word' id='word_1_163' title='bbox 989 1090 1221 1131; x_wconf 86' lang='lat' dir='ltr'><strong>nequaqnam</strong></span> <span class='ocrx_word' id='word_1_164' title='bbox 1242 1081 1356 1120; x_wconf 87' lang='lat' dir='ltr'><strong>videri</strong></span> <span class='ocrx_word' id='word_1_165' title='bbox 1378 1082 1506 1132; x_wconf 78' lang='lat' dir='ltr'><strong>possit.</strong></span> <span class='ocrx_word' id='word_1_166' title='bbox 1561 1080 1601 1120; x_wconf 82' lang='lat' dir='ltr'><strong>id</strong></span> <span class='ocrx_word' id='word_1_167' title='bbox 1617 1093 1772 1121; x_wconf 85' lang='lat' dir='ltr'><strong>monen-</strong></span> 
     </span>
     <span class='ocr_line' id='line_1_17' title="bbox 316 1136 1773 1190; baseline 0.003 -16"><span class='ocrx_word' id='word_1_168' title='bbox 316 1137 404 1174; x_wconf 88' lang='lat' dir='ltr'><strong>dum</strong></span> <span class='ocrx_word' id='word_1_169' title='bbox 432 1136 541 1184; x_wconf 82' lang='lat' dir='ltr'><strong>duxi,</strong></span> <span class='ocrx_word' id='word_1_170' title='bbox 588 1149 636 1174; x_wconf 88' lang='lat' dir='ltr'><strong>ne</strong></span> <span class='ocrx_word' id='word_1_171' title='bbox 663 1137 743 1185; x_wconf 89' lang='lat' dir='ltr'><strong>quis</strong></span> <span class='ocrx_word' id='word_1_172' title='bbox 772 1148 830 1175; x_wconf 86' lang='lat' dir='ltr'><strong>me</strong></span> <span class='ocrx_word' id='word_1_173' title='bbox 862 1136 1002 1186; x_wconf 86' lang='lat' dir='ltr'><strong>aliquid</strong></span> <span class='ocrx_word' id='word_1_174' title='bbox 1031 1136 1258 1178; x_wconf 88' lang='lat' dir='ltr'><strong>dissimulare</strong></span> <span class='ocrx_word' id='word_1_175' title='bbox 1283 1141 1448 1190; x_wconf 87' lang='lat' dir='ltr'><strong>putaret:</strong></span> <span class='ocrx_word' id='word_1_176' title='bbox 1477 1149 1562 1177; x_wconf 83' lang='lat' dir='ltr'><strong>nam</strong></span> <span class='ocrx_word' id='word_1_177' title='bbox 1591 1141 1629 1177; x_wconf 86' lang='lat' dir='ltr'><strong>et</strong></span> <span class='ocrx_word' id='word_1_178' title='bbox 1650 1141 1773 1178; x_wconf 72' lang='lat' dir='ltr'><strong>cetera</strong></span> 
     </span>
     <span class='ocr_line' id='line_1_18' title="bbox 316 1191 1189 1242; baseline 0 -11"><span class='ocrx_word' id='word_1_179' title='bbox 316 1193 420 1231; x_wconf 92' lang='lat' dir='ltr'><strong>huius</strong></span> <span class='ocrx_word' id='word_1_180' title='bbox 440 1191 510 1230; x_wconf 90' lang='lat' dir='ltr'><strong>loci</strong></span> <span class='ocrx_word' id='word_1_181' title='bbox 531 1205 603 1230; x_wconf 89' lang='lat' dir='ltr'><strong>non</strong></span> <span class='ocrx_word' id='word_1_182' title='bbox 623 1196 710 1230; x_wconf 87' lang='lat' dir='ltr'><strong>sunt</strong></span> <span class='ocrx_word' id='word_1_183' title='bbox 728 1193 850 1230; x_wconf 85' lang='lat' dir='ltr'><strong>omnia</strong></span> <span class='ocrx_word' id='word_1_184' title='bbox 868 1193 1027 1242; x_wconf 86' lang='lat' dir='ltr'><strong>integra.</strong></span> <span class='ocrx_word' id='word_1_185' title='bbox 1083 1193 1189 1231; x_wconf 76' lang='lat' dir='ltr'><strong>XYL.</strong></span> 
     </span>
     <span class='ocr_line' id='line_1_19' title="bbox 325 1246 1774 1299; baseline 0.001 -13"><span class='ocrx_word' id='word_1_186' title='bbox 325 1290 329 1294; x_wconf 15' lang='grc' dir='ltr'><em>ᾗ</em></span> <span class='ocrx_word' id='word_1_187' title='bbox 428 1261 469 1299; x_wconf 90' lang='lat' dir='ltr'><strong>p.</strong></span> <span class='ocrx_word' id='word_1_188' title='bbox 497 1246 580 1290; x_wconf 81' lang='lat'>344</span> <span class='ocrx_word' id='word_1_189' title='bbox 609 1261 642 1288; x_wconf 79' lang='lat' dir='ltr'><strong>v,</strong></span> <span class='ocrx_word' id='word_1_190' title='bbox 670 1251 709 1291; x_wconf 82' lang='grc'><strong>2.</strong></span> <span class='ocrx_word' id='word_1_191' title='bbox 766 1249 815 1287; x_wconf 91' lang='lat' dir='ltr'><strong>de</strong></span> <span class='ocrx_word' id='word_1_192' title='bbox 839 1248 1034 1298; x_wconf 78' lang='lat' dir='ltr'><strong>Thrasyllo</strong></span> <span class='ocrx_word' id='word_1_193' title='bbox 1059 1248 1212 1288; x_wconf 83' lang='lat' dir='ltr'><strong>Tacitus</strong></span> <span class='ocrx_word' id='word_1_194' title='bbox 1236 1247 1259 1287; x_wconf 86' lang='lat' dir='ltr'><strong>l.</strong></span> <span class='ocrx_word' id='word_1_195' title='bbox 1286 1248 1312 1291; x_wconf 89' lang='lat'><em>5</em></span> <span class='ocrx_word' id='word_1_196' title='bbox 1341 1253 1380 1288; x_wconf 91' lang='lat' dir='ltr'><strong>et</strong></span> <span class='ocrx_word' id='word_1_197' title='bbox 1401 1248 1474 1289; x_wconf 89' lang='lat' dir='ltr'><strong>Dio</strong></span> <span class='ocrx_word' id='word_1_198' title='bbox 1503 1252 1632 1289; x_wconf 80' lang='lat' dir='ltr'><strong>noster</strong></span> <span class='ocrx_word' id='word_1_199' title='bbox 1656 1250 1684 1292; x_wconf 91' lang='lat' dir='ltr'><strong>l.</strong></span> <span class='ocrx_word' id='word_1_200' title='bbox 1705 1248 1774 1292; x_wconf 84' lang='lat'><strong>65.</strong></span> 
     </span>
     <span class='ocr_line' id='line_1_20' title="bbox 316 1304 1775 1357; baseline 0 -12"><span class='ocrx_word' id='word_1_201' title='bbox 316 1306 577 1357; x_wconf 82' lang='grc' dir='ltr'><strong><em>κλιμακτῆρες</em></strong></span> <span class='ocrx_word' id='word_1_202' title='bbox 598 1304 660 1354; x_wconf 90' lang='lat' dir='ltr'><strong>qui</strong></span> <span class='ocrx_word' id='word_1_203' title='bbox 685 1305 761 1342; x_wconf 91' lang='lat' dir='ltr'><strong>sint</strong></span> <span class='ocrx_word' id='word_1_204' title='bbox 785 1308 850 1343; x_wconf 89' lang='lat' dir='ltr'><strong>aut</strong></span> <span class='ocrx_word' id='word_1_205' title='bbox 870 1305 932 1355; x_wconf 90' lang='lat' dir='ltr'><strong>qui</strong></span> <span class='ocrx_word' id='word_1_206' title='bbox 950 1305 1081 1343; x_wconf 84' lang='lat' dir='ltr'><strong>Latine</strong></span> <span class='ocrx_word' id='word_1_207' title='bbox 1097 1309 1294 1352; x_wconf 90' lang='lat' dir='ltr'><strong>vocentur,</strong></span> <span class='ocrx_word' id='word_1_208' title='bbox 1332 1305 1411 1343; x_wconf 86' lang='lat' dir='ltr'><strong>aliis</strong></span> <span class='ocrx_word' id='word_1_209' title='bbox 1434 1306 1775 1356; x_wconf 71' lang='lat' dir='ltr'><strong>explananti-mre-</strong></span> 
     </span>
     <span class='ocr_line' id='line_1_21' title="bbox 318 1360 1774 1413; baseline 0.001 -14"><span class='ocrx_word' id='word_1_210' title='bbox 318 1362 458 1411; x_wconf 86' lang='lat' dir='ltr'><strong>linquo.</strong></span> <span class='ocrx_word' id='word_1_211' title='bbox 515 1360 669 1398; x_wconf 88' lang='lat' dir='ltr'><strong>Plinium</strong></span> <span class='ocrx_word' id='word_1_212' title='bbox 694 1373 764 1411; x_wconf 86' lang='lat' dir='ltr'><strong>ego</strong></span> <span class='ocrx_word' id='word_1_213' title='bbox 786 1362 946 1399; x_wconf 85' lang='lat' dir='ltr'><strong>imitatus</strong></span> <span class='ocrx_word' id='word_1_214' title='bbox 970 1363 1107 1413; x_wconf 89' lang='lat' dir='ltr'><strong>(quem</strong></span> <span class='ocrx_word' id='word_1_215' title='bbox 1134 1362 1220 1401; x_wconf 86' lang='lat' dir='ltr'><strong>vide</strong></span> <span class='ocrx_word' id='word_1_216' title='bbox 1246 1362 1270 1402; x_wconf 88' lang='lat'><strong>1.</strong></span> <span class='ocrx_word' id='word_1_217' title='bbox 1291 1363 1318 1403; x_wconf 87' lang='lat'><strong>7</strong></span> <span class='ocrx_word' id='word_1_218' title='bbox 1346 1375 1377 1402; x_wconf 89' lang='lat' dir='ltr'><strong>c.</strong></span> <span class='ocrx_word' id='word_1_219' title='bbox 1402 1361 1486 1412; x_wconf 85' lang='lat'><strong>49)</strong></span> <span class='ocrx_word' id='word_1_220' title='bbox 1514 1366 1554 1402; x_wconf 90' lang='lat' dir='ltr'><strong>et</strong></span> <span class='ocrx_word' id='word_1_221' title='bbox 1572 1362 1774 1411; x_wconf 84' lang='lat' dir='ltr'><strong>historiam,</strong></span> 
     </span>
     <span class='ocr_line' id='line_1_22' title="bbox 317 1418 959 1469; baseline 0 -13"><span class='ocrx_word' id='word_1_222' title='bbox 317 1418 517 1469; x_wconf 83' lang='lat' dir='ltr'><strong>exprimere</strong></span> <span class='ocrx_word' id='word_1_223' title='bbox 536 1420 686 1455; x_wconf 86' lang='lat' dir='ltr'><strong>conatus</strong></span> <span class='ocrx_word' id='word_1_224' title='bbox 704 1429 795 1458; x_wconf 85' lang='lat' dir='ltr'><strong>sum.</strong></span> <span class='ocrx_word' id='word_1_225' title='bbox 852 1418 959 1456; x_wconf 78' lang='lat' dir='ltr'><strong>XYL.</strong></span> 
     </span>
    </p>

    <p class='ocr_par' dir='ltr' id='par_1_6' title="bbox 320 1470 1780 1849">
     <span class='ocr_line' id='line_1_23' title="bbox 431 1470 1776 1525; baseline 0.002 -15"><span class='ocrx_word' id='word_1_226' title='bbox 431 1487 467 1524; x_wconf 90' lang='lat' dir='ltr'><strong>p.</strong></span> <span class='ocrx_word' id='word_1_227' title='bbox 496 1472 578 1515; x_wconf 82' lang='lat'><strong>346</strong></span> <span class='ocrx_word' id='word_1_228' title='bbox 608 1485 642 1511; x_wconf 87' lang='lat' dir='ltr'><strong>v.</strong></span> <span class='ocrx_word' id='word_1_229' title='bbox 675 1475 738 1513; x_wconf 87' lang='lat'><strong>19.</strong></span> <span class='ocrx_word' id='word_1_230' title='bbox 795 1470 1145 1525; x_wconf 83' lang='grc' dir='ltr'><strong><em>στοιχειωματικός,</em></strong></span> <span class='ocrx_word' id='word_1_231' title='bbox 1174 1474 1236 1524; x_wconf 93' lang='lat' dir='ltr'><strong>qui</strong></span> <span class='ocrx_word' id='word_1_232' title='bbox 1259 1475 1358 1512; x_wconf 88' lang='lat' dir='ltr'><strong>notis</strong></span> <span class='ocrx_word' id='word_1_233' title='bbox 1380 1477 1419 1513; x_wconf 88' lang='lat' dir='ltr'><strong>et</strong></span> <span class='ocrx_word' id='word_1_234' title='bbox 1436 1471 1679 1525; x_wconf 85' lang='lat' dir='ltr'><strong>imagunculis</strong></span> <span class='ocrx_word' id='word_1_235' title='bbox 1695 1487 1776 1513; x_wconf 86' lang='lat' dir='ltr'><strong>ma-</strong></span> 
     </span>
     <span class='ocr_line' id='line_1_24' title="bbox 320 1529 1778 1582; baseline 0 -15"><span class='ocrx_word' id='word_1_236' title='bbox 320 1529 412 1580; x_wconf 87' lang='lat' dir='ltr'><strong>gicis</strong></span> <span class='ocrx_word' id='word_1_237' title='bbox 433 1529 584 1579; x_wconf 91' lang='lat' dir='ltr'><strong>aliisque</strong></span> <span class='ocrx_word' id='word_1_238' title='bbox 606 1530 812 1579; x_wconf 86' lang='lat' dir='ltr'><strong>praestigiis</strong></span> <span class='ocrx_word' id='word_1_239' title='bbox 830 1531 1047 1569; x_wconf 85' lang='lat' dir='ltr'><strong>miraculosa</strong></span> <span class='ocrx_word' id='word_1_240' title='bbox 1068 1530 1243 1570; x_wconf 84' lang='lat' dir='ltr'><strong>efficeret.</strong></span> <span class='ocrx_word' id='word_1_241' title='bbox 1299 1530 1481 1582; x_wconf 85' lang='lat' dir='ltr'><strong>Apollonii</strong></span> <span class='ocrx_word' id='word_1_242' title='bbox 1506 1544 1566 1570; x_wconf 87' lang='lat' dir='ltr'><strong>res</strong></span> <span class='ocrx_word' id='word_1_243' title='bbox 1591 1544 1637 1570; x_wconf 83' lang='lat' dir='ltr'><strong>ex</strong></span> <span class='ocrx_word' id='word_1_244' title='bbox 1654 1530 1778 1569; x_wconf 85' lang='lat' dir='ltr'><strong>Philo-</strong></span> 
     </span>
     <span class='ocr_line' id='line_1_25' title="bbox 324 1583 1777 1638; baseline 0.001 -16"><span class='ocrx_word' id='word_1_245' title='bbox 324 1590 442 1623; x_wconf 84' lang='lat' dir='ltr'><strong>strato</strong></span> <span class='ocrx_word' id='word_1_246' title='bbox 460 1589 572 1623; x_wconf 89' lang='lat' dir='ltr'><strong>notae</strong></span> <span class='ocrx_word' id='word_1_247' title='bbox 591 1590 684 1629; x_wconf 87' lang='lat' dir='ltr'><strong>sunt.</strong></span> <span class='ocrx_word' id='word_1_248' title='bbox 743 1587 837 1623; x_wconf 87' lang='lat' dir='ltr'><strong>infra</strong></span> <span class='ocrx_word' id='word_1_249' title='bbox 855 1587 903 1623; x_wconf 91' lang='lat' dir='ltr'><strong>de</strong></span> <span class='ocrx_word' id='word_1_250' title='bbox 921 1587 1041 1624; x_wconf 87' lang='lat' dir='ltr'><strong>Iannis</strong></span> <span class='ocrx_word' id='word_1_251' title='bbox 1057 1587 1292 1637; x_wconf 84' lang='lat' dir='ltr'><strong>patriarchae</strong></span> <span class='ocrx_word' id='word_1_252' title='bbox 1309 1583 1518 1638; x_wconf 74' lang='lat' dir='ltr'><strong>praestigiis</strong></span> <span class='ocrx_word' id='word_1_253' title='bbox 1540 1587 1578 1624; x_wconf 87' lang='lat' dir='ltr'><strong>in</strong></span> <span class='ocrx_word' id='word_1_254' title='bbox 1596 1585 1777 1626; x_wconf 81' lang='lat' dir='ltr'><strong>Michaelo</strong></span> 
     </span>
     <span class='ocr_line' id='line_1_26' title="bbox 321 1639 1780 1694; baseline 0.001 -14"><span class='ocrx_word' id='word_1_255' title='bbox 321 1640 518 1692; x_wconf 86' lang='lat' dir='ltr'><strong>Theophili</strong></span> <span class='ocrx_word' id='word_1_256' title='bbox 540 1641 614 1678; x_wconf 86' lang='lat' dir='ltr'><strong>filio</strong></span> <span class='ocrx_word' id='word_1_257' title='bbox 631 1640 909 1691; x_wconf 81' lang='grc' dir='ltr'><strong>στοιχειωτικοὶ</strong></span> <span class='ocrx_word' id='word_1_258' title='bbox 928 1639 1048 1694; x_wconf 83' lang='grc' dir='ltr'><strong><em>λόγοι.</em></strong></span> <span class='ocrx_word' id='word_1_259' title='bbox 1077 1646 1114 1680; x_wconf 90' lang='lat' dir='ltr'><strong>et</strong></span> <span class='ocrx_word' id='word_1_260' title='bbox 1131 1643 1285 1680; x_wconf 81' lang='lat' dir='ltr'><strong>diximus</strong></span> <span class='ocrx_word' id='word_1_261' title='bbox 1303 1642 1387 1680; x_wconf 91' lang='lat' dir='ltr'><strong>alibi</strong></span> <span class='ocrx_word' id='word_1_262' title='bbox 1406 1643 1454 1680; x_wconf 86' lang='lat' dir='ltr'><strong>de</strong></span> <span class='ocrx_word' id='word_1_263' title='bbox 1473 1642 1541 1681; x_wconf 87' lang='lat' dir='ltr'><strong>hac</strong></span> <span class='ocrx_word' id='word_1_264' title='bbox 1557 1655 1647 1682; x_wconf 84' lang='lat' dir='ltr'><strong>voce</strong></span> <span class='ocrx_word' id='word_1_265' title='bbox 1662 1643 1780 1694; x_wconf 83' lang='lat' dir='ltr'><strong>plura.</strong></span> 
     </span>
     <span class='ocr_line' id='line_1_27' title="bbox 323 1697 1773 1750; baseline 0.001 -16"><span class='ocrx_word' id='word_1_266' title='bbox 323 1698 428 1737; x_wconf 73' lang='lat' dir='ltr'><strong>XYL.</strong></span> <span class='ocrx_word' id='word_1_267' title='bbox 479 1698 610 1748; x_wconf 74' lang='lat' dir='ltr'><strong>geniis</strong></span> <span class='ocrx_word' id='word_1_268' title='bbox 637 1697 920 1747; x_wconf 75' lang='lat' dir='ltr'><strong>familiaribus</strong></span> <span class='ocrx_word' id='word_1_269' title='bbox 956 1698 1141 1738; x_wconf 75' lang='lat' dir='ltr'><strong>addictus·</strong></span> <span class='ocrx_word' id='word_1_270' title='bbox 1177 1705 1214 1734; x_wconf 81' lang='lat' dir='ltr'><strong>et</strong></span> <span class='ocrx_word' id='word_1_271' title='bbox 1248 1711 1380 1735; x_wconf 75' lang='lat' dir='ltr'><strong>eorum</strong></span> <span class='ocrx_word' id='word_1_272' title='bbox 1415 1697 1609 1750; x_wconf 70' lang='lat' dir='ltr'><strong>obsequii-s·</strong></span> <span class='ocrx_word' id='word_1_273' title='bbox 1647 1705 1773 1736; x_wconf 71' lang='lat' dir='ltr'><strong>utens.</strong></span> 
     </span>
     <span class='ocr_line' id='line_1_28' title="bbox 325 1754 1778 1806; baseline 0.001 -13"><span class='ocrx_word' id='word_1_274' title='bbox 325 1756 518 1805; x_wconf 84' lang='grc' dir='ltr'><strong><em>στοιχεῖον</em></strong></span> <span class='ocrx_word' id='word_1_275' title='bbox 542 1766 688 1804; x_wconf 85' lang='lat' dir='ltr'><strong>quoque</strong></span> <span class='ocrx_word' id='word_1_276' title='bbox 717 1755 860 1804; x_wconf 79' lang='lat' dir='ltr'><strong>genias</strong></span> <span class='ocrx_word' id='word_1_277' title='bbox 889 1759 946 1792; x_wconf 89' lang='lat' dir='ltr'><strong>est</strong></span> <span class='ocrx_word' id='word_1_278' title='bbox 974 1761 1013 1794; x_wconf 91' lang='lat' dir='ltr'><strong>et</strong></span> <span class='ocrx_word' id='word_1_279' title='bbox 1041 1755 1209 1794; x_wconf 81' lang='lat' dir='ltr'><strong>daemon</strong></span> <span class='ocrx_word' id='word_1_280' title='bbox 1229 1754 1483 1806; x_wconf 72' lang='lat' dir='ltr'><strong>familiaris-,-</strong></span> <span class='ocrx_word' id='word_1_281' title='bbox 1527 1755 1575 1794; x_wconf 88' lang='lat' dir='ltr'><strong>de</strong></span> <span class='ocrx_word' id='word_1_282' title='bbox 1608 1768 1683 1806; x_wconf 90' lang='lat' dir='ltr'><strong>quo</strong></span> <span class='ocrx_word' id='word_1_283' title='bbox 1707 1755 1778 1796; x_wconf 77' lang='lat' dir='ltr'><strong>alio</strong></span> 
     </span>
     <span class='ocr_line' id='line_1_29' title="bbox 322 1809 610 1851; baseline 0.004 -4"><span class='ocrx_word' id='word_1_284' title='bbox 322 1809 416 1851; x_wconf 87' lang='lat' dir='ltr'><strong>loco.</strong></span> <span class='ocrx_word' id='word_1_285' title='bbox 473 1812 610 1849; x_wconf 75' lang='lat' dir='ltr'><strong>GoAR.</strong></span> 
     </span>
    </p>
   </div>
   <div class='ocr_carea' id='block_1_5' title="bbox 324 1865 1791 2875">
    <p class='ocr_par' dir='ltr' id='par_1_7' title="bbox 324 1865 1782 2087">
     <span class='ocr_line' id='line_1_30' title="bbox 437 1865 1780 1918; baseline -0.001 -10"><span class='ocrx_word' id='word_1_286' title='bbox 437 1879 477 1917; x_wconf 89' lang='lat' dir='ltr'><strong>p</strong></span> <span class='ocrx_word' id='word_1_287' title='bbox 508 1865 589 1908; x_wconf 79' lang='lat'><strong>347</strong></span> <span class='ocrx_word' id='word_1_288' title='bbox 617 1879 651 1905; x_wconf 88' lang='lat' dir='ltr'><strong>v.</strong></span> <span class='ocrx_word' id='word_1_289' title='bbox 680 1868 720 1908; x_wconf 93' lang='lat'><strong>3.</strong></span> <span class='ocrx_word' id='word_1_290' title='bbox 775 1865 1002 1918; x_wconf 51' lang='lat' dir='ltr'><strong>Aegyptii&amp;</strong></span> <span class='ocrx_word' id='word_1_291' title='bbox 1035 1866 1162 1918; x_wconf 85' lang='lat' dir='ltr'><strong>latro]</strong></span> <span class='ocrx_word' id='word_1_292' title='bbox 1210 1867 1355 1906; x_wconf 86' lang='lat' dir='ltr'><strong>videtur</strong></span> <span class='ocrx_word' id='word_1_293' title='bbox 1385 1868 1434 1906; x_wconf 90' lang='lat' dir='ltr'><strong>de</strong></span> <span class='ocrx_word' id='word_1_294' title='bbox 1466 1880 1512 1906; x_wconf 90' lang='lat' dir='ltr'><strong>eo</strong></span> <span class='ocrx_word' id='word_1_295' title='bbox 1550 1867 1651 1918; x_wconf 87' lang='lat' dir='ltr'><strong>loqui</strong></span> <span class='ocrx_word' id='word_1_296' title='bbox 1682 1868 1780 1907; x_wconf 90' lang='lat' dir='ltr'><strong>cuius</strong></span> 
     </span>
     <span class='ocr_line' id='line_1_31' title="bbox 324 1923 1779 1974; baseline 0.001 -14"><span class='ocrx_word' id='word_1_297' title='bbox 324 1923 409 1962; x_wconf 81' lang='lat' dir='ltr'><strong>Act.</strong></span> <span class='ocrx_word' id='word_1_298' title='bbox 428 1936 458 1962; x_wconf 87' lang='lat' dir='ltr'><strong>c.</strong></span> <span class='ocrx_word' id='word_1_299' title='bbox 478 1924 527 1963; x_wconf 81' lang='lat'><strong>21</strong></span> <span class='ocrx_word' id='word_1_300' title='bbox 550 1923 592 1960; x_wconf 85' lang='lat' dir='ltr'><strong>fit</strong></span> <span class='ocrx_word' id='word_1_301' title='bbox 607 1923 756 1961; x_wconf 88' lang='lat' dir='ltr'><strong>mentio.</strong></span> <span class='ocrx_word' id='word_1_302' title='bbox 816 1929 854 1962; x_wconf 86' lang='lat' dir='ltr'><strong>et</strong></span> <span class='ocrx_word' id='word_1_303' title='bbox 877 1937 922 1962; x_wconf 89' lang='lat' dir='ltr'><strong>ex</strong></span> <span class='ocrx_word' id='word_1_304' title='bbox 949 1923 1093 1974; x_wconf 89' lang='lat' dir='ltr'><strong>Iosephi</strong></span> <span class='ocrx_word' id='word_1_305' title='bbox 1119 1923 1142 1961; x_wconf 93' lang='lat' dir='ltr'><strong>l.</strong></span> <span class='ocrx_word' id='word_1_306' title='bbox 1166 1925 1192 1964; x_wconf 82' lang='lat'>2</span> <span class='ocrx_word' id='word_1_307' title='bbox 1218 1937 1248 1962; x_wconf 85' lang='lat' dir='ltr'><strong>e.</strong></span> <span class='ocrx_word' id='word_1_308' title='bbox 1269 1925 1322 1964; x_wconf 82' lang='lat'><strong>23</strong></span> <span class='ocrx_word' id='word_1_309' title='bbox 1351 1924 1399 1962; x_wconf 85' lang='lat' dir='ltr'><strong>de</strong></span> <span class='ocrx_word' id='word_1_310' title='bbox 1430 1923 1569 1962; x_wconf 85' lang='lat' dir='ltr'><strong>excidio</strong></span> <span class='ocrx_word' id='word_1_311' title='bbox 1594 1924 1779 1964; x_wconf 86' lang='lat' dir='ltr'><strong>Hierosol.</strong></span> 
     </span>
     <span class='ocr_line' id='line_1_32' title="bbox 325 1979 1782 2032; baseline 0.001 -15"><span class='ocrx_word' id='word_1_312' title='bbox 325 1979 513 2017; x_wconf 85' lang='lat' dir='ltr'><strong>historiam</strong></span> <span class='ocrx_word' id='word_1_313' title='bbox 533 1992 612 2017; x_wconf 92' lang='lat' dir='ltr'><strong>eam</strong></span> <span class='ocrx_word' id='word_1_314' title='bbox 631 1983 803 2031; x_wconf 88' lang='lat' dir='ltr'><strong>repetunt</strong></span> <span class='ocrx_word' id='word_1_315' title='bbox 825 1980 960 2019; x_wconf 88' lang='lat' dir='ltr'><strong>Euseb.</strong></span> <span class='ocrx_word' id='word_1_316' title='bbox 978 1980 1061 2021; x_wconf 89' lang='lat' dir='ltr'><strong>hist.</strong></span> <span class='ocrx_word' id='word_1_317' title='bbox 1083 1979 1222 2019; x_wconf 83' lang='lat' dir='ltr'><strong>Eccles.</strong></span> <span class='ocrx_word' id='word_1_318' title='bbox 1244 1980 1272 2020; x_wconf 84' lang='lat'><strong>2</strong></span> <span class='ocrx_word' id='word_1_319' title='bbox 1291 1981 1346 2020; x_wconf 83' lang='lat'><strong>20</strong></span> <span class='ocrx_word' id='word_1_320' title='bbox 1369 1983 1408 2019; x_wconf 84' lang='lat' dir='ltr'><strong>et</strong></span> <span class='ocrx_word' id='word_1_321' title='bbox 1427 1979 1657 2032; x_wconf 84' lang='lat' dir='ltr'><strong>Nicephorus</strong></span> <span class='ocrx_word' id='word_1_322' title='bbox 1677 1980 1782 2019; x_wconf 85' lang='lat' dir='ltr'><strong>Xan-</strong></span> 
     </span>
     <span class='ocr_line' id='line_1_33' title="bbox 326 2034 799 2087; baseline 0.004 -15"><span class='ocrx_word' id='word_1_323' title='bbox 326 2034 496 2087; x_wconf 86' lang='lat' dir='ltr'><strong>thopulus</strong></span> <span class='ocrx_word' id='word_1_324' title='bbox 518 2037 545 2075; x_wconf 92' lang='grc'>2</span> <span class='ocrx_word' id='word_1_325' title='bbox 573 2038 639 2077; x_wconf 83' lang='grc'><strong>26.</strong></span> <span class='ocrx_word' id='word_1_326' title='bbox 696 2035 799 2074; x_wconf 79' lang='lat' dir='ltr'><strong>XYL.</strong></span> 
     </span>
    </p>

    <p class='ocr_par' dir='ltr' id='par_1_8' title="bbox 328 2090 1791 2875">
     <span class='ocr_line' id='line_1_34' title="bbox 441 2090 1782 2139; baseline 0.001 -11"><span class='ocrx_word' id='word_1_327' title='bbox 441 2090 494 2128; x_wconf 81' lang='lat' dir='ltr'><strong>ib.</strong></span> <span class='ocrx_word' id='word_1_328' title='bbox 526 2105 560 2130; x_wconf 87' lang='lat' dir='ltr'><strong>v.</strong></span> <span class='ocrx_word' id='word_1_329' title='bbox 589 2094 626 2132; x_wconf 87' lang='lat'><strong>7.</strong></span> <span class='ocrx_word' id='word_1_330' title='bbox 684 2093 785 2129; x_wconf 86' lang='lat' dir='ltr'><strong>inter</strong></span> <span class='ocrx_word' id='word_1_331' title='bbox 814 2092 1006 2139; x_wconf 70' lang='lat' dir='ltr'><strong>Theram]</strong></span> <span class='ocrx_word' id='word_1_332' title='bbox 1043 2092 1128 2131; x_wconf 88' lang='lat' dir='ltr'><strong>vide</strong></span> <span class='ocrx_word' id='word_1_333' title='bbox 1148 2105 1281 2131; x_wconf 86' lang='lat' dir='ltr'><strong>annum</strong></span> <span class='ocrx_word' id='word_1_334' title='bbox 1303 2093 1482 2131; x_wconf 88' lang='lat' dir='ltr'><strong>decimum</strong></span> <span class='ocrx_word' id='word_1_335' title='bbox 1498 2091 1635 2131; x_wconf 87' lang='lat' dir='ltr'><strong>Leonis</strong></span> <span class='ocrx_word' id='word_1_336' title='bbox 1652 2091 1782 2130; x_wconf 79' lang='lat' dir='ltr'><strong>leono-</strong></span> 
     </span>
     <span class='ocr_line' id='line_1_35' title="bbox 328 2147 1784 2199; baseline 0.001 -14"><span class='ocrx_word' id='word_1_337' title='bbox 328 2148 460 2190; x_wconf 86' lang='lat' dir='ltr'><strong>machi.</strong></span> <span class='ocrx_word' id='word_1_338' title='bbox 521 2151 681 2187; x_wconf 89' lang='lat' dir='ltr'><strong>ceterum</strong></span> <span class='ocrx_word' id='word_1_339' title='bbox 702 2149 826 2187; x_wconf 86' lang='lat' dir='ltr'><strong>scribit</strong></span> <span class='ocrx_word' id='word_1_340' title='bbox 848 2149 984 2187; x_wconf 83' lang='lat' dir='ltr'><strong>Plinius</strong></span> <span class='ocrx_word' id='word_1_341' title='bbox 1013 2149 1040 2188; x_wconf 90' lang='grc'>2</span> <span class='ocrx_word' id='word_1_342' title='bbox 1070 2150 1124 2191; x_wconf 92' lang='grc'><strong>87</strong></span> <span class='ocrx_word' id='word_1_343' title='bbox 1153 2149 1247 2189; x_wconf 85' lang='lat' dir='ltr'><strong>inter</strong></span> <span class='ocrx_word' id='word_1_344' title='bbox 1274 2149 1455 2199; x_wconf 90' lang='lat' dir='ltr'><strong>Cycladas</strong></span> <span class='ocrx_word' id='word_1_345' title='bbox 1488 2161 1582 2187; x_wconf 90' lang='lat' dir='ltr'><strong>anno</strong></span> <span class='ocrx_word' id='word_1_346' title='bbox 1601 2148 1628 2190; x_wconf 87' lang='lat'>4</span> <span class='ocrx_word' id='word_1_347' title='bbox 1655 2147 1784 2198; x_wconf 84' lang='lat' dir='ltr'><strong>Olym·</strong></span> 
     </span>
     <span class='ocr_line' id='line_1_36' title="bbox 328 2204 1784 2256; baseline 0.001 -15"><span class='ocrx_word' id='word_1_348' title='bbox 328 2205 449 2256; x_wconf 70' lang='lat' dir='ltr'><strong>piaclis</strong></span> <span class='ocrx_word' id='word_1_349' title='bbox 480 2205 560 2246; x_wconf 83' lang='lat'><strong>135</strong></span> <span class='ocrx_word' id='word_1_350' title='bbox 585 2204 745 2243; x_wconf 87' lang='lat' dir='ltr'><strong>Theram</strong></span> <span class='ocrx_word' id='word_1_351' title='bbox 777 2210 815 2244; x_wconf 92' lang='lat' dir='ltr'><strong>et</strong></span> <span class='ocrx_word' id='word_1_352' title='bbox 842 2206 1053 2243; x_wconf 87' lang='lat' dir='ltr'><strong>Therasiam</strong></span> <span class='ocrx_word' id='word_1_353' title='bbox 1076 2209 1216 2244; x_wconf 88' lang='lat' dir='ltr'><strong>enatas.</strong></span> <span class='ocrx_word' id='word_1_354' title='bbox 1273 2206 1340 2243; x_wconf 88' lang='lat' dir='ltr'><strong>fuit</strong></span> <span class='ocrx_word' id='word_1_355' title='bbox 1362 2210 1483 2244; x_wconf 86' lang='lat' dir='ltr'><strong>autem</strong></span> <span class='ocrx_word' id='word_1_356' title='bbox 1509 2205 1579 2243; x_wconf 91' lang='lat' dir='ltr'><strong>hoc</strong></span> <span class='ocrx_word' id='word_1_357' title='bbox 1607 2217 1706 2243; x_wconf 86' lang='lat' dir='ltr'><strong>anno</strong></span> <span class='ocrx_word' id='word_1_358' title='bbox 1736 2204 1784 2243; x_wconf 87' lang='lat' dir='ltr'><strong>ab</strong></span> 
     </span>
     <span class='ocr_line' id='line_1_37' title="bbox 330 2260 1786 2314; baseline 0 -16"><span class='ocrx_word' id='word_1_359' title='bbox 330 2275 367 2299; x_wconf 92' lang='lat' dir='ltr'><strong>u.</strong></span> <span class='ocrx_word' id='word_1_360' title='bbox 387 2273 418 2298; x_wconf 90' lang='lat' dir='ltr'><strong>c.</strong></span> <span class='ocrx_word' id='word_1_361' title='bbox 440 2260 543 2307; x_wconf 82' lang='lat'>516,</span> <span class='ocrx_word' id='word_1_362' title='bbox 573 2262 820 2311; x_wconf 89' lang='lat' dir='ltr'><strong>quinquennio</strong></span> <span class='ocrx_word' id='word_1_363' title='bbox 843 2264 930 2314; x_wconf 89' lang='lat' dir='ltr'><strong>post</strong></span> <span class='ocrx_word' id='word_1_364' title='bbox 947 2261 1089 2299; x_wconf 87' lang='lat' dir='ltr'><strong>finitum</strong></span> <span class='ocrx_word' id='word_1_365' title='bbox 1113 2261 1244 2300; x_wconf 90' lang='lat' dir='ltr'><strong>bellum</strong></span> <span class='ocrx_word' id='word_1_366' title='bbox 1271 2262 1424 2313; x_wconf 88' lang='lat' dir='ltr'><strong>primum</strong></span> <span class='ocrx_word' id='word_1_367' title='bbox 1441 2262 1626 2305; x_wconf 86' lang='lat' dir='ltr'><strong>Punicum.</strong></span> <span class='ocrx_word' id='word_1_368' title='bbox 1687 2261 1786 2299; x_wconf 88' lang='lat' dir='ltr'><strong>idem</strong></span> 
     </span>
     <span class='ocr_line' id='line_1_38' title="bbox 330 2316 1785 2370; baseline 0.003 -15"><span class='ocrx_word' id='word_1_369' title='bbox 330 2317 468 2366; x_wconf 90' lang='lat' dir='ltr'><strong>Plinius</strong></span> <span class='ocrx_word' id='word_1_370' title='bbox 487 2317 620 2355; x_wconf 89' lang='lat' dir='ltr'><strong>ibidem</strong></span> <span class='ocrx_word' id='word_1_371' title='bbox 643 2318 770 2357; x_wconf 87' lang='lat' dir='ltr'><strong>scribit</strong></span> <span class='ocrx_word' id='word_1_372' title='bbox 789 2319 885 2357; x_wconf 87' lang='lat' dir='ltr'><strong>inter</strong></span> <span class='ocrx_word' id='word_1_373' title='bbox 903 2318 1051 2356; x_wconf 84' lang='lat' dir='ltr'><strong>easdem</strong></span> <span class='ocrx_word' id='word_1_374' title='bbox 1074 2324 1159 2370; x_wconf 87' lang='lat' dir='ltr'><strong>post</strong></span> <span class='ocrx_word' id='word_1_375' title='bbox 1178 2331 1294 2357; x_wconf 87' lang='lat' dir='ltr'><strong>annos</strong></span> <span class='ocrx_word' id='word_1_376' title='bbox 1320 2320 1399 2359; x_wconf 82' lang='lat'><strong>130</strong></span> <span class='ocrx_word' id='word_1_377' title='bbox 1421 2319 1488 2367; x_wconf 90' lang='lat' dir='ltr'><strong>(id</strong></span> <span class='ocrx_word' id='word_1_378' title='bbox 1510 2322 1567 2355; x_wconf 84' lang='lat' dir='ltr'><strong>est</strong></span> <span class='ocrx_word' id='word_1_379' title='bbox 1585 2329 1682 2354; x_wconf 88' lang='lat' dir='ltr'><strong>anno</strong></span> <span class='ocrx_word' id='word_1_380' title='bbox 1703 2316 1785 2366; x_wconf 83' lang='lat'><strong>646</strong></span> 
     </span>
     <span class='ocr_line' id='line_1_39' title="bbox 331 2363 1785 2424; baseline -0.001 -15"><span class='ocrx_word' id='word_1_381' title='bbox 331 2363 380 2410; x_wconf 87' lang='lat' dir='ltr'><strong>ab</strong></span> <span class='ocrx_word' id='word_1_382' title='bbox 404 2385 439 2410; x_wconf 86' lang='lat' dir='ltr'><strong>n.</strong></span> <span class='ocrx_word' id='word_1_383' title='bbox 456 2386 509 2419; x_wconf 89' lang='lat' dir='ltr'><strong>c.‚</strong></span> <span class='ocrx_word' id='word_1_384' title='bbox 544 2373 688 2412; x_wconf 90' lang='lat' dir='ltr'><strong>biennio</strong></span> <span class='ocrx_word' id='word_1_385' title='bbox 704 2379 901 2424; x_wconf 81' lang='lat' dir='ltr'><strong>antequam</strong></span> <span class='ocrx_word' id='word_1_386' title='bbox 920 2374 1046 2412; x_wconf 90' lang='lat' dir='ltr'><strong>Cicero</strong></span> <span class='ocrx_word' id='word_1_387' title='bbox 1066 2378 1289 2422; x_wconf 88' lang='lat' dir='ltr'><strong>nasceretur,</strong></span> <span class='ocrx_word' id='word_1_388' title='bbox 1316 2375 1354 2412; x_wconf 90' lang='lat' dir='ltr'><strong>in</strong></span> <span class='ocrx_word' id='word_1_389' title='bbox 1371 2374 1443 2413; x_wconf 90' lang='lat' dir='ltr'><strong>fine</strong></span> <span class='ocrx_word' id='word_1_390' title='bbox 1464 2373 1549 2412; x_wconf 86' lang='lat' dir='ltr'><strong>belli</strong></span> <span class='ocrx_word' id='word_1_391' title='bbox 1565 2372 1785 2423; x_wconf 86' lang='lat' dir='ltr'><strong>Iugurthini)</strong></span> 
     </span>
     <span class='ocr_line' id='line_1_40' title="bbox 334 2429 1788 2480; baseline -0.001 -13"><span class='ocrx_word' id='word_1_392' title='bbox 334 2433 477 2467; x_wconf 86' lang='lat' dir='ltr'><strong>enatam</strong></span> <span class='ocrx_word' id='word_1_393' title='bbox 497 2429 546 2466; x_wconf 82' lang='lat' dir='ltr'><strong>Hi</strong></span> <span class='ocrx_word' id='word_1_394' title='bbox 538 2442 666 2479; x_wconf 88' lang='lat' dir='ltr'><strong>eram,</strong></span> <span class='ocrx_word' id='word_1_395' title='bbox 703 2443 798 2480; x_wconf 88' lang='lat' dir='ltr'><strong>quae</strong></span> <span class='ocrx_word' id='word_1_396' title='bbox 825 2435 864 2469; x_wconf 87' lang='lat' dir='ltr'><strong>et</strong></span> <span class='ocrx_word' id='word_1_397' title='bbox 882 2431 1079 2470; x_wconf 89' lang='lat' dir='ltr'><strong>Automate</strong></span> <span class='ocrx_word' id='word_1_398' title='bbox 1098 2430 1250 2469; x_wconf 88' lang='lat' dir='ltr'><strong>dicatur.</strong></span> <span class='ocrx_word' id='word_1_399' title='bbox 1310 2435 1349 2469; x_wconf 91' lang='lat' dir='ltr'><strong>et</strong></span> <span class='ocrx_word' id='word_1_400' title='bbox 1365 2431 1412 2468; x_wconf 93' lang='lat' dir='ltr'><strong>ab</strong></span> <span class='ocrx_word' id='word_1_401' title='bbox 1433 2443 1499 2479; x_wconf 89' lang='lat' dir='ltr'><strong>ea,</strong></span> <span class='ocrx_word' id='word_1_402' title='bbox 1528 2430 1666 2480; x_wconf 87' lang='lat' dir='ltr'><strong>inquit,</strong></span> <span class='ocrx_word' id='word_1_403' title='bbox 1695 2429 1788 2466; x_wconf 90' lang='lat' dir='ltr'><strong>duo-</strong></span> 
     </span>
     <span class='ocr_line' id='line_1_41' title="bbox 334 2460 1788 2537; baseline 0 -14"><span class='ocrx_word' id='word_1_404' title='bbox 334 2486 400 2523; x_wconf 92' lang='lat' dir='ltr'><strong>bus</strong></span> <span class='ocrx_word' id='word_1_405' title='bbox 418 2485 544 2522; x_wconf 87' lang='lat' dir='ltr'><strong>stadiis</strong></span> <span class='ocrx_word' id='word_1_406' title='bbox 564 2490 652 2536; x_wconf 89' lang='lat' dir='ltr'><strong>post</strong></span> <span class='ocrx_word' id='word_1_407' title='bbox 670 2498 786 2524; x_wconf 88' lang='lat' dir='ltr'><strong>annos</strong></span> <span class='ocrx_word' id='word_1_408' title='bbox 804 2489 888 2527; x_wconf 52' lang='lat'>&gt;110</span> <span class='ocrx_word' id='word_1_409' title='bbox 901 2518 911 2537; x_wconf 87' lang='lat'><strong>,</strong></span> <span class='ocrx_word' id='word_1_410' title='bbox 941 2488 978 2526; x_wconf 88' lang='lat' dir='ltr'><strong>in</strong></span> <span class='ocrx_word' id='word_1_411' title='bbox 997 2491 1124 2525; x_wconf 85' lang='lat' dir='ltr'><strong>nostro</strong></span> <span class='ocrx_word' id='word_1_412' title='bbox 1142 2500 1246 2536; x_wconf 71' lang='lat' dir='ltr'><strong>aem,</strong></span> <span class='ocrx_word' id='word_1_413' title='bbox 1275 2487 1329 2525; x_wconf 88' lang='lat' dir='ltr'><strong>M.</strong></span> <span class='ocrx_word' id='word_1_414' title='bbox 1351 2487 1456 2525; x_wconf 86' lang='lat' dir='ltr'><strong>Iunio</strong></span> <span class='ocrx_word' id='word_1_415' title='bbox 1473 2460 1598 2524; x_wconf 63' lang='lat' dir='ltr'><strong>S’ilano</strong></span> <span class='ocrx_word' id='word_1_416' title='bbox 1613 2484 1660 2524; x_wconf 88' lang='lat' dir='ltr'><strong>L.</strong></span> <span class='ocrx_word' id='word_1_417' title='bbox 1673 2484 1788 2523; x_wconf 86' lang='lat' dir='ltr'><strong>Balbo</strong></span> 
     </span>
     <span class='ocr_line' id='line_1_42' title="bbox 334 2541 1788 2595; baseline 0.002 -17"><span class='ocrx_word' id='word_1_418' title='bbox 334 2553 428 2578; x_wconf 85' lang='lat' dir='ltr'><strong>coss.</strong></span> <span class='ocrx_word' id='word_1_419' title='bbox 450 2552 484 2578; x_wconf 87' lang='lat' dir='ltr'><strong>a.</strong></span> <span class='ocrx_word' id='word_1_420' title='bbox 502 2542 538 2578; x_wconf 91' lang='lat' dir='ltr'><strong>d.</strong></span> <span class='ocrx_word' id='word_1_421' title='bbox 560 2543 585 2582; x_wconf 89' lang='lat'>8</span> <span class='ocrx_word' id='word_1_422' title='bbox 607 2543 688 2579; x_wconf 92' lang='lat' dir='ltr'><strong>idus</strong></span> <span class='ocrx_word' id='word_1_423' title='bbox 705 2543 836 2592; x_wconf 86' lang='lat' dir='ltr'><strong>Iulias,</strong></span> <span class='ocrx_word' id='word_1_424' title='bbox 867 2544 975 2582; x_wconf 90' lang='lat' dir='ltr'><strong>Thia.</strong></span> <span class='ocrx_word' id='word_1_425' title='bbox 1028 2545 1054 2582; x_wconf 88' lang='lat' dir='ltr'><strong>ii</strong></span> <span class='ocrx_word' id='word_1_426' title='bbox 1075 2543 1241 2583; x_wconf 89' lang='lat' dir='ltr'><strong>consules</strong></span> <span class='ocrx_word' id='word_1_427' title='bbox 1259 2547 1446 2595; x_wconf 88' lang='lat' dir='ltr'><strong>ponuntur</strong></span> <span class='ocrx_word' id='word_1_428' title='bbox 1473 2543 1523 2581; x_wconf 85' lang='lat' dir='ltr'><strong>ad</strong></span> <span class='ocrx_word' id='word_1_429' title='bbox 1543 2553 1679 2581; x_wconf 87' lang='lat' dir='ltr'><strong>annum</strong></span> <span class='ocrx_word' id='word_1_430' title='bbox 1704 2541 1788 2583; x_wconf 87' lang='lat'><strong>771</strong></span> 
     </span>
     <span class='ocr_line' id='line_1_43' title="bbox 335 2595 1789 2650; baseline 0.002 -18"><span class='ocrx_word' id='word_1_431' title='bbox 335 2598 383 2633; x_wconf 85' lang='lat' dir='ltr'><strong>ab</strong></span> <span class='ocrx_word' id='word_1_432' title='bbox 404 2609 440 2633; x_wconf 91' lang='lat' dir='ltr'><strong>u.</strong></span> <span class='ocrx_word' id='word_1_433' title='bbox 461 2610 492 2634; x_wconf 91' lang='lat' dir='ltr'><strong>c.</strong></span> <span class='ocrx_word' id='word_1_434' title='bbox 505 2625 517 2645; x_wconf 92' lang='lat'><em>‚</em></span> <span class='ocrx_word' id='word_1_435' title='bbox 554 2598 695 2637; x_wconf 91' lang='lat' dir='ltr'><strong>Tiberii</strong></span> <span class='ocrx_word' id='word_1_436' title='bbox 712 2600 889 2649; x_wconf 89' lang='lat' dir='ltr'><strong>quintum.</strong></span> <span class='ocrx_word' id='word_1_437' title='bbox 941 2613 1055 2650; x_wconf 84' lang='lat' dir='ltr'><strong>quare</strong></span> <span class='ocrx_word' id='word_1_438' title='bbox 1081 2600 1186 2637; x_wconf 88' lang='lat' dir='ltr'><strong>Plinii</strong></span> <span class='ocrx_word' id='word_1_439' title='bbox 1203 2595 1334 2648; x_wconf 83' lang='lat' dir='ltr'><strong>locus,</strong></span> <span class='ocrx_word' id='word_1_440' title='bbox 1372 2600 1403 2637; x_wconf 91' lang='lat' dir='ltr'><strong>si</strong></span> <span class='ocrx_word' id='word_1_441' title='bbox 1421 2611 1496 2637; x_wconf 87' lang='lat' dir='ltr'><strong>non</strong></span> <span class='ocrx_word' id='word_1_442' title='bbox 1516 2601 1616 2637; x_wconf 85' lang='lat' dir='ltr'><strong>esset</strong></span> <span class='ocrx_word' id='word_1_443' title='bbox 1636 2597 1789 2636; x_wconf 88' lang='lat' dir='ltr'><strong>mendo-</strong></span> 
     </span>
     <span class='ocr_line' id='line_1_44' title="bbox 336 2653 1788 2705; baseline 0.001 -16"><span class='ocrx_word' id='word_1_444' title='bbox 336 2665 411 2698; x_wconf 84' lang='lat' dir='ltr'><strong>sus,</strong></span> <span class='ocrx_word' id='word_1_445' title='bbox 436 2653 645 2692; x_wconf 76' lang='lat' dir='ltr'><strong>dissentiret</strong></span> <span class='ocrx_word' id='word_1_446' title='bbox 667 2667 690 2691; x_wconf 87' lang='lat' dir='ltr'><strong>a</strong></span> <span class='ocrx_word' id='word_1_447' title='bbox 709 2657 891 2694; x_wconf 89' lang='lat' dir='ltr'><strong>communi</strong></span> <span class='ocrx_word' id='word_1_448' title='bbox 914 2657 1049 2695; x_wconf 83' lang='lat' dir='ltr'><strong>calculo</strong></span> <span class='ocrx_word' id='word_1_449' title='bbox 1067 2656 1152 2694; x_wconf 90' lang='lat' dir='ltr'><strong>totis</strong></span> <span class='ocrx_word' id='word_1_450' title='bbox 1175 2655 1226 2697; x_wconf 90' lang='lat'><strong>15</strong></span> <span class='ocrx_word' id='word_1_451' title='bbox 1244 2657 1361 2694; x_wconf 77' lang='lat' dir='ltr'><strong>anniS.</strong></span> <span class='ocrx_word' id='word_1_452' title='bbox 1419 2655 1521 2705; x_wconf 84' lang='lat' dir='ltr'><strong>quod</strong></span> <span class='ocrx_word' id='word_1_453' title='bbox 1538 2666 1659 2705; x_wconf 88' lang='lat' dir='ltr'><strong>neque</strong></span> <span class='ocrx_word' id='word_1_454' title='bbox 1674 2654 1788 2705; x_wconf 84' lang='lat' dir='ltr'><strong>ipsius</strong></span> 
     </span>
     <span class='ocr_line' id='line_1_45' title="bbox 336 2708 1791 2763; baseline 0.002 -19"><span class='ocrx_word' id='word_1_455' title='bbox 336 2708 547 2756; x_wconf 84' lang='lat' dir='ltr'><strong>diligentiae</strong></span> <span class='ocrx_word' id='word_1_456' title='bbox 575 2709 695 2760; x_wconf 81' lang='lat' dir='ltr'><strong>neque</strong></span> <span class='ocrx_word' id='word_1_457' title='bbox 719 2712 869 2750; x_wconf 90' lang='lat' dir='ltr'><strong>aliorum</strong></span> <span class='ocrx_word' id='word_1_458' title='bbox 898 2713 1113 2763; x_wconf 88' lang='lat' dir='ltr'><strong>scriptorum</strong></span> <span class='ocrx_word' id='word_1_459' title='bbox 1134 2725 1215 2750; x_wconf 89' lang='lat' dir='ltr'><strong>cum</strong></span> <span class='ocrx_word' id='word_1_460' title='bbox 1242 2725 1288 2751; x_wconf 89' lang='lat' dir='ltr'><strong>eo</strong></span> <span class='ocrx_word' id='word_1_461' title='bbox 1315 2710 1589 2750; x_wconf 85' lang='lat' dir='ltr'><strong>convenientiae</strong></span> <span class='ocrx_word' id='word_1_462' title='bbox 1619 2713 1679 2748; x_wconf 86' lang='lat' dir='ltr'><strong>est</strong></span> <span class='ocrx_word' id='word_1_463' title='bbox 1702 2721 1791 2747; x_wconf 88' lang='lat' dir='ltr'><strong>con-</strong></span> 
     </span>
     <span class='ocr_line' id='line_1_46' title="bbox 336 2765 1788 2819; baseline 0.002 -20"><span class='ocrx_word' id='word_1_464' title='bbox 336 2768 561 2803; x_wconf 84' lang='lat' dir='ltr'><strong>sentaneum.</strong></span> <span class='ocrx_word' id='word_1_465' title='bbox 631 2766 702 2803; x_wconf 91' lang='lat' dir='ltr'><strong>Dio</strong></span> <span class='ocrx_word' id='word_1_466' title='bbox 730 2768 903 2806; x_wconf 89' lang='lat' dir='ltr'><strong>Cocceius</strong></span> <span class='ocrx_word' id='word_1_467' title='bbox 937 2768 959 2807; x_wconf 92' lang='grc' dir='ltr'><strong>Ι.</strong></span> <span class='ocrx_word' id='word_1_468' title='bbox 992 2771 1047 2810; x_wconf 90' lang='grc'><strong>60</strong></span> <span class='ocrx_word' id='word_1_469' title='bbox 1074 2768 1227 2806; x_wconf 86' lang='lat' dir='ltr'><strong>insulam</strong></span> <span class='ocrx_word' id='word_1_470' title='bbox 1255 2769 1307 2806; x_wconf 82' lang='lat' dir='ltr'><strong>ait</strong></span> <span class='ocrx_word' id='word_1_471' title='bbox 1338 2781 1455 2819; x_wconf 87' lang='lat' dir='ltr'><strong>prope</strong></span> <span class='ocrx_word' id='word_1_472' title='bbox 1483 2767 1644 2806; x_wconf 86' lang='lat' dir='ltr'><strong>Theram</strong></span> <span class='ocrx_word' id='word_1_473' title='bbox 1679 2765 1788 2803; x_wconf 81' lang='lat' dir='ltr'><strong>fuisse</strong></span> 
     </span>
     <span class='ocr_line' id='line_1_47' title="bbox 336 2821 1788 2875; baseline 0.002 -18"><span class='ocrx_word' id='word_1_474' title='bbox 336 2823 481 2858; x_wconf 80' lang='lat' dir='ltr'><strong>enatam</strong></span> <span class='ocrx_word' id='word_1_475' title='bbox 508 2821 660 2859; x_wconf 87' lang='lat' dir='ltr'><strong>Claudio</strong></span> <span class='ocrx_word' id='word_1_476' title='bbox 686 2821 726 2870; x_wconf 86' lang='lat'>4,</span> <span class='ocrx_word' id='word_1_477' title='bbox 756 2823 801 2862; x_wconf 89' lang='lat' dir='ltr'><strong>L.</strong></span> <span class='ocrx_word' id='word_1_478' title='bbox 824 2824 966 2862; x_wconf 89' lang='lat' dir='ltr'><strong>Vitellio</strong></span> <span class='ocrx_word' id='word_1_479' title='bbox 987 2828 1011 2865; x_wconf 85' lang='lat'><strong>3</strong></span> <span class='ocrx_word' id='word_1_480' title='bbox 1032 2824 1198 2872; x_wconf 86' lang='lat' dir='ltr'><strong>consule,</strong></span> <span class='ocrx_word' id='word_1_481' title='bbox 1229 2825 1290 2875; x_wconf 91' lang='lat' dir='ltr'><strong>qui</strong></span> <span class='ocrx_word' id='word_1_482' title='bbox 1307 2837 1422 2862; x_wconf 86' lang='lat' dir='ltr'><strong>annus</strong></span> <span class='ocrx_word' id='word_1_483' title='bbox 1447 2823 1516 2862; x_wconf 81' lang='lat' dir='ltr'><strong>fuit</strong></span> <span class='ocrx_word' id='word_1_484' title='bbox 1532 2823 1579 2862; x_wconf 88' lang='lat' dir='ltr'><strong>ab</strong></span> <span class='ocrx_word' id='word_1_485' title='bbox 1601 2835 1635 2859; x_wconf 91' lang='lat' dir='ltr'><strong>u.</strong></span> <span class='ocrx_word' id='word_1_486' title='bbox 1655 2834 1685 2859; x_wconf 86' lang='lat' dir='ltr'><strong>c.</strong></span> <span class='ocrx_word' id='word_1_487' title='bbox 1707 2822 1788 2861; x_wconf 83' lang='lat'><strong>800</strong></span> 
     </span>
    </p>
   </div>
  </div>
 </body>
</html>
