1890 3236
291 198 357 246 40
763 197 996 243 GEORGII
1028 197 1270 245 GEDRENI

292 313 420 358 αὐτοῦ
457 313 634 370 ἐγκαλῶν
671 307 934 368 ἦγανακτῆθη
946 341 961 364 ,
1002 316 1087 363 τοῖς
1118 310 1220 369 πρὸς
1250 309 1448 368 ἀλλήλους
1479 310 1735 370 ἓχθραὶνοασι

238 392 271 430 1)
293 381 455 441 σφόδρα
484 381 722 437 συγχαίρων,
767 381 835 422 καὶ
861 378 1122 433 ἐπιτωθάζων
1151 381 1269 424 παντὶ
1295 383 1530 440 Χριστιανῷ
1556 385 1738 439 pamma

294 451 364 494 τὸν
377 449 544 503 πλησίον
561 445 617 499 ὥς
633 447 876 505 ἄνατροπεύς
894 452 974 492 τῶν
992 449 1113 492 θείων
1133 448 1314 492 ἐντολῶν.
1377 449 1473 500 τοὺς
1499 465 1736 507 στρατείαις-

293 519 389 568 κοὺς
414 516 611 574 ἄρχοντας
640 517 836 568 δουλικῶς
858 520 1046 574 χρᾶσθαι
1070 523 1154 567 τοῖς
1179 515 1406 568 ἐπισκόποις
1435 518 1505 561 καὶ
1535 521 1737 576 κληρικοῖς

293 586 445 629 ἐκέλευε
454 616 468 637 ,
500 584 794 641 καταγομένους
813 585 1058 636 αὐθεντικῶς
1077 585 1119 627 ἓν
1136 591 1221 636 τοῖς
1240 585 1500 637 ἔπισκοπείοις
1521 587 1589 630 καὶ
1604 594 1771 641 ,μονα-5

293 653 494 710 στηρίοις,
530 655 599 696 καὶ
619 657 906 710 καταχρᾶσθαι
924 653 977 696 τὰ
993 653 1140 698 αὐτῶν.
1205 653 1301 704 τοὺς
1321 651 1397 696 ἀπ’
1419 655 1564 705 αῗῶνος
1584 653 1739 701 ἀναθε·
1761 704 1764 706 ,

293 721 437 776 μένους
453 724 511 779 τῷ
528 725 618 780 θεῷ
632 726 767 779 χρυσᾶ
787 720 813 777 ἢ
836 722 994 779 ἀργυρᾶ
1012 720 1132 777 σκεύη
1152 719 1292 778 ἔψεγε,
1338 722 1406 764 καὶ
1426 721 1479 765 τὰ
1498 723 1739 778 τῶν..ἔκκλη-

294 794 393 834 σιῶν
413 789 500 847 ἱερὰ
519 794 756 834 κοινοῦσθαι
772 789 884 843 ἄξιον
900 789 1144 846 ἕδογμάτιζε.
1210 790 1307 841 τοὺς
1325 790 1402 847 πρὸ
1419 789 1546 834 αὐτοῦ
1561 794 1742 846 βασιλεῖς

295 856 476 908 ἅπαντας
495 856 550 909 ὡς
569 856 842 914 ἀκυβερνήτας
861 859 1058 916 ἐμέμφετο
1066 889 1081 912 ,
1114 855 1298 902 καθόλου
1318 858 1393 914 τὴν
1412 856 1603 916 πρόνοιαν
1625 858 1742 909 (ἔναιε-

295 931 392 985 ρῶν,
426 927 493 969 καὶ
523 927 678 981 μηδένα
709 927 833 983 λέγων
861 928 1045 982 γίνεσθαι
1077 931 1151 971 τοῦ
1182 931 1424 985 κρατοῦντος
1456 925 1797 985 &maraine-mm

152 1007 182 1043 P
206 1007 274 1046 481
300 997 335 1038 εἴ
361 992 548 1049 βούλοιτο
578 993 600 1038 ὃ
629 999 786 1051 κρατῶν
819 996 1010 1052 ἕντρεχῶς
1033 994 1181 1052 ἄρχειν.
1247 997 1316 1039 καὶ
1335 992 1574 1051 {pantaeni-927
1595 997 1638 1039 ἐν
1659 1002 1745 1047 τοῖς

295 1066 570 1123 διαλογισμοῖς
602 1063 727 1105 αὐτοῦ
760 1061 782 1105 ὃ
813 1061 981 1118 ἀνόητος
1012 1065 1081 1107 καὶ
1111 1062 1320 1118 θεομισής.
1397 1067 1456 1122 τῷ
1483 1063 1562 1121 γὰρ
1594 1063 1742 1123 πρώτῳ

295 1130 492 1190 σαββάτῳ
512 1135 592 1174 τῶν
609 1135 798 1186 νηστειῶν
822 1135 896 1186 τῆς
920 1129 958 1174 δ’
979 1132 1221 1183 ῗνὸικτίωνος
1238 1128 1537 1188 ὑπαντήσαντες
1550 1134 1744 1216 Σαρακη-

294 1202 358 1243 νοὶ
385 1202 441 1250 εις
465 1199 517 1242 τὰ
546 1197 726 1253 Εὗχάΐτα
753 1200 919 1242 Λέοντα
944 1199 1167 1257 στρατηγὸν
1192 1215 1272 1243 των
1296 1199 1569 1256 Ἀρμενιακῶν
1590 1200 1665 1245 σὺν
1693 1204 1745 1258 τῇ

294 1266 396 1327 ρόγα
415 1272 487 1310 τοῦ
512 1268 716 1323 θέματος,
761 1266 911 1322 ταύτην
937 1270 1146 1324 ἀφείλοντο
1174 1267 1249 1311 σὺν
1278 1271 1414 1326 πολλῷ
1445 1266 1607 1324 πλήθει
1626 1272 1742 1321 λαοῦ,
1755 1273 1800 1309 15

296 1333 533 1392 κεντηνάρια
554 1333 602 1392 ιγ’
624 1351 763 1378 ουσαν.
830 1336 893 1378 ἐπὶ
913 1334 1069 1386 τούτοις
1090 1353 1159 1379 ουν
1178 1334 1200 1378 ὃ
1221 1335 1308 1386 νεὸς
1322 1335 1478 1390 Ἀχαᾶβ
1495 1336 1563 1391 μὴ
1578 1339 1745 1381 παιδευ-

296 1404 408 1456 θείς,
448 1401 469 1446 ὅ
493 1401 727 1460 Φαλάριδος
757 1405 825 1446 καὶ
848 1405 991 1447 Μιὸου
1017 1401 1333 1461 ἃπληστότερος,
1367 1405 1471 1447 κατὰ
1498 1403 1746 1462 Βουλγάρων

296 1469 591 1529 παρατάττεται
611 1471 698 1526 ἅμα
721 1473 961 1530 Σταυρακίῳ
989 1476 1047 1530 τῷ
1076 1472 1153 1530 υἱῷ
1177 1472 1315 1514 αὐτοῦ.
1384 1474 1453 1515 καὶ
1476 1472 1653 1523 ἐξελθὼν
1675 1477 1748 1528 τῆς

296 1541 507 1594 βασιλίδος
532 1540 709 1583 ἐκέλευσε
730 1539 911 1595 Νικήταν
932 1541 1139 1597 πατρίκιον
1168 1541 1236 1582 καὶ
1267 1539 1417 1596 γενικόν
1448 1540 1668 1596 λογοθέτην
1695 1541 1748 1584 τὰ

299 1607 476 1664 δημόσια
502 1608 595 1664 τέλη
627 1612 707 1652 τῶν
734 1610 952 1663 ἐκκλησιῶν
978 1610 1045 1650 καὶ
1073 1602 1350 1664 μοναστηρίων
1376 1607 1646 1662 ἀναβιβάσαι,
1681 1611 1805 1653 maizo

247 1685 277 1720 Β
301 1676 405 1719 ὀκτώ
427 1677 525 1720 ἐτῶν
545 1676 845 1720 ὄπισθότέλειαν
864 1676 960 1726 τοὺς
980 1680 1060 1719 τῶν
1081 1674 1285 1732 ἀρχόντων
1307 1676 1582 1731 ἀπαιτηθῆναι
1602 1677 1750 1729 οἴκους.

300 1746 368 1788 καὶ
387 1740 436 1801 ἦν
454 1749 610 1802 θρῆνος
630 1745 755 1801 μέγας
776 1746 817 1787 ἓν
835 1748 886 1804 τῇ
904 1743 1030 1788 πόλει.
1096 1745 1160 1788 ἐπὶ
1180 1742 1335 1796 τούτοις
1350 1742 1649 1801 ,ἐγκαλούμενος
1669 1744 1748 1791 {md

393 1853 436 1888 11
460 1849 637 1898 εὖτρεχῶς
659 1852 689 1888 Ρ

302 1955 380 1980 eum
409 1955 517 1991 saepe
546 1943 824 1998 indignabundus
856 1943 1055 1999 patriarcha
1083 1943 1326 1980 invehebatur.
1373 1946 1409 1979 at
1429 1943 1650 1991 Nicephorus
1678 1956 1751 1981 ma-

300 2001 406 2036 gnum
429 2002 472 2025 ex
492 1990 618 2024 mutuis
642 1991 731 2025 odiis
755 1990 972 2044 percipiebat.
994 1991 1175 2035 gaudium,
1209 1996 1316 2044 utque
1338 1995 1415 2025 erat
1436 1991 1630 2026 divinorum
1649 2003 1754 2026 ever-

302 2047 362 2070 sor
393 2036 647 2080 mandatorum,
693 2036 846 2070 ludibrio
880 2037 1032 2071 habebat
1062 2048 1179 2071 omnes
1212 2035 1404 2089 proximum
1436 2047 1535 2071 suum
1568 2036 1753 2082 diligentes

300 2081 534 2116 Christianos.
580 2083 686 2116 duces
709 2093 846 2127 quoque
869 2082 1080 2116 exercituum
1101 2082 1205 2116 iussit
1228 2081 1403 2135 episcopis
1435 2086 1469 2116 et
1498 2082 1631 2117 clericis
1654 2094 1753 2117 man-

301 2126 471 2172 cipiorum
500 2127 577 2162 loco
600 2128 675 2173 uti,
713 2139 776 2173 pro
801 2139 865 2162 sua
885 2127 1093 2162 auctoritate
1114 2127 1151 2162 in
1174 2127 1318 2162 aedibus
1341 2126 1596 2181 episcopalibus
1619 2132 1656 2162 et
1677 2140 1753 2163 mo-

300 2173 464 2208 nasteriis
489 2173 677 2217 divertere,
703 2184 889 2218 eorumque
911 2174 1016 2208 rebus
1039 2185 1102 2218 pro
1125 2173 1269 2207 arbitrio
1294 2173 1403 2207 abuti.
1449 2173 1671 2217 vituperabat
1691 2185 1754 2208 eos

303 2218 366 2263 qui
395 2219 439 2254 ab
472 2219 564 2253 omni
594 2224 710 2253 aetate
732 2219 797 2253 deo
821 2230 926 2253 aurea
949 2219 1006 2253 vel
1027 2225 1191 2263 argentea
1211 2229 1297 2252 vasa
1321 2223 1605 2264 consecrassent,
1637 2224 1674 2254 et
1694 2230 1754 2254 res

303 2264 507 2318 templorum
538 2276 656 2299 sacras
685 2265 723 2298 in
753 2265 919 2309 profanos
948 2264 1076 2299 debere
1105 2275 1186 2299 usus
1216 2263 1374 2298 converti
1401 2266 1588 2300 statuebat.
1637 2276 1754 2299 omnes

303 2315 386 2344 ante
409 2309 522 2356 ipsum
546 2310 774 2356 imperatores
798 2315 837 2345 ut
857 2310 1072 2364 gubernandi
1093 2310 1228 2345 nescios
1252 2309 1425 2355 culpabat,
1447 2310 1727 2364 providentiam·
1715 2322 1755 2345 ιιι

304 2355 502 2390 universum
524 2356 667 2400 tollens,
700 2356 945 2401 affirmansque
977 2355 1146 2391 neminem
1176 2356 1388 2409 imperatore
1408 2355 1640 2401 potentiorem
1663 2368 1754 2411 esse,

305 2401 407 2435 modo
431 2401 586 2435 callide·
575 2414 605 2436 1s
629 2401 828 2448 imperaret.
875 2401 938 2436 sed
959 2401 1103 2436 stolidus
1128 2412 1168 2436 ac
1190 2401 1256 2436 deo
1278 2401 1412 2436 invisus
1435 2401 1535 2436 homo
1558 2402 1659 2437 vanis
1680 2402 1755 2438 suis

306 2445 574 2490 cogitationibus
597 2448 761 2493 deceptus
780 2451 847 2481 est.
877 2447 990 2493 primo
1012 2446 1219 2482 ieiuniorum
1242 2448 1401 2491 sabbato,
1425 2452 1569 2493 quartae
1589 2447 1755 2482 indictio-

306 2491 375 2534 nis,
401 2491 586 2526 Sarraceni
609 2494 654 2528 ad
676 2493 849 2528 Euchaita
870 2498 1124 2539 pervenerunt3
1154 2492 1336 2538 adortique
1358 2493 1511 2527 Leonem
1531 2493 1755 2528 Armeniacu-

306 2547 382 2571 rum
405 2537 538 2581 ducem,
562 2538 623 2582 qui
644 2543 714 2573 tum
736 2539 901 2574 militibus
925 2544 1001 2573 erat
1023 2538 1197 2584 stipendia
1219 2538 1468 2592 persoluturus,
1491 2549 1622 2573 omnem
1646 2549 1755 2592 pecu-

306 2581 411 2626 niam,
435 2584 636 2618 centenaria
658 2584 815 2618 nimirum
841 2585 902 2630 13,
927 2585 1149 2630 eripuerunt,
1176 2583 1269 2618 haud
1291 2583 1417 2629 exigua
1436 2583 1581 2619 militum
1600 2583 1754 2618 multitu-

307 2627 391 2661 dine
421 2632 536 2673 capta.
582 2629 636 2663 his
667 2641 777 2664 novus
806 2630 865 2665 ille
891 2611 1078 2665 'Achaabus
1109 2610 1196 2664 nihil
1227 2630 1442 2673 emendatus,
1472 2628 1693 2664 Phalaridem
1721 2633 1778 2663 et·

307 2672 438 2708 Midam
459 2673 637 2718 inexpleta
659 2687 827 2720 superans
851 2675 1020 2720 avaritia,
1054 2686 1130 2710 cum
1152 2675 1335 2710 stauracio
1362 2654 1442 2708 filio
1465 2674 1504 2709 in
1523 2674 1693 2719 Bulgaros
1718 2686 1758 2709 se

308 2724 432 2754 armat.
478 2730 624 2764 cumque
646 2722 733 2755 urbe
753 2722 1000 2766 egrederetur,
1034 2721 1194 2756 Nicetam
1218 2719 1399 2765 patricium
1422 2731 1464 2754 ac
1485 2721 1682 2765 generalem
1703 2720 1757 2755 lo-

307 2765 483 2809 gothetam
505 2765 608 2799 iussit
630 2766 785 2810 publicos
809 2778 932 2801 census
956 2766 1177 2802 ecclesiarum
1201 2772 1238 2800 et
1259 2765 1541 2800 monasteriorum
1560 2767 1699 2820 afferre,
1723 2770 1760 2800 et

309 2810 347 2843 in
381 2815 460 2845 octo
494 2817 680 2855 sequentes
703 2823 811 2847 annos
833 2811 1033 2856 pensionem
1057 2824 1078 2846 a
1100 2821 1280 2857 procerum
1303 2811 1459 2847 domibus
1481 2811 1588 2856 exigi.
1636 2823 1680 2846 ea
1700 2822 1761 2846 res

308 2866 449 2902 magnas
482 2867 547 2903 per
581 2859 701 2893 urbem
734 2857 940 2894 eiulatioues
973 2857 1153 2894 excitavit.
1199 2856 1266 2892 hoc
1301 2856 1437 2909 nomine
1471 2857 1706 2927 reprehensus
1738 2869 1761 2892 a
