1890 3236
318 189 418 241 384
787 189 1021 235 GEORGII
1055 190 1295 236 CEDRENI

317 304 570 356 λαπλασίως,
603 304 671 346 καὶ
691 300 931 363 συμμάχους
950 304 1028 355 ἕξει
1049 305 1117 348 καὶ
1138 305 1283 363 φίλους
1303 302 1452 358 αὖτοὺς
1468 304 1536 350 διὰ
1555 306 1664 361 βίου.
1707 303 1771 358 οἷς

317 377 397 419 τισὶ
415 372 566 431 ῥήμασι
578 373 857 427 χαυνωθέντες
875 373 914 415 οἳ
927 371 1027 423 ‘Pom
1041 378 1114 427 τῆς
1131 390 1174 416 τε
1191 375 1447 431 Βουλγαρίας
1461 372 1518 425 ὥς
1533 371 1770 432 δορικεῆτου

317 443 594 486 ἀντεποιοῦντο
629 438 854 496 κτήματος,
889 442 957 484 καὶ
982 441 1400 498 διαπρεσβευσάμενον
1420 442 1491 486 τὸν
1511 442 1681 497 βασιλέα
1696 444 1770 487 ’καὶ

316 508 591 564 ὑποσχόμενον
612 509 844 553 ἐπιτελέσειν
866 509 1025 552 ἅπαντα
1042 509 1094 552 τὰ
1113 514 1172 568 τῷ
1191 509 1416 569 Νικηφόρῳ
1435 510 1770 567 ἔπηγγελμένακοῧ

317 578 606 635 προσεδέξαντο
617 607 630 629 ,
665 576 893 633 ἀποκρίσεις
915 576 1050 629 δόντες
1068 582 1324 636 βαρβαρικῆς
1338 579 1804 636 πεπληρωμένας·ωό

319 647 489 705 ζονείας,
517 643 573 696 ὡς
591 644 897 702 ἀναγκασθῆναι
915 650 1060 690 τοῦτον
1079 647 1147 690 διὰ
1162 645 1296 703 μάχης
1315 654 1447 705 κρῖναι,
1463 648 1522 700 τὰ,
1538 644 1776 704 πρώγμαται

316 713 551 772 γράμμασιν
569 709 640 757 οὗν
658 715 699 757 ἐν
717 715 838 773 ὀλίγῳ
856 714 931 766 τὰς
949 713 1052 774 ἑῴας
1074 714 1262 771 δυνάμεις
1279 716 1381 773 πρὸς
1396 716 1470 771 τὴν
1487 713 1660 774 ἑσπέραν
1674 716 1773 760 «δια-

315 781 517 837 βιβάσας,
552 780 728 839 ἄρχοντά
754 800 796 826 τε
827 783 968 834 αὗταΐς
987 782 1205 839 ἐπιστήσας
1226 784 1272 827 ὃν
1293 783 1475 839 ὠνόμασε
1496 781 1775 841 στρατηλάτην

266 856 298 891 D
320 849 492 908 Βάρδαν
508 848 731 908 μάγιστρον
746 851 816 895 τὸν
829 849 1034 909 Σκληρόν,
1061 846 1110 895 οὗ
1125 853 1199 908 τὴν
1216 852 1396 910 ἀδελφὴν
1413 854 1586 908 Μαρίαν
1601 850 1775 908 νόμιμον

314 918 485 976 ἠγάγετο
506 919 683 975 γαμετὴν
704 918 919 964 ἰδιωτεύων
939 918 961 964 ὅ
980 919 1191 974 βασιλεύς,
1232 921 1391 976 ἔμελλεν
1415 921 1532 978 ἔαρος
1553 920 1830 978 {mammos-10

317 1006 389 1032 νου
419 990 487 1031 καὶ
513 987 634 1038 αὐτὸς
659 990 893 1046 ἐξορμῆσαι.
961 989 1001 1031 οἶ
1026 987 1127 1040 Ῥὼς
1153 990 1198 1033 δὲ
1224 991 1296 1032 καὶ
1321 988 1342 1033 ὃ
1374 987 1526 1032 τούτων
1551 988 1726 1045 ἀρχηγὸς
1750 985 1774 1032 ὅ

318 1054 667 1114 Σφενδοσθλάβος
678 1088 692 1109 ,
724 1057 796 1112 τὴν
825 1061 897 1100 τοῦ
922 1054 1149 1111 Ῥωμαϊκοῦ
1182 1056 1481 1115 στρατεύματος
1500 1055 1556 1108 ὥς
1571 1055 1775 1100 ἐπύθοντο

317 1126 557 1181 περαίωσιν,
583 1123 968 1183 κοινοπραγὴσαντες
985 1126 1298 1179 δεδουλωμένοις
1313 1125 1392 1182 ἤδη
1407 1131 1492 1176 τοῖς
1508 1123 1776 1183 Βουλγάροις,

317 1191 631 1251 προσειληφότες
665 1194 710 1236 δὲ
747 1195 815 1236 καὶ
846 1191 1086 1249 συμμάχους
1112 1193 1209 1245 τούς
1233 1212 1276 1238 τε
1305 1191 1564 1247 Πατζινάκας
1587 1194 1654 1237 καὶ
1680 1193 1778 1244 τοὺς

319 1262 422 1319 πρὸς
444 1260 558 1306 δύσιν
581 1262 623 1304 ἓν
646 1262 855 1322 Παννονίᾳ
875 1262 1195 1320 κατῳκισμένους
1217 1260 1447 1320 Τοῦρκους,
1481 1264 1551 1305 καὶ
1574 1261 1645 1305 διὰ
1668 1259 1775 1305 ποίν-
1786 1264 1832 1302 15

318 1347 401 1374 των
430 1330 603 1388 στρατὸν
629 1322 873 1386 πολεμιστὴν
898 1329 1136 1388 ἠθροικότες
1165 1332 1208 1383 ἐς
1236 1331 1555 1387 ὀκτακισχιλίους
1575 1330 1640 1373 ἐπὶ
1660 1327 1778 1388 τριά·

320 1415 443 1442 κοντα
475 1397 644 1455 μυριάσι
671 1399 996 1456 κορυφουμένον,
1030 1401 1097 1442 καὶ
1118 1399 1189 1442 τὸν
1212 1398 1352 1455 Αἶμον
1375 1397 1611 1453 διαβάντες,
1641 1403 1778 1442 πᾶσαν

320 1466 573 1525 ἐπυρπόλουν
602 1467 676 1522 τὴν
708 1466 876 1527 Θρᾴκην
902 1469 971 1511 καὶ
999 1468 1199 1522 ἐληΐζοντο
1209 1499 1223 1520 ,
1268 1467 1489 1523 πηξάμενοι
1517 1465 1781 1525 παρεμβολὴν

322 1535 450 1592 ἀγχοῦ
472 1552 551 1578 που
579 1539 661 1578 τῶν
687 1540 829 1591 τειχῶν
852 1534 1241 1594 Ἀρκαδιουπόλεως,
1275 1537 1432 1580 κάκεῖσε
1450 1535 1523 1591 τὴν
1542 1534 1780 1590 συμπλοκὴν

174 1609 204 1645 P
229 1609 299 1647 667
323 1602 572 1659 ἐκδεχόμενοι
587 1608 662 1647 τοῦ
678 1604 869 1659 πολέμου.
937 1602 958 1646 ὃ
983 1604 1028 1647 δὲ
1045 1602 1266 1661 μάγιστρος
1284 1603 1454 1661 Βάρδας
1475 1602 1497 1647 ὅ
1519 1604 1704 1661 Σκληρὸς
1721 1601 1834 1653 ὥς20

320 1671 474 1731 ᾔσθετο
503 1671 608 1716 κατὰ
637 1672 740 1715 πολὺ
766 1677 824 1730 τῷ
850 1669 1002 1727 πλῆθει
1026 1671 1258 1727 λειπόμενος
1291 1673 1548 1731 (περιίστατο
1569 1660 1780 1730 γὰριαῧτῷ

319 1745 434 1785 πᾶσα
459 1738 486 1796 ἦ
514 1741 686 1798 στρατιὰ
719 1742 774 1793 εἷς
806 1738 861 1795 ιβ’
887 1739 1130 1795 χιλιάδας),
1165 1747 1448 1799 στρατηγικαῖς
1477 1740 1576 1798 ξ’γνω
1604 1737 1781 1791 ἀπάταις

412 1894 437 1930 2
460 1892 688 1938 δορυκτήτου
711 1893 743 1929 C
832 1893 857 1929 7
876 1891 945 1934 τοὶς
966 1892 1034 1938 τῆς
1051 1891 1147 1935 {aiae
1163 1893 1194 1930 C
1283 1894 1308 1931 9
1329 1890 1452 1941 βάρδοι
1471 1893 1502 1930 C
1593 1893 1638 1931 11
1656 1890 1680 1930 o*
1698 1896 1781 1941 post

411 1938 475 1976 καὶ
500 1951 556 1975 om
575 1941 607 1976 C
744 1938 788 1976 15
807 1939 1085 1988 κατῳκημένους
1102 1940 1133 1977 C
1498 1972 1500 1974 ,

323 2076 413 2125 ipsis
443 2077 650 2125 promissum
679 2077 1003 2124 multiplicaturum,
1040 2077 1225 2124 sociosque
1257 2081 1294 2114 et
1324 2076 1453 2114 amieos
1481 2088 1541 2113 eos
1562 2087 1626 2123 per
1647 2087 1782 2111 omnem

324 2124 433 2160 vitam
464 2125 661 2159 habiturum
692 2124 933 2169 pollicebatur.
981 2123 1043 2161 his*
1059 2124 1165 2160 Rossi
1186 2123 1487 2168 vocibusfinflatss
1522 2127 1558 2158 et
1582 2121 1782 2168 Bulgariam

324 2176 365 2205 ut
386 2169 475 2205 bello
500 2182 521 2204 a
542 2182 582 2205 se
604 2171 780 2205 subactam
803 2170 872 2205 sibi
892 2169 1169 2214 vindicaverunt,
1193 2175 1229 2205 et
1250 2170 1386 2214 legatos
1408 2168 1641 2215 imperatoris,
1669 2167 1784 2203 omnia

324 2216 378 2251 eis
401 2228 423 2251 a.
446 2216 644 2262 Nicephoro
667 2222 771 2262 pacta
793 2228 833 2251 se
855 2216 1108 2262 persoluturum
1130 2216 1326 2261 pollicentis
1339 2241 1350 2259 ‚
1383 2214 1589 2250 barbaricae
1614 2224 1783 2258 mogan-

325 2261 398 2296 tiae
420 2261 534 2307 plenis
555 2261 734 2307 responsis
757 2262 848 2297 datis
871 2262 1081 2297 reiecerunt.
1129 2262 1274 2308 proinde
1297 2261 1487 2307 imperator
1502 2260 1694 2296 armis-eam
1710 2269 1784 2294 rem

325 2308 526 2352 disceptare
546 2312 706 2353 coactus,
731 2308 845 2343 missis
866 2307 979 2342 literis
1001 2307 1161 2342 celeriter
1184 2308 1356 2342 exercitus
1379 2308 1423 2342 ab
1447 2306 1595 2341 Oriente
1616 2306 1654 2340 in
1677 2303 1785 2339 Occi-

325 2354 465 2388 dentem
488 2354 676 2398 transfert,
700 2354 821 2399 eisque
843 2354 964 2388 ducem
986 2365 1007 2388 a
1031 2365 1070 2388 se
1092 2353 1298 2388 nominatum
1322 2352 1482 2399 praeficit
1502 2352 1653 2387 Bardam
1675 2349 1785 2395 magi-

323 2404 454 2443 strum,
481 2406 707 2444 cognomento
731 2400 906 2444 Sclerum,
932 2400 968 2434 id
991 2405 1045 2434 est
1064 2400 1216 2443 Durum,
1244 2399 1342 2433 cuius
1363 2410 1516 2433 sororem
1541 2397 1685 2432 Mariam
1709 2395 1785 2441 pri-

322 2449 427 2479 vatus
449 2445 563 2480 adhuc
583 2445 737 2490 legitimo
759 2446 828 2481 sibi
851 2445 1066 2480 matrimonio
1090 2445 1339 2487 coniunxerat3
1361 2444 1551 2489 statuitque
1569 2443 1664 2478 veris
1683 2441 1784 2476 initio

323 2490 402 2534 ipse
434 2502 574 2536 quoque
602 2490 641 2525 in
672 2491 796 2526 bellum
826 2491 1014 2537 proficisci.
1061 2492 1124 2525 sed
1154 2491 1259 2525 Rossi
1290 2501 1477 2535 eorumque
1498 2490 1622 2524 ductor
1644 2488 1785 2533 Sphen-

324 2535 548 2581 dosthlabus‚
586 2537 706 2572 audito
739 2538 912 2572 Romanas
945 2537 1065 2582 copias
1096 2536 1296 2580 traiecisse,
1332 2535 1524 2570 coniunctis
1547 2546 1634 2580 quos
1657 2533 1786 2568 iamin

324 2592 389 2615 sua
421 2581 595 2617 habebant
628 2587 805 2628 potestate
843 2583 1025 2628 Bulgaris,
1066 2582 1210 2617 adscitis
1247 2582 1430 2616 etiamad
1461 2579 1543 2614 belli
1575 2580 1787 2614 consortium

322 2625 544 2671 Patzinacis,
567 2632 604 2662 et
626 2629 687 2673 qui
709 2629 746 2663 in
769 2629 950 2664 Pannonia
972 2640 1095 2664 versus
1114 2639 1272 2663 occasum
1290 2626 1492 2662 habitabant
1510 2626 1658 2668 Turcis,
1682 2635 1787 2660 exer-

324 2671 398 2706 citu
420 2672 585 2706 bellicoso
609 2680 821 2719 congregato
845 2676 890 2710 ad
913 2676 981 2711 308
1004 2674 1158 2708 virorum
1181 2673 1293 2715 milia,
1318 2673 1460 2707 Aemum
1487 2671 1622 2716 egressi
1643 2670 1788 2706 univer-

324 2728 399 2751 sam
430 2717 617 2753 Thraciam
646 2720 819 2755 incendiis
843 2732 885 2755 ao
908 2720 1193 2767 praedationibus
1224 2722 1425 2759 vastarunt;
1459 2718 1654 2764 castrisque
1673 2727 1788 2762 prope

325 2773 443 2797 muros
473 2763 716 2810 Arcadiopolis
749 2766 855 2800 factis
879 2766 1004 2811 praelii
1027 2765 1241 2800 occasionem
1270 2762 1472 2810 praestolati
1496 2768 1590 2798 sunt.
1632 2767 1675 2797 vat
1697 2763 1786 2796 Bar-

325 2808 408 2853 das,
446 2808 508 2853 qui
530 2821 570 2844 se
593 2821 733 2845 numero
757 2811 915 2846 hostibus
937 2811 1043 2846 multo
1066 2811 1268 2845 inferiorem
1291 2809 1457 2852 sentiret,
1491 2809 1622 2854 quippe
1653 2807 1786 2843 duode-

326 2853 396 2890 cim
418 2855 556 2891 omnino
578 2855 706 2892 milium
729 2857 886 2892 exercitu
904 2857 1113 2901 instructus,
1139 2856 1273 2891 artibus
1297 2855 1535 2902 imperatoriis
1558 2853 1683 2891 statuit
1703 2854 1786 2888 bar-
