<?xml version="1.0" encoding="UTF-8"?>
<!DOCTYPE html PUBLIC "-//W3C//DTD XHTML 1.0 Transitional//EN"
    "http://www.w3.org/TR/xhtml1/DTD/xhtml1-transitional.dtd">
<html xmlns="http://www.w3.org/1999/xhtml" xml:lang="en" lang="en">
 <head>
  <title>
</title>
<meta http-equiv="Content-Type" content="text/html;charset=utf-8" />
  <meta name='ocr-system' content='tesseract 3.04.00' />
  <meta name='ocr-capabilities' content='ocr_page ocr_carea ocr_par ocr_line ocrx_word'/>
</head>
<body>
  <div class='ocr_page' id='page_1' title='image "./corpusscriptorum14niebuoft/corpusscriptorum14niebuoft_0893.png"; bbox 0 0 1916 3210; ppageno 0'>
   <div class='ocr_carea' id='block_1_1' title="bbox 680 175 1663 224">
    <p class='ocr_par' dir='ltr' id='par_1_1' title="bbox 680 175 1663 224">
     <span class='ocr_line' id='line_1_1' title="bbox 680 175 1663 224; baseline 0.008 -8"><span class='ocrx_word' id='word_1_1' title='bbox 680 201 686 209; x_wconf 89' lang='lat'><strong>·</strong></span> <span class='ocrx_word' id='word_1_2' title='bbox 708 175 1159 222; x_wconf 67' lang='lat' dir='ltr'><strong>ANNOTATIONES.</strong></span> <span class='ocrx_word' id='word_1_3' title='bbox 1565 179 1663 224; x_wconf 84' lang='lat'><strong>883</strong></span> 
     </span>
    </p>
   </div>
   <div class='ocr_carea' id='block_1_2' title="bbox 196 279 1662 450">
    <p class='ocr_par' dir='ltr' id='par_1_2' title="bbox 196 279 1662 450">
     <span class='ocr_line' id='line_1_2' title="bbox 198 279 1661 339; baseline 0.005 -18"><span class='ocrx_word' id='word_1_4' title='bbox 198 279 330 331; x_wconf 69' lang='lat' dir='ltr'><strong>lente)</strong></span> <span class='ocrx_word' id='word_1_5' title='bbox 358 282 632 333; x_wconf 84' lang='lat' dir='ltr'><strong>evulgabimus‚</strong></span> <span class='ocrx_word' id='word_1_6' title='bbox 661 288 702 322; x_wconf 89' lang='lat' dir='ltr'><strong>ut</strong></span> <span class='ocrx_word' id='word_1_7' title='bbox 723 285 944 324; x_wconf 81' lang='lat' dir='ltr'>doctioribus</span> <span class='ocrx_word' id='word_1_8' title='bbox 964 286 1068 325; x_wconf 90' lang='lat' dir='ltr'><strong>simul</strong></span> <span class='ocrx_word' id='word_1_9' title='bbox 1088 291 1201 339; x_wconf 86' lang='lat' dir='ltr'><strong>atque</strong></span> <span class='ocrx_word' id='word_1_10' title='bbox 1219 289 1478 328; x_wconf 75' lang='lat' dir='ltr'><strong>indoctioribus</strong></span> <span class='ocrx_word' id='word_1_11' title='bbox 1499 288 1661 329; x_wconf 84' lang='lat' dir='ltr'><strong>laborem</strong></span> 
     </span>
     <span class='ocr_line' id='line_1_3' title="bbox 197 335 1662 398; baseline 0.008 -23"><span class='ocrx_word' id='word_1_12' title='bbox 197 335 269 376; x_wconf 80' lang='lat' dir='ltr'><strong>ista</strong></span> <span class='ocrx_word' id='word_1_13' title='bbox 289 339 527 389; x_wconf 86' lang='lat' dir='ltr'><strong>conquirendi</strong></span> <span class='ocrx_word' id='word_1_14' title='bbox 553 341 816 392; x_wconf 81' lang='lat' dir='ltr'><strong>scrutandique</strong></span> <span class='ocrx_word' id='word_1_15' title='bbox 837 341 1061 392; x_wconf 87' lang='lat' dir='ltr'><strong>minuamus,</strong></span> <span class='ocrx_word' id='word_1_16' title='bbox 1088 356 1131 383; x_wconf 92' lang='lat' dir='ltr'><strong>ac</strong></span> <span class='ocrx_word' id='word_1_17' title='bbox 1151 345 1325 385; x_wconf 87' lang='lat' dir='ltr'><strong>nonnulla</strong></span> <span class='ocrx_word' id='word_1_18' title='bbox 1346 346 1455 385; x_wconf 87' lang='lat' dir='ltr'><strong>etiam</strong></span> <span class='ocrx_word' id='word_1_19' title='bbox 1478 359 1574 398; x_wconf 83' lang='lat' dir='ltr'><strong>quae</strong></span> <span class='ocrx_word' id='word_1_20' title='bbox 1594 349 1662 386; x_wconf 88' lang='lat' dir='ltr'><strong>ad-</strong></span> 
     </span>
     <span class='ocr_line' id='line_1_4' title="bbox 196 391 1125 450; baseline 0.008 -18"><span class='ocrx_word' id='word_1_21' title='bbox 196 391 269 433; x_wconf 84' lang='lat' dir='ltr'><strong>huc</strong></span> <span class='ocrx_word' id='word_1_22' title='bbox 285 406 355 433; x_wconf 89' lang='lat' dir='ltr'><strong>nos</strong></span> <span class='ocrx_word' id='word_1_23' title='bbox 371 396 547 446; x_wconf 82' lang='lat' dir='ltr'><strong>sugerunt</strong></span> <span class='ocrx_word' id='word_1_24' title='bbox 561 398 683 436; x_wconf 89' lang='lat' dir='ltr'><strong>venati</strong></span> <span class='ocrx_word' id='word_1_25' title='bbox 700 410 961 450; x_wconf 80' lang='lat' dir='ltr'><strong>proponamus.</strong></span> <span class='ocrx_word' id='word_1_26' title='bbox 1017 400 1125 439; x_wconf 69' lang='grc' dir='ltr'><strong>ΧΠ..</strong></span> 
     </span>
    </p>
   </div>
   <div class='ocr_carea' id='block_1_3' title="bbox 193 472 1659 623">
    <p class='ocr_par' dir='ltr' id='par_1_3' title="bbox 193 472 1659 623">
     <span class='ocr_line' id='line_1_5' title="bbox 306 472 1658 531; baseline 0.007 -20"><span class='ocrx_word' id='word_1_27' title='bbox 306 476 335 511; x_wconf 88' lang='lat' dir='ltr'><strong>t.</strong></span> <span class='ocrx_word' id='word_1_28' title='bbox 353 472 387 512; x_wconf 89' lang='lat'><strong>11</strong></span> <span class='ocrx_word' id='word_1_29' title='bbox 412 487 448 526; x_wconf 88' lang='lat' dir='ltr'><strong>p.</strong></span> <span class='ocrx_word' id='word_1_30' title='bbox 468 477 550 518; x_wconf 79' lang='lat'><strong>629</strong></span> <span class='ocrx_word' id='word_1_31' title='bbox 572 488 605 514; x_wconf 87' lang='lat' dir='ltr'><strong>v.</strong></span> <span class='ocrx_word' id='word_1_32' title='bbox 623 479 664 518; x_wconf 86' lang='lat'><strong>7.</strong></span> <span class='ocrx_word' id='word_1_33' title='bbox 721 472 970 531; x_wconf 81' lang='grc' dir='ltr'><strong><em>κρανόληρον</em></strong></span> <span class='ocrx_word' id='word_1_34' title='bbox 996 477 1186 526; x_wconf 73' lang='lat' dir='ltr'><strong>delirum,</strong></span> <span class='ocrx_word' id='word_1_35' title='bbox 1215 481 1319 531; x_wconf 81' lang='lat' dir='ltr'><strong>quasi</strong></span> <span class='ocrx_word' id='word_1_36' title='bbox 1342 480 1484 519; x_wconf 85' lang='lat' dir='ltr'><strong>diceres</strong></span> <span class='ocrx_word' id='word_1_37' title='bbox 1505 482 1658 522; x_wconf 85' lang='lat' dir='ltr'><strong>cerebro</strong></span> 
     </span>
     <span class='ocr_line' id='line_1_6' title="bbox 193 527 1659 623; baseline 0.008 -56"><span class='ocrx_word' id='word_1_38' title='bbox 193 527 426 623; x_wconf 50' lang='lat' dir='ltr'><strong>gggfime</strong></span> <span class='ocrx_word' id='word_1_39' title='bbox 454 531 568 571; x_wconf 86' lang='lat' dir='ltr'><strong>delira</strong></span> <span class='ocrx_word' id='word_1_40' title='bbox 596 545 733 573; x_wconf 86' lang='lat' dir='ltr'><strong>senem.</strong></span> <span class='ocrx_word' id='word_1_41' title='bbox 792 530 859 574; x_wconf 80' lang='grc' dir='ltr'><strong>τὸν</strong></span> <span class='ocrx_word' id='word_1_42' title='bbox 887 530 1136 590; x_wconf 82' lang='grc' dir='ltr'><strong><em>κρονόληρον</em></strong></span> <span class='ocrx_word' id='word_1_43' title='bbox 1166 537 1216 576; x_wconf 90' lang='lat' dir='ltr'><strong>ad</strong></span> <span class='ocrx_word' id='word_1_44' title='bbox 1244 537 1470 587; x_wconf 85' lang='lat' dir='ltr'><strong>Xylandrum</strong></span> <span class='ocrx_word' id='word_1_45' title='bbox 1498 539 1659 578; x_wconf 87' lang='lat' dir='ltr'><strong>remitto.</strong></span> 
     </span>
    </p>
   </div>
   <div class='ocr_carea' id='block_1_4' title="bbox 188 663 1658 1004">
    <p class='ocr_par' dir='ltr' id='par_1_4' title="bbox 188 663 1658 1004">
     <span class='ocr_line' id='line_1_7' title="bbox 306 663 1657 722; baseline 0.008 -20"><span class='ocrx_word' id='word_1_46' title='bbox 306 667 336 702; x_wconf 81' lang='lat' dir='ltr'><strong>t.</strong></span> <span class='ocrx_word' id='word_1_47' title='bbox 354 663 391 703; x_wconf 87' lang='lat'><strong>11</strong></span> <span class='ocrx_word' id='word_1_48' title='bbox 417 677 456 716; x_wconf 85' lang='lat' dir='ltr'><strong>p.</strong></span> <span class='ocrx_word' id='word_1_49' title='bbox 473 665 556 706; x_wconf 81' lang='lat'><strong>632</strong></span> <span class='ocrx_word' id='word_1_50' title='bbox 576 677 611 704; x_wconf 91' lang='lat' dir='ltr'><strong>v.</strong></span> <span class='ocrx_word' id='word_1_51' title='bbox 631 668 696 708; x_wconf 89' lang='lat'><strong>18.</strong></span> <span class='ocrx_word' id='word_1_52' title='bbox 756 669 1062 718; x_wconf 82' lang='grc' dir='ltr'><strong><em>Κωνσταντῖνος</em></strong></span> <span class='ocrx_word' id='word_1_53' title='bbox 1090 669 1116 710; x_wconf 78' lang='grc' dir='ltr'>ό</span> <span class='ocrx_word' id='word_1_54' title='bbox 1148 667 1300 718; x_wconf 81' lang='grc' dir='ltr'><strong><em>Ψελλός</em></strong></span> <span class='ocrx_word' id='word_1_55' title='bbox 1319 672 1399 711; x_wconf 70' lang='grc' dir='ltr'><strong>τῶν</strong></span> <span class='ocrx_word' id='word_1_56' title='bbox 1418 671 1657 722; x_wconf 83' lang='grc' dir='ltr'><em>φιλοσόφων</em></span> 
     </span>
     <span class='ocr_line' id='line_1_8' title="bbox 192 715 1658 778; baseline 0.006 -18"><span class='ocrx_word' id='word_1_57' title='bbox 192 717 219 762; x_wconf 73' lang='grc' dir='ltr'><em>ὅ</em></span> <span class='ocrx_word' id='word_1_58' title='bbox 235 715 412 772; x_wconf 68' lang='grc' dir='ltr'><strong><em>ὕπατος]</em></strong></span> <span class='ocrx_word' id='word_1_59' title='bbox 438 733 514 760; x_wconf 88' lang='lat' dir='ltr'><strong>non</strong></span> <span class='ocrx_word' id='word_1_60' title='bbox 535 733 581 760; x_wconf 88' lang='lat' dir='ltr'><strong>ex</strong></span> <span class='ocrx_word' id='word_1_61' title='bbox 600 723 733 761; x_wconf 87' lang='lat' dir='ltr'><strong>merito</strong></span> <span class='ocrx_word' id='word_1_62' title='bbox 752 724 892 773; x_wconf 88' lang='lat' dir='ltr'><strong>solum,</strong></span> <span class='ocrx_word' id='word_1_63' title='bbox 921 726 989 765; x_wconf 88' lang='lat' dir='ltr'><strong>sed</strong></span> <span class='ocrx_word' id='word_1_64' title='bbox 1010 739 1059 769; x_wconf 64' lang='lat' dir='ltr'><strong>ex&gt;</strong></span> <span class='ocrx_word' id='word_1_65' title='bbox 1074 727 1195 765; x_wconf 83' lang='lat' dir='ltr'><strong>officio</strong></span> <span class='ocrx_word' id='word_1_66' title='bbox 1216 731 1290 765; x_wconf 89' lang='lat' dir='ltr'><strong>tam</strong></span> <span class='ocrx_word' id='word_1_67' title='bbox 1312 729 1526 778; x_wconf 85' lang='lat' dir='ltr'><strong>exquisitum</strong></span> <span class='ocrx_word' id='word_1_68' title='bbox 1546 731 1658 770; x_wconf 88' lang='lat' dir='ltr'><strong>Pselli</strong></span> 
     </span>
     <span class='ocr_line' id='line_1_9' title="bbox 190 774 1655 836; baseline 0.007 -21"><span class='ocrx_word' id='word_1_69' title='bbox 190 789 350 826; x_wconf 87' lang='lat' dir='ltr'><strong>nomen,</strong></span> <span class='ocrx_word' id='word_1_70' title='bbox 378 789 453 828; x_wconf 90' lang='lat' dir='ltr'><strong>quo</strong></span> <span class='ocrx_word' id='word_1_71' title='bbox 478 779 563 817; x_wconf 73' lang='grc' dir='ltr'><strong>τοῖν</strong></span> <span class='ocrx_word' id='word_1_72' title='bbox 593 774 833 830; x_wconf 84' lang='grc' dir='ltr'><strong><em>φιλοσόφων</em></strong></span> <span class='ocrx_word' id='word_1_73' title='bbox 859 777 1034 831; x_wconf 73' lang='grc' dir='ltr'><strong><em>ὕπατος,</em></strong></span> <span class='ocrx_word' id='word_1_74' title='bbox 1062 783 1131 822; x_wconf 87' lang='lat' dir='ltr'><strong>hoc</strong></span> <span class='ocrx_word' id='word_1_75' title='bbox 1157 788 1214 822; x_wconf 89' lang='lat' dir='ltr'><strong>est</strong></span> <span class='ocrx_word' id='word_1_76' title='bbox 1239 782 1475 836; x_wconf 65' lang='grc' dir='ltr'><strong>ιιῖπτείρτιη-οςς,</strong></span> <span class='ocrx_word' id='word_1_77' title='bbox 1505 787 1655 834; x_wconf 71' lang='lat' dir='ltr'><strong>dicitur-3</strong></span> 
     </span>
     <span class='ocr_line' id='line_1_10' title="bbox 189 834 1658 893; baseline 0.006 -21"><span class='ocrx_word' id='word_1_78' title='bbox 189 845 401 885; x_wconf 83' lang='lat' dir='ltr'><strong>quanquam</strong></span> <span class='ocrx_word' id='word_1_79' title='bbox 425 834 571 872; x_wconf 89' lang='lat' dir='ltr'><strong>nonnisi</strong></span> <span class='ocrx_word' id='word_1_80' title='bbox 601 848 646 873; x_wconf 83' lang='lat' dir='ltr'><strong>ex</strong></span> <span class='ocrx_word' id='word_1_81' title='bbox 672 837 801 875; x_wconf 86' lang='lat' dir='ltr'><strong>merito</strong></span> <span class='ocrx_word' id='word_1_82' title='bbox 822 838 1042 877; x_wconf 83' lang='lat' dir='ltr'><strong>tribueretur</strong></span> <span class='ocrx_word' id='word_1_83' title='bbox 1062 839 1242 888; x_wconf 88' lang='lat' dir='ltr'><strong>officium,</strong></span> <span class='ocrx_word' id='word_1_84' title='bbox 1276 854 1374 879; x_wconf 91' lang='lat' dir='ltr'><strong>nono</strong></span> <span class='ocrx_word' id='word_1_85' title='bbox 1394 854 1503 893; x_wconf 88' lang='lat' dir='ltr'><strong>supra</strong></span> <span class='ocrx_word' id='word_1_86' title='bbox 1521 844 1658 893; x_wconf 86' lang='lat' dir='ltr'><strong>vigesi-</strong></span> 
     </span>
     <span class='ocr_line' id='line_1_11' title="bbox 188 889 1656 949; baseline 0.005 -19"><span class='ocrx_word' id='word_1_87' title='bbox 188 902 289 930; x_wconf 86' lang='lat' dir='ltr'><strong>mum</strong></span> <span class='ocrx_word' id='word_1_88' title='bbox 310 889 391 929; x_wconf 87' lang='lat' dir='ltr'><strong>loco</strong></span> <span class='ocrx_word' id='word_1_89' title='bbox 407 890 504 929; x_wconf 86' lang='lat' dir='ltr'><strong>inter</strong></span> <span class='ocrx_word' id='word_1_90' title='bbox 524 890 686 942; x_wconf 87' lang='lat' dir='ltr'><strong>palatina</strong></span> <span class='ocrx_word' id='word_1_91' title='bbox 707 899 959 933; x_wconf 84' lang='lat' dir='ltr'><strong>enumeratum</strong></span> <span class='ocrx_word' id='word_1_92' title='bbox 980 894 1002 933; x_wconf 91' lang='lat' dir='ltr'><strong>l.</strong></span> <span class='ocrx_word' id='word_1_93' title='bbox 1023 898 1051 936; x_wconf 81' lang='lat'><strong>2</strong></span> <span class='ocrx_word' id='word_1_94' title='bbox 1076 897 1169 934; x_wconf 89' lang='lat' dir='ltr'><strong>Iuris</strong></span> <span class='ocrx_word' id='word_1_95' title='bbox 1191 897 1485 936; x_wconf 86' lang='lat' dir='ltr'><strong>Graecoromani.</strong></span> <span class='ocrx_word' id='word_1_96' title='bbox 1541 900 1656 949; x_wconf 85' lang='lat' dir='ltr'><strong>gessit</strong></span> 
     </span>
     <span class='ocr_line' id='line_1_12' title="bbox 189 945 1654 1004; baseline 0.008 -19"><span class='ocrx_word' id='word_1_97' title='bbox 189 946 301 986; x_wconf 86' lang='lat' dir='ltr'><strong>etiam</strong></span> <span class='ocrx_word' id='word_1_98' title='bbox 317 945 406 986; x_wconf 87' lang='lat' dir='ltr'><strong>illud</strong></span> <span class='ocrx_word' id='word_1_99' title='bbox 422 945 644 987; x_wconf 80' lang='lat' dir='ltr'><strong>Theodorus</strong></span> <span class='ocrx_word' id='word_1_100' title='bbox 658 948 866 1002; x_wconf 83' lang='lat' dir='ltr'><strong>patriarcha</strong></span> <span class='ocrx_word' id='word_1_101' title='bbox 885 951 971 1001; x_wconf 82' lang='grc' dir='ltr'><strong>ΟΡ,</strong></span> <span class='ocrx_word' id='word_1_102' title='bbox 1001 953 1050 992; x_wconf 89' lang='lat' dir='ltr'><strong>de</strong></span> <span class='ocrx_word' id='word_1_103' title='bbox 1065 965 1138 1004; x_wconf 93' lang='lat' dir='ltr'><strong>quo</strong></span> <span class='ocrx_word' id='word_1_104' title='bbox 1156 953 1205 992; x_wconf 86' lang='lat' dir='ltr'><strong>ad</strong></span> <span class='ocrx_word' id='word_1_105' title='bbox 1223 954 1387 993; x_wconf 85' lang='lat' dir='ltr'><strong>ciusdem</strong></span> <span class='ocrx_word' id='word_1_106' title='bbox 1403 954 1488 993; x_wconf 89' lang='lat' dir='ltr'><strong>libri</strong></span> <span class='ocrx_word' id='word_1_107' title='bbox 1505 957 1654 996; x_wconf 84' lang='lat' dir='ltr'><strong>calcem.</strong></span> 
     </span>
    </p>
   </div>
   <div class='ocr_carea' id='block_1_5' title="bbox 187 1003 330 1043">
    <p class='ocr_par' dir='ltr' id='par_1_5' title="bbox 187 1003 330 1043">
     <span class='ocr_line' id='line_1_13' title="bbox 187 1003 330 1043; baseline -0.007 0"><span class='ocrx_word' id='word_1_108' title='bbox 187 1003 330 1043; x_wconf 67' lang='lat' dir='ltr'><strong>Gom.</strong></span> 
     </span>
    </p>
   </div>
   <div class='ocr_carea' id='block_1_6' title="bbox 186 1081 1652 1193">
    <p class='ocr_par' dir='ltr' id='par_1_6' title="bbox 186 1081 1652 1193">
     <span class='ocr_line' id='line_1_14' title="bbox 298 1081 1652 1138; baseline 0.006 -17"><span class='ocrx_word' id='word_1_109' title='bbox 298 1086 325 1122; x_wconf 82' lang='lat' dir='ltr'><strong>t.</strong></span> <span class='ocrx_word' id='word_1_110' title='bbox 342 1081 376 1121; x_wconf 83' lang='lat' dir='ltr'><strong>ll</strong></span> <span class='ocrx_word' id='word_1_111' title='bbox 401 1095 441 1135; x_wconf 83' lang='lat' dir='ltr'><strong>p.</strong></span> <span class='ocrx_word' id='word_1_112' title='bbox 465 1081 549 1124; x_wconf 83' lang='lat'><strong>635</strong></span> <span class='ocrx_word' id='word_1_113' title='bbox 570 1095 604 1122; x_wconf 86' lang='lat' dir='ltr'><strong>v.</strong></span> <span class='ocrx_word' id='word_1_114' title='bbox 627 1085 691 1125; x_wconf 87' lang='lat'><strong>16.</strong></span> <span class='ocrx_word' id='word_1_115' title='bbox 749 1083 956 1136; x_wconf 74' lang='grc' dir='ltr'><strong><em>διπλοΐδα]</em></strong></span> <span class='ocrx_word' id='word_1_116' title='bbox 989 1083 1210 1138; x_wconf 71' lang='grc' dir='ltr'><strong><em>φελοὶνιον,</em></strong></span> <span class='ocrx_word' id='word_1_117' title='bbox 1238 1088 1277 1126; x_wconf 88' lang='lat' dir='ltr'><strong>id</strong></span> <span class='ocrx_word' id='word_1_118' title='bbox 1307 1092 1363 1126; x_wconf 90' lang='lat' dir='ltr'><strong>est</strong></span> <span class='ocrx_word' id='word_1_119' title='bbox 1389 1089 1652 1128; x_wconf 80' lang='lat' dir='ltr'><strong>sacerdotalem</strong></span> 
     </span>
     <span class='ocr_line' id='line_1_15' title="bbox 186 1138 1594 1193; baseline 0.005 -16"><span class='ocrx_word' id='word_1_120' title='bbox 186 1138 370 1178; x_wconf 82' lang='lat' dir='ltr'><strong>casulam</strong></span> <span class='ocrx_word' id='word_1_121' title='bbox 387 1140 635 1191; x_wconf 86' lang='lat' dir='ltr'><strong>undequaque</strong></span> <span class='ocrx_word' id='word_1_122' title='bbox 653 1144 774 1180; x_wconf 91' lang='lat' dir='ltr'><strong>totum</strong></span> <span class='ocrx_word' id='word_1_123' title='bbox 793 1154 926 1193; x_wconf 87' lang='lat' dir='ltr'><strong>corpus</strong></span> <span class='ocrx_word' id='word_1_124' title='bbox 945 1144 1146 1182; x_wconf 87' lang='lat' dir='ltr'><strong>sacerdotis</strong></span> <span class='ocrx_word' id='word_1_125' title='bbox 1167 1145 1399 1185; x_wconf 85' lang='lat' dir='ltr'><strong>ambientem.</strong></span> <span class='ocrx_word' id='word_1_126' title='bbox 1458 1145 1594 1184; x_wconf 70' lang='lat' dir='ltr'><strong>GoAR.</strong></span> 
     </span>
    </p>
   </div>
   <div class='ocr_carea' id='block_1_7' title="bbox 0 0 78 628">
    <p class='ocr_par' dir='ltr' id='par_1_7' title="bbox 0 0 78 628">
     <span class='ocr_line' id='line_1_16' title="bbox 0 0 78 628; baseline 0 2582"><span class='ocrx_word' id='word_1_127' title='bbox 0 0 78 628; x_wconf 95' lang='lat' dir='ltr'><strong> </strong></span> 
     </span>
    </p>
   </div>
   <div class='ocr_carea' id='block_1_8' title="bbox 2 822 26 874">
    <p class='ocr_par' dir='ltr' id='par_1_8' title="bbox 2 822 26 874">
     <span class='ocr_line' id='line_1_17' title="bbox 5 822 26 831; baseline 0 0"><span class='ocrx_word' id='word_1_128' title='bbox 5 822 26 831; x_wconf 70' lang='grc' dir='ltr'><strong>,ι</strong></span> 
     </span>
     <span class='ocr_line' id='line_1_18' title="bbox 2 866 6 874; baseline 0 0"><span class='ocrx_word' id='word_1_129' title='bbox 2 866 6 874; x_wconf 69' lang='grc' dir='ltr'><strong>ι</strong></span> 
     </span>
    </p>
   </div>
   <div class='ocr_carea' id='block_1_9' title="bbox 182 1218 1652 1331">
    <p class='ocr_par' dir='ltr' id='par_1_9' title="bbox 182 1218 1652 1331">
     <span class='ocr_line' id='line_1_19' title="bbox 297 1218 1652 1276; baseline 0.007 -20"><span class='ocrx_word' id='word_1_130' title='bbox 297 1221 327 1256; x_wconf 88' lang='lat' dir='ltr'><strong>t.</strong></span> <span class='ocrx_word' id='word_1_131' title='bbox 344 1218 380 1256; x_wconf 92' lang='lat'><strong>11</strong></span> <span class='ocrx_word' id='word_1_132' title='bbox 405 1231 445 1270; x_wconf 88' lang='lat' dir='ltr'><strong>p.</strong></span> <span class='ocrx_word' id='word_1_133' title='bbox 465 1219 549 1260; x_wconf 85' lang='lat'><strong>636</strong></span> <span class='ocrx_word' id='word_1_134' title='bbox 571 1231 604 1256; x_wconf 92' lang='lat' dir='ltr'><strong>v.</strong></span> <span class='ocrx_word' id='word_1_135' title='bbox 626 1222 690 1262; x_wconf 83' lang='lat'><strong>12.</strong></span> <span class='ocrx_word' id='word_1_136' title='bbox 749 1221 823 1260; x_wconf 79' lang='grc' dir='ltr'><strong>τοῦ</strong></span> <span class='ocrx_word' id='word_1_137' title='bbox 859 1221 931 1271; x_wconf 79' lang='grc' dir='ltr'><strong>τῆς</strong></span> <span class='ocrx_word' id='word_1_138' title='bbox 967 1219 1176 1273; x_wconf 78' lang='grc' dir='ltr'><strong><em>ἐκκλησίας</em></strong></span> <span class='ocrx_word' id='word_1_139' title='bbox 1211 1218 1534 1276; x_wconf 81' lang='grc' dir='ltr'><strong>δευτερεύοντος]</strong></span> <span class='ocrx_word' id='word_1_140' title='bbox 1578 1227 1652 1265; x_wconf 80' lang='grc' dir='ltr'><strong>τοῦ</strong></span> 
     </span>
     <span class='ocr_line' id='line_1_20' title="bbox 182 1275 1650 1331; baseline 0.003 -16"><span class='ocrx_word' id='word_1_141' title='bbox 182 1277 438 1328; x_wconf 78' lang='grc' dir='ltr'><strong><em>πρωτοπαπᾶ</em></strong></span> <span class='ocrx_word' id='word_1_142' title='bbox 471 1275 660 1322; x_wconf 87' lang='lat' dir='ltr'><strong>nimirum,</strong></span> <span class='ocrx_word' id='word_1_143' title='bbox 706 1276 770 1326; x_wconf 90' lang='lat' dir='ltr'><strong>qui</strong></span> <span class='ocrx_word' id='word_1_144' title='bbox 810 1277 990 1316; x_wconf 86' lang='lat' dir='ltr'><strong>secundas</strong></span> <span class='ocrx_word' id='word_1_145' title='bbox 1029 1279 1067 1316; x_wconf 91' lang='lat' dir='ltr'><strong>in</strong></span> <span class='ocrx_word' id='word_1_146' title='bbox 1106 1279 1272 1318; x_wconf 84' lang='lat' dir='ltr'><strong>omnibus</strong></span> <span class='ocrx_word' id='word_1_147' title='bbox 1298 1283 1383 1331; x_wconf 89' lang='lat' dir='ltr'><strong>post</strong></span> <span class='ocrx_word' id='word_1_148' title='bbox 1407 1281 1650 1331; x_wconf 85' lang='lat' dir='ltr'><strong>patriarcham</strong></span> 
     </span>
    </p>
   </div>
   <div class='ocr_carea' id='block_1_10' title="bbox 182 1331 1098 1384">
    <p class='ocr_par' dir='ltr' id='par_1_10' title="bbox 182 1331 1098 1384">
     <span class='ocr_line' id='line_1_21' title="bbox 182 1331 1098 1384; baseline 0.004 -14"><span class='ocrx_word' id='word_1_149' title='bbox 182 1331 336 1372; x_wconf 86' lang='lat' dir='ltr'><strong>obtinet.</strong></span> <span class='ocrx_word' id='word_1_150' title='bbox 392 1331 557 1371; x_wconf 84' lang='lat' dir='ltr'><strong>eodinus</strong></span> <span class='ocrx_word' id='word_1_151' title='bbox 577 1337 614 1370; x_wconf 91' lang='lat' dir='ltr'><strong>et</strong></span> <span class='ocrx_word' id='word_1_152' title='bbox 631 1332 905 1384; x_wconf 71' lang='lat' dir='ltr'><strong>Euchologium</strong></span> <span class='ocrx_word' id='word_1_153' title='bbox 964 1334 1098 1374; x_wconf 66' lang='lat' dir='ltr'><strong>Gom.</strong></span> 
     </span>
    </p>
   </div>
   <div class='ocr_carea' id='block_1_11' title="bbox 181 1407 1648 1510">
    <p class='ocr_par' dir='ltr' id='par_1_11' title="bbox 181 1407 1648 1510">
     <span class='ocr_line' id='line_1_22' title="bbox 293 1407 1648 1466; baseline 0.003 -16"><span class='ocrx_word' id='word_1_154' title='bbox 293 1414 323 1450; x_wconf 90' lang='lat' dir='ltr'><strong>t.</strong></span> <span class='ocrx_word' id='word_1_155' title='bbox 341 1410 375 1450; x_wconf 87' lang='lat'><strong>11</strong></span> <span class='ocrx_word' id='word_1_156' title='bbox 405 1423 446 1464; x_wconf 87' lang='lat' dir='ltr'><strong>p.</strong></span> <span class='ocrx_word' id='word_1_157' title='bbox 465 1411 548 1452; x_wconf 81' lang='lat'><strong>638</strong></span> <span class='ocrx_word' id='word_1_158' title='bbox 568 1423 603 1449; x_wconf 81' lang='lat' dir='ltr'><strong>v.</strong></span> <span class='ocrx_word' id='word_1_159' title='bbox 620 1411 660 1451; x_wconf 84' lang='lat'><strong>2.</strong></span> <span class='ocrx_word' id='word_1_160' title='bbox 716 1413 790 1452; x_wconf 84' lang='grc' dir='ltr'><strong>τοῦ</strong></span> <span class='ocrx_word' id='word_1_161' title='bbox 822 1407 1032 1464; x_wconf 72' lang='grc' dir='ltr'>ἅμβωνος]</span> <span class='ocrx_word' id='word_1_162' title='bbox 1074 1414 1122 1452; x_wconf 91' lang='lat' dir='ltr'><strong>de</strong></span> <span class='ocrx_word' id='word_1_163' title='bbox 1155 1426 1230 1465; x_wconf 92' lang='lat' dir='ltr'><strong>quo</strong></span> <span class='ocrx_word' id='word_1_164' title='bbox 1267 1414 1444 1466; x_wconf 83' lang='lat' dir='ltr'><strong>legendus</strong></span> <span class='ocrx_word' id='word_1_165' title='bbox 1481 1414 1648 1454; x_wconf 86' lang='lat' dir='ltr'><strong>Codinus</strong></span> 
     </span>
     <span class='ocr_line' id='line_1_23' title="bbox 181 1467 599 1510; baseline 0.002 -4"><span class='ocrx_word' id='word_1_166' title='bbox 181 1469 263 1506; x_wconf 88' lang='lat' dir='ltr'><strong>toto</strong></span> <span class='ocrx_word' id='word_1_167' title='bbox 284 1480 317 1507; x_wconf 88' lang='lat' dir='ltr'><strong>c.</strong></span> <span class='ocrx_word' id='word_1_168' title='bbox 339 1470 407 1510; x_wconf 86' lang='lat'><strong>17.</strong></span> <span class='ocrx_word' id='word_1_169' title='bbox 462 1467 599 1507; x_wconf 72' lang='lat' dir='ltr'><strong>GoAn.</strong></span> 
     </span>
    </p>
   </div>
   <div class='ocr_carea' id='block_1_12' title="bbox 178 1541 1647 1710">
    <p class='ocr_par' dir='ltr' id='par_1_12' title="bbox 178 1541 1647 1710">
     <span class='ocr_line' id='line_1_24' title="bbox 292 1541 1646 1600; baseline 0.003 -17"><span class='ocrx_word' id='word_1_170' title='bbox 292 1545 347 1584; x_wconf 85' lang='lat' dir='ltr'><strong>ib.</strong></span> <span class='ocrx_word' id='word_1_171' title='bbox 368 1559 404 1585; x_wconf 87' lang='lat' dir='ltr'><strong>v.</strong></span> <span class='ocrx_word' id='word_1_172' title='bbox 423 1548 462 1588; x_wconf 83' lang='grc'><strong>3.</strong></span> <span class='ocrx_word' id='word_1_173' title='bbox 519 1542 706 1598; x_wconf 70' lang='grc' dir='ltr'><em>βασιλεῦς</em></span> <span class='ocrx_word' id='word_1_174' title='bbox 733 1541 1011 1600; x_wconf 70' lang='grc' dir='ltr'><strong>αὐτοκράτωρ]</strong></span> <span class='ocrx_word' id='word_1_175' title='bbox 1041 1547 1239 1599; x_wconf 88' lang='lat' dir='ltr'><strong>imperator</strong></span> <span class='ocrx_word' id='word_1_176' title='bbox 1262 1561 1450 1600; x_wconf 86' lang='lat' dir='ltr'><strong>supremas</strong></span> <span class='ocrx_word' id='word_1_177' title='bbox 1475 1550 1646 1588; x_wconf 85' lang='lat' dir='ltr'><strong>obtinens</strong></span> 
     </span>
     <span class='ocr_line' id='line_1_25' title="bbox 179 1600 1647 1659; baseline 0.002 -17"><span class='ocrx_word' id='word_1_178' title='bbox 179 1603 345 1642; x_wconf 76' lang='lat' dir='ltr'><strong>diversus</strong></span> <span class='ocrx_word' id='word_1_179' title='bbox 373 1606 430 1642; x_wconf 85' lang='lat' dir='ltr'><strong>est</strong></span> <span class='ocrx_word' id='word_1_180' title='bbox 456 1602 504 1642; x_wconf 89' lang='lat' dir='ltr'><strong>ab</strong></span> <span class='ocrx_word' id='word_1_181' title='bbox 533 1615 578 1641; x_wconf 90' lang='lat' dir='ltr'><strong>eo</strong></span> <span class='ocrx_word' id='word_1_182' title='bbox 611 1603 674 1652; x_wconf 90' lang='lat' dir='ltr'><strong>qui</strong></span> <span class='ocrx_word' id='word_1_183' title='bbox 706 1600 921 1657; x_wconf 78' lang='grc' dir='ltr'><em>στρατηγός</em></span> <span class='ocrx_word' id='word_1_184' title='bbox 951 1600 1229 1659; x_wconf 74' lang='grc' dir='ltr'><em>αὐτοκράτωρ,</em></span> <span class='ocrx_word' id='word_1_185' title='bbox 1259 1610 1300 1643; x_wconf 90' lang='lat' dir='ltr'><strong>ut</strong></span> <span class='ocrx_word' id='word_1_186' title='bbox 1319 1606 1492 1658; x_wconf 83' lang='lat' dir='ltr'><strong>princeps</strong></span> <span class='ocrx_word' id='word_1_187' title='bbox 1515 1619 1538 1645; x_wconf 90' lang='lat' dir='ltr'><strong>a</strong></span> <span class='ocrx_word' id='word_1_188' title='bbox 1560 1607 1647 1645; x_wconf 89' lang='lat' dir='ltr'><strong>sub-</strong></span> 
     </span>
     <span class='ocr_line' id='line_1_26' title="bbox 178 1659 946 1710; baseline -0.001 -11"><span class='ocrx_word' id='word_1_189' title='bbox 178 1659 278 1710; x_wconf 87' lang='lat' dir='ltr'><strong>dito,</strong></span> <span class='ocrx_word' id='word_1_190' title='bbox 306 1672 371 1700; x_wconf 85' lang='lat' dir='ltr'><strong>rex</strong></span> <span class='ocrx_word' id='word_1_191' title='bbox 388 1659 436 1699; x_wconf 85' lang='lat' dir='ltr'><strong>ab</strong></span> <span class='ocrx_word' id='word_1_192' title='bbox 453 1659 633 1699; x_wconf 83' lang='lat' dir='ltr'><strong>exercitus</strong></span> <span class='ocrx_word' id='word_1_193' title='bbox 652 1659 756 1698; x_wconf 91' lang='lat' dir='ltr'><strong>duce.</strong></span> <span class='ocrx_word' id='word_1_194' title='bbox 813 1661 946 1700; x_wconf 47' lang='lat' dir='ltr'><strong>Golia.</strong></span> 
     </span>
    </p>
   </div>
   <div class='ocr_carea' id='block_1_13' title="bbox 171 1737 1645 2526">
    <p class='ocr_par' dir='ltr' id='par_1_13' title="bbox 171 1737 1645 2526">
     <span class='ocr_line' id='line_1_27' title="bbox 289 1737 1643 1790; baseline -0.001 -11"><span class='ocrx_word' id='word_1_195' title='bbox 289 1737 352 1779; x_wconf 87' lang='lat' dir='ltr'><strong>Ne</strong></span> <span class='ocrx_word' id='word_1_196' title='bbox 381 1739 429 1778; x_wconf 90' lang='lat' dir='ltr'><strong>de</strong></span> <span class='ocrx_word' id='word_1_197' title='bbox 464 1739 598 1778; x_wconf 84' lang='lat' dir='ltr'><strong>iniuste</strong></span> <span class='ocrx_word' id='word_1_198' title='bbox 630 1738 836 1790; x_wconf 87' lang='lat' dir='ltr'><strong>proscripta</strong></span> <span class='ocrx_word' id='word_1_199' title='bbox 871 1739 1048 1790; x_wconf 85' lang='lat' dir='ltr'><strong>Xylandri</strong></span> <span class='ocrx_word' id='word_1_200' title='bbox 1086 1739 1283 1784; x_wconf 87' lang='lat' dir='ltr'><strong>memoria,</strong></span> <span class='ocrx_word' id='word_1_201' title='bbox 1338 1739 1370 1776; x_wconf 91' lang='lat' dir='ltr'><strong>si</strong></span> <span class='ocrx_word' id='word_1_202' title='bbox 1404 1740 1481 1777; x_wconf 86' lang='lat' dir='ltr'><strong>eius</strong></span> <span class='ocrx_word' id='word_1_203' title='bbox 1515 1742 1643 1778; x_wconf 82' lang='lat' dir='ltr'><strong>rescis-</strong></span> 
     </span>
     <span class='ocr_line' id='line_1_28' title="bbox 177 1795 1645 1848; baseline 0 -13"><span class='ocrx_word' id='word_1_204' title='bbox 177 1807 243 1835; x_wconf 81' lang='lat' dir='ltr'><strong>sae</strong></span> <span class='ocrx_word' id='word_1_205' title='bbox 284 1795 441 1835; x_wconf 84' lang='lat' dir='ltr'><strong>fuissent</strong></span> <span class='ocrx_word' id='word_1_206' title='bbox 477 1795 737 1834; x_wconf 84' lang='lat' dir='ltr'><strong>annotationes</strong></span> <span class='ocrx_word' id='word_1_207' title='bbox 774 1797 832 1834; x_wconf 88' lang='lat' dir='ltr'><strong>vel</strong></span> <span class='ocrx_word' id='word_1_208' title='bbox 869 1809 915 1835; x_wconf 89' lang='lat' dir='ltr'><strong>ex</strong></span> <span class='ocrx_word' id='word_1_209' title='bbox 952 1797 1098 1847; x_wconf 86' lang='lat' dir='ltr'><strong>integro</strong></span> <span class='ocrx_word' id='word_1_210' title='bbox 1142 1796 1338 1834; x_wconf 88' lang='lat' dir='ltr'><strong>emendata</strong></span> <span class='ocrx_word' id='word_1_211' title='bbox 1373 1796 1645 1848; x_wconf 82' lang='lat' dir='ltr'><strong>interpretatio,</strong></span> 
     </span>
     <span class='ocr_line' id='line_1_29' title="bbox 175 1851 1644 1903; baseline 0.001 -13"><span class='ocrx_word' id='word_1_212' title='bbox 175 1851 340 1890; x_wconf 86' lang='lat' dir='ltr'><strong>nonnulli</strong></span> <span class='ocrx_word' id='word_1_213' title='bbox 366 1855 625 1899; x_wconf 87' lang='lat' dir='ltr'><strong>causarentur,</strong></span> <span class='ocrx_word' id='word_1_214' title='bbox 651 1851 688 1888; x_wconf 92' lang='lat' dir='ltr'><strong>in</strong></span> <span class='ocrx_word' id='word_1_215' title='bbox 719 1864 763 1890; x_wconf 89' lang='lat' dir='ltr'><strong>eo</strong></span> <span class='ocrx_word' id='word_1_216' title='bbox 792 1865 872 1890; x_wconf 89' lang='lat' dir='ltr'><strong>cum</strong></span> <span class='ocrx_word' id='word_1_217' title='bbox 898 1853 1070 1903; x_wconf 79' lang='lat' dir='ltr'><strong>Cedreno</strong></span> <span class='ocrx_word' id='word_1_218' title='bbox 1099 1853 1247 1891; x_wconf 86' lang='lat' dir='ltr'><strong>edendo</strong></span> <span class='ocrx_word' id='word_1_219' title='bbox 1267 1856 1306 1890; x_wconf 84' lang='lat' dir='ltr'><strong>et</strong></span> <span class='ocrx_word' id='word_1_220' title='bbox 1325 1853 1559 1900; x_wconf 81' lang='lat' dir='ltr'><strong>recudendo,</strong></span> <span class='ocrx_word' id='word_1_221' title='bbox 1588 1855 1644 1892; x_wconf 83' lang='lat' dir='ltr'><strong>vir</strong></span> 
     </span>
     <span class='ocr_line' id='line_1_30' title="bbox 175 1907 1641 1960; baseline 0 -13"><span class='ocrx_word' id='word_1_222' title='bbox 175 1909 372 1947; x_wconf 80' lang='lat' dir='ltr'><strong>clarissime</strong></span> <span class='ocrx_word' id='word_1_223' title='bbox 401 1907 588 1956; x_wconf 87' lang='lat' dir='ltr'><strong>Fabrote,</strong></span> <span class='ocrx_word' id='word_1_224' title='bbox 617 1912 716 1945; x_wconf 85' lang='lat' dir='ltr'><strong>tuam</strong></span> <span class='ocrx_word' id='word_1_225' title='bbox 744 1920 767 1944; x_wconf 90' lang='lat' dir='ltr'><strong>a</strong></span> <span class='ocrx_word' id='word_1_226' title='bbox 794 1921 854 1946; x_wconf 88' lang='lat' dir='ltr'><strong>me</strong></span> <span class='ocrx_word' id='word_1_227' title='bbox 880 1910 1071 1960; x_wconf 87' lang='lat' dir='ltr'><strong>probatam</strong></span> <span class='ocrx_word' id='word_1_228' title='bbox 1102 1909 1318 1947; x_wconf 80' lang='lat' dir='ltr'><strong>sententiam</strong></span> <span class='ocrx_word' id='word_1_229' title='bbox 1345 1907 1509 1958; x_wconf 85' lang='lat' dir='ltr'><strong>laudavi,</strong></span> <span class='ocrx_word' id='word_1_230' title='bbox 1541 1916 1641 1948; x_wconf 80' lang='lat' dir='ltr'><strong>aeut</strong></span> 
     </span>
     <span class='ocr_line' id='line_1_31' title="bbox 174 1963 1641 2015; baseline 0.001 -13"><span class='ocrx_word' id='word_1_231' title='bbox 174 1964 249 2004; x_wconf 86' lang='lat' dir='ltr'><strong>iam</strong></span> <span class='ocrx_word' id='word_1_232' title='bbox 275 1965 448 2004; x_wconf 84' lang='lat' dir='ltr'><strong>laudatae</strong></span> <span class='ocrx_word' id='word_1_233' title='bbox 475 1964 676 2003; x_wconf 79' lang='lat' dir='ltr'><strong>subscribo.</strong></span> <span class='ocrx_word' id='word_1_234' title='bbox 734 1963 876 2002; x_wconf 88' lang='lat' dir='ltr'><strong>labores</strong></span> <span class='ocrx_word' id='word_1_235' title='bbox 898 1978 1134 2015; x_wconf 89' lang='lat' dir='ltr'><strong>quoscunque</strong></span> <span class='ocrx_word' id='word_1_236' title='bbox 1156 1966 1240 2002; x_wconf 89' lang='lat' dir='ltr'><strong>boni</strong></span> <span class='ocrx_word' id='word_1_237' title='bbox 1260 1964 1396 2015; x_wconf 87' lang='lat' dir='ltr'><strong>publici</strong></span> <span class='ocrx_word' id='word_1_238' title='bbox 1416 1966 1534 2014; x_wconf 84' lang='lat' dir='ltr'><strong>gratia</strong></span> <span class='ocrx_word' id='word_1_239' title='bbox 1558 1966 1641 2004; x_wconf 83' lang='lat' dir='ltr'><strong>licet</strong></span> 
     </span>
     <span class='ocr_line' id='line_1_32' title="bbox 173 2020 1639 2072; baseline 0 -12"><span class='ocrx_word' id='word_1_240' title='bbox 173 2021 306 2060; x_wconf 86' lang='lat' dir='ltr'><strong>infelici</strong></span> <span class='ocrx_word' id='word_1_241' title='bbox 323 2025 456 2061; x_wconf 89' lang='lat' dir='ltr'><strong>eventu</strong></span> <span class='ocrx_word' id='word_1_242' title='bbox 477 2025 666 2072; x_wconf 88' lang='lat' dir='ltr'><strong>susceptos</strong></span> <span class='ocrx_word' id='word_1_243' title='bbox 686 2032 751 2058; x_wconf 84' lang='lat' dir='ltr'><strong>sua</strong></span> <span class='ocrx_word' id='word_1_244' title='bbox 770 2020 878 2059; x_wconf 86' lang='lat' dir='ltr'><strong>laude</strong></span> <span class='ocrx_word' id='word_1_245' title='bbox 894 2022 1027 2072; x_wconf 90' lang='lat' dir='ltr'><strong>privari</strong></span> <span class='ocrx_word' id='word_1_246' title='bbox 1045 2021 1192 2069; x_wconf 88' lang='lat' dir='ltr'><strong>nolunt,</strong></span> <span class='ocrx_word' id='word_1_247' title='bbox 1227 2022 1288 2070; x_wconf 88' lang='lat' dir='ltr'><strong>qui</strong></span> <span class='ocrx_word' id='word_1_248' title='bbox 1306 2021 1519 2059; x_wconf 80' lang='lat' dir='ltr'><strong>laboriosius</strong></span> <span class='ocrx_word' id='word_1_249' title='bbox 1540 2021 1639 2059; x_wconf 86' lang='lat' dir='ltr'><strong>bono</strong></span> 
     </span>
     <span class='ocr_line' id='line_1_33' title="bbox 174 2076 1638 2130; baseline 0 -14"><span class='ocrx_word' id='word_1_250' title='bbox 174 2078 321 2130; x_wconf 88' lang='lat' dir='ltr'><strong>publico</strong></span> <span class='ocrx_word' id='word_1_251' title='bbox 351 2078 547 2126; x_wconf 82' lang='lat' dir='ltr'><strong>insudant3</strong></span> <span class='ocrx_word' id='word_1_252' title='bbox 577 2091 620 2116; x_wconf 93' lang='lat' dir='ltr'><strong>ac</strong></span> <span class='ocrx_word' id='word_1_253' title='bbox 648 2077 767 2125; x_wconf 84' lang='lat' dir='ltr'><strong>velut,</strong></span> <span class='ocrx_word' id='word_1_254' title='bbox 796 2091 843 2115; x_wconf 91' lang='lat' dir='ltr'><strong>ne</strong></span> <span class='ocrx_word' id='word_1_255' title='bbox 875 2090 1002 2116; x_wconf 82' lang='lat' dir='ltr'><strong>sensus</strong></span> <span class='ocrx_word' id='word_1_256' title='bbox 1030 2077 1177 2116; x_wconf 84' lang='lat' dir='ltr'><strong>humani</strong></span> <span class='ocrx_word' id='word_1_257' title='bbox 1200 2077 1317 2128; x_wconf 86' lang='lat' dir='ltr'><strong>pietas</strong></span> <span class='ocrx_word' id='word_1_258' title='bbox 1339 2076 1512 2125; x_wconf 87' lang='lat' dir='ltr'><strong>violetur,</strong></span> <span class='ocrx_word' id='word_1_259' title='bbox 1542 2079 1638 2116; x_wconf 85' lang='lat' dir='ltr'><strong>fetus</strong></span> 
     </span>
     <span class='ocr_line' id='line_1_34' title="bbox 173 2133 1639 2187; baseline -0.001 -14"><span class='ocrx_word' id='word_1_260' title='bbox 173 2135 348 2173; x_wconf 86' lang='lat' dir='ltr'><strong>monstris</strong></span> <span class='ocrx_word' id='word_1_261' title='bbox 376 2148 472 2187; x_wconf 86' lang='lat' dir='ltr'><strong>pene</strong></span> <span class='ocrx_word' id='word_1_262' title='bbox 499 2133 633 2173; x_wconf 86' lang='lat' dir='ltr'><strong>similes</strong></span> <span class='ocrx_word' id='word_1_263' title='bbox 663 2146 721 2171; x_wconf 87' lang='lat' dir='ltr'><strong>res</strong></span> <span class='ocrx_word' id='word_1_264' title='bbox 749 2133 893 2185; x_wconf 86' lang='lat' dir='ltr'><strong>publica</strong></span> <span class='ocrx_word' id='word_1_265' title='bbox 910 2135 1071 2184; x_wconf 83' lang='lat' dir='ltr'><strong>patitur,</strong></span> <span class='ocrx_word' id='word_1_266' title='bbox 1099 2135 1151 2172; x_wconf 89' lang='lat' dir='ltr'><strong>ita</strong></span> <span class='ocrx_word' id='word_1_267' title='bbox 1170 2146 1218 2172; x_wconf 93' lang='lat' dir='ltr'><strong>ne</strong></span> <span class='ocrx_word' id='word_1_268' title='bbox 1236 2134 1425 2183; x_wconf 86' lang='lat' dir='ltr'><strong>quospiam</strong></span> <span class='ocrx_word' id='word_1_269' title='bbox 1445 2138 1639 2172; x_wconf 89' lang='lat' dir='ltr'><strong>nocturna-</strong></span> 
     </span>
     <span class='ocr_line' id='line_1_35' title="bbox 173 2190 1636 2242; baseline -0.001 -12"><span class='ocrx_word' id='word_1_270' title='bbox 173 2203 255 2230; x_wconf 85' lang='lat' dir='ltr'><strong>rum</strong></span> <span class='ocrx_word' id='word_1_271' title='bbox 282 2191 483 2242; x_wconf 84' lang='lat' dir='ltr'><strong>vigiliarum</strong></span> <span class='ocrx_word' id='word_1_272' title='bbox 512 2193 651 2230; x_wconf 87' lang='lat' dir='ltr'><strong>fructus</strong></span> <span class='ocrx_word' id='word_1_273' title='bbox 684 2190 844 2240; x_wconf 87' lang='lat' dir='ltr'><strong>alioquin</strong></span> <span class='ocrx_word' id='word_1_274' title='bbox 877 2190 1052 2240; x_wconf 87' lang='lat' dir='ltr'><strong>insipidos</strong></span> <span class='ocrx_word' id='word_1_275' title='bbox 1083 2191 1181 2229; x_wconf 90' lang='lat' dir='ltr'><strong>velut</strong></span> <span class='ocrx_word' id='word_1_276' title='bbox 1203 2190 1383 2228; x_wconf 83' lang='lat' dir='ltr'><strong>delicatuli</strong></span> <span class='ocrx_word' id='word_1_277' title='bbox 1405 2190 1636 2229; x_wconf 82' lang='lat' dir='ltr'><strong>fastidientes</strong></span> 
     </span>
     <span class='ocr_line' id='line_1_36' title="bbox 172 2247 1636 2300; baseline -0.002 -14"><span class='ocrx_word' id='word_1_278' title='bbox 172 2252 368 2300; x_wconf 85' lang='lat' dir='ltr'><strong>respuant,</strong></span> <span class='ocrx_word' id='word_1_279' title='bbox 391 2247 471 2286; x_wconf 91' lang='lat' dir='ltr'><strong>illos</strong></span> <span class='ocrx_word' id='word_1_280' title='bbox 497 2249 528 2286; x_wconf 92' lang='lat' dir='ltr'><strong>si</strong></span> <span class='ocrx_word' id='word_1_281' title='bbox 558 2261 631 2285; x_wconf 92' lang='lat' dir='ltr'><strong>non</strong></span> <span class='ocrx_word' id='word_1_282' title='bbox 656 2251 698 2284; x_wconf 89' lang='lat' dir='ltr'><strong>ut</strong></span> <span class='ocrx_word' id='word_1_283' title='bbox 719 2259 868 2294; x_wconf 87' lang='lat' dir='ltr'><strong>suaves,</strong></span> <span class='ocrx_word' id='word_1_284' title='bbox 896 2247 1024 2285; x_wconf 86' lang='lat' dir='ltr'><strong>saltem</strong></span> <span class='ocrx_word' id='word_1_285' title='bbox 1045 2251 1083 2284; x_wconf 92' lang='lat' dir='ltr'><strong>ut</strong></span> <span class='ocrx_word' id='word_1_286' title='bbox 1102 2247 1317 2297; x_wconf 84' lang='lat' dir='ltr'><strong>quibusdam</strong></span> <span class='ocrx_word' id='word_1_287' title='bbox 1342 2247 1516 2284; x_wconf 86' lang='lat' dir='ltr'><strong>iucundos</strong></span> <span class='ocrx_word' id='word_1_288' title='bbox 1537 2248 1636 2284; x_wconf 85' lang='lat' dir='ltr'><strong>futu-</strong></span> 
     </span>
     <span class='ocr_line' id='line_1_37' title="bbox 172 2303 1631 2356; baseline 0 -14"><span class='ocrx_word' id='word_1_289' title='bbox 172 2317 254 2355; x_wconf 85' lang='lat' dir='ltr'><strong>ros,</strong></span> <span class='ocrx_word' id='word_1_290' title='bbox 294 2305 366 2356; x_wconf 88' lang='lat' dir='ltr'><strong>ipsi</strong></span> <span class='ocrx_word' id='word_1_291' title='bbox 393 2304 490 2343; x_wconf 91' lang='lat' dir='ltr'><strong>bono</strong></span> <span class='ocrx_word' id='word_1_292' title='bbox 517 2304 663 2356; x_wconf 89' lang='lat' dir='ltr'><strong>publico</strong></span> <span class='ocrx_word' id='word_1_293' title='bbox 695 2304 772 2341; x_wconf 91' lang='lat' dir='ltr'><strong>nati</strong></span> <span class='ocrx_word' id='word_1_294' title='bbox 803 2304 934 2341; x_wconf 84' lang='lat' dir='ltr'><strong>ceteris</strong></span> <span class='ocrx_word' id='word_1_295' title='bbox 965 2309 1152 2342; x_wconf 85' lang='lat' dir='ltr'><strong>asservant</strong></span> <span class='ocrx_word' id='word_1_296' title='bbox 1178 2303 1399 2354; x_wconf 85' lang='lat' dir='ltr'><strong>depromunt</strong></span> <span class='ocrx_word' id='word_1_297' title='bbox 1427 2308 1631 2354; x_wconf 86' lang='lat' dir='ltr'><strong>apponunt.</strong></span> 
     </span>
     <span class='ocr_line' id='line_1_38' title="bbox 173 2360 1634 2412; baseline -0.001 -13"><span class='ocrx_word' id='word_1_298' title='bbox 173 2361 407 2412; x_wconf 86' lang='lat' dir='ltr'><strong>quantumvis</strong></span> <span class='ocrx_word' id='word_1_299' title='bbox 437 2361 589 2400; x_wconf 89' lang='lat' dir='ltr'><strong>acerbos</strong></span> <span class='ocrx_word' id='word_1_300' title='bbox 621 2363 702 2398; x_wconf 85' lang='lat' dir='ltr'><strong>arte</strong></span> <span class='ocrx_word' id='word_1_301' title='bbox 732 2363 858 2397; x_wconf 86' lang='lat' dir='ltr'><strong>nostra</strong></span> <span class='ocrx_word' id='word_1_302' title='bbox 885 2361 1069 2399; x_wconf 84' lang='lat' dir='ltr'><strong>iusserunt</strong></span> <span class='ocrx_word' id='word_1_303' title='bbox 1096 2360 1326 2398; x_wconf 84' lang='lat' dir='ltr'><strong>dulcescere:</strong></span> <span class='ocrx_word' id='word_1_304' title='bbox 1362 2360 1544 2397; x_wconf 86' lang='lat' dir='ltr'><strong>industria</strong></span> <span class='ocrx_word' id='word_1_305' title='bbox 1570 2364 1634 2398; x_wconf 87' lang='lat' dir='ltr'><strong>tua</strong></span> 
     </span>
     <span class='ocr_line' id='line_1_39' title="bbox 172 2416 1633 2470; baseline -0.001 -15"><span class='ocrx_word' id='word_1_306' title='bbox 172 2418 244 2456; x_wconf 81' lang='lat' dir='ltr'><strong>iam</strong></span> <span class='ocrx_word' id='word_1_307' title='bbox 273 2423 359 2456; x_wconf 83' lang='lat' dir='ltr'><strong>sunt</strong></span> <span class='ocrx_word' id='word_1_308' title='bbox 387 2430 432 2456; x_wconf 89' lang='lat' dir='ltr'><strong>ex</strong></span> <span class='ocrx_word' id='word_1_309' title='bbox 459 2418 592 2470; x_wconf 86' lang='lat' dir='ltr'><strong>potiori</strong></span> <span class='ocrx_word' id='word_1_310' title='bbox 618 2420 724 2468; x_wconf 87' lang='lat' dir='ltr'><strong>parte</strong></span> <span class='ocrx_word' id='word_1_311' title='bbox 754 2416 922 2464; x_wconf 86' lang='lat' dir='ltr'><strong>emolliti,</strong></span> <span class='ocrx_word' id='word_1_312' title='bbox 953 2417 1113 2465; x_wconf 88' lang='lat' dir='ltr'><strong>decocti,</strong></span> <span class='ocrx_word' id='word_1_313' title='bbox 1143 2428 1273 2455; x_wconf 89' lang='lat' dir='ltr'><strong>suaves</strong></span> <span class='ocrx_word' id='word_1_314' title='bbox 1291 2429 1366 2454; x_wconf 89' lang='lat' dir='ltr'><strong>non</strong></span> <span class='ocrx_word' id='word_1_315' title='bbox 1386 2416 1503 2454; x_wconf 84' lang='lat' dir='ltr'><strong>minus</strong></span> <span class='ocrx_word' id='word_1_316' title='bbox 1523 2429 1633 2466; x_wconf 88' lang='lat' dir='ltr'><strong>quam</strong></span> 
     </span>
     <span class='ocr_line' id='line_1_40' title="bbox 171 2472 1632 2526; baseline -0.001 -14"><span class='ocrx_word' id='word_1_317' title='bbox 171 2474 323 2512; x_wconf 88' lang='lat' dir='ltr'><strong>iucundi</strong></span> <span class='ocrx_word' id='word_1_318' title='bbox 339 2475 488 2513; x_wconf 85' lang='lat' dir='ltr'><strong>redditi.</strong></span> <span class='ocrx_word' id='word_1_319' title='bbox 546 2478 585 2511; x_wconf 91' lang='lat' dir='ltr'><strong>ut</strong></span> <span class='ocrx_word' id='word_1_320' title='bbox 607 2473 709 2524; x_wconf 91' lang='lat' dir='ltr'><strong>operi</strong></span> <span class='ocrx_word' id='word_1_321' title='bbox 726 2478 897 2526; x_wconf 85' lang='lat' dir='ltr'><strong>suscepto</strong></span> <span class='ocrx_word' id='word_1_322' title='bbox 917 2486 1025 2526; x_wconf 89' lang='lat' dir='ltr'><strong>opem</strong></span> <span class='ocrx_word' id='word_1_323' title='bbox 1042 2473 1183 2514; x_wconf 85' lang='lat' dir='ltr'><strong>tulisset</strong></span> <span class='ocrx_word' id='word_1_324' title='bbox 1199 2472 1393 2525; x_wconf 83' lang='lat' dir='ltr'><strong>gloriarer,</strong></span> <span class='ocrx_word' id='word_1_325' title='bbox 1421 2486 1535 2524; x_wconf 88' lang='lat' dir='ltr'><strong>opera</strong></span> <span class='ocrx_word' id='word_1_326' title='bbox 1552 2485 1632 2511; x_wconf 87' lang='lat' dir='ltr'><strong>mea</strong></span> 
     </span>
    </p>
   </div>
   <div class='ocr_carea' id='block_1_14' title="bbox 168 2530 667 2572">
    <p class='ocr_par' dir='ltr' id='par_1_14' title="bbox 168 2530 667 2572">
     <span class='ocr_line' id='line_1_41' title="bbox 168 2530 667 2572; baseline -0.004 -3"><span class='ocrx_word' id='word_1_327' title='bbox 168 2530 290 2572; x_wconf 86' lang='lat' dir='ltr'><strong>lumen</strong></span> <span class='ocrx_word' id='word_1_328' title='bbox 314 2531 472 2571; x_wconf 85' lang='lat' dir='ltr'><strong>exhibui.</strong></span> <span class='ocrx_word' id='word_1_329' title='bbox 531 2531 667 2570; x_wconf 63' lang='lat' dir='ltr'><strong>Gom.</strong></span> 
     </span>
    </p>
   </div>
  </div>
 </body>
</html>
