<?xml version="1.0" encoding="UTF-8"?>
<!DOCTYPE html PUBLIC "-//W3C//DTD XHTML 1.0 Transitional//EN"
    "http://www.w3.org/TR/xhtml1/DTD/xhtml1-transitional.dtd">
<html xmlns="http://www.w3.org/1999/xhtml" xml:lang="en" lang="en">
 <head>
  <title>
</title>
<meta http-equiv="Content-Type" content="text/html;charset=utf-8" />
  <meta name='ocr-system' content='tesseract 3.04.00' />
  <meta name='ocr-capabilities' content='ocr_page ocr_carea ocr_par ocr_line ocrx_word'/>
</head>
<body>
  <div class='ocr_page' id='page_1' title='image "./corpusscriptorum14niebuoft/corpusscriptorum14niebuoft_0762.png"; bbox 0 0 1916 3210; ppageno 0'>
   <div class='ocr_carea' id='block_1_1' title="bbox 322 191 1340 248">
    <p class='ocr_par' dir='ltr' id='par_1_1' title="bbox 322 191 1340 248">
     <span class='ocr_line' id='line_1_1' title="bbox 322 191 1340 248; baseline -0.011 0"><span class='ocrx_word' id='word_1_1' title='bbox 322 201 422 248; x_wconf 74' lang='lat'>752</span> <span class='ocrx_word' id='word_1_2' title='bbox 745 194 1038 241; x_wconf 86' lang='lat' dir='ltr'>XYLANDRI</span> <span class='ocrx_word' id='word_1_3' title='bbox 1063 193 1137 237; x_wconf 85' lang='lat' dir='ltr'>ET</span> <span class='ocrx_word' id='word_1_4' title='bbox 1165 191 1340 238; x_wconf 74' lang='lat' dir='ltr'>Gom</span> 
     </span>
    </p>
   </div>
   <div class='ocr_carea' id='block_1_2' title="bbox 321 300 1796 2768">
    <p class='ocr_par' dir='ltr' id='par_1_2' title="bbox 323 300 1776 460">
     <span class='ocr_line' id='line_1_2' title="bbox 323 300 1776 349; baseline -0.006 -1"><span class='ocrx_word' id='word_1_5' title='bbox 323 309 475 348; x_wconf 71' lang='lat' dir='ltr'>scilicet</span> <span class='ocrx_word' id='word_1_6' title='bbox 488 304 658 346; x_wconf 78' lang='lat' dir='ltr'>elabitur</span> <span class='ocrx_word' id='word_1_7' title='bbox 675 305 832 342; x_wconf 80' lang='lat' dir='ltr'><em>interim</em></span> <span class='ocrx_word' id='word_1_8' title='bbox 849 302 947 342; x_wconf 82' lang='lat' dir='ltr'>dum</span> <span class='ocrx_word' id='word_1_9' title='bbox 963 301 1026 342; x_wconf 68' lang='lat' dir='ltr'>ool</span> <span class='ocrx_word' id='word_1_10' title='bbox 1044 303 1218 341; x_wconf 68' lang='lat' dir='ltr'>exoriens</span> <span class='ocrx_word' id='word_1_11' title='bbox 1236 301 1302 349; x_wconf 72' lang='lat' dir='ltr'>vel</span> <span class='ocrx_word' id='word_1_12' title='bbox 1319 300 1454 340; x_wconf 77' lang='lat' dir='ltr'>obiene</span> <span class='ocrx_word' id='word_1_13' title='bbox 1471 301 1571 341; x_wconf 73' lang='lat' dir='ltr'>vel</span> <span class='ocrx_word' id='word_1_14' title='bbox 1553 314 1598 341; x_wconf 80' lang='lat' dir='ltr'>m</span> <span class='ocrx_word' id='word_1_15' title='bbox 1615 300 1776 340; x_wconf 77' lang='lat' dir='ltr'>meridie</span> 
     </span>
     <span class='ocr_line' id='line_1_3' title="bbox 324 356 1772 423; baseline -0.004 -19.797"><span class='ocrx_word' id='word_1_16' title='bbox 324 368 488 404; x_wconf 68' lang='lat' dir='ltr'>existens</span> <span class='ocrx_word' id='word_1_17' title='bbox 517 364 659 400; x_wconf 83' lang='lat' dir='ltr'>iterum</span> <span class='ocrx_word' id='word_1_18' title='bbox 687 361 747 399; x_wconf 82' lang='lat' dir='ltr'>ad</span> <span class='ocrx_word' id='word_1_19' title='bbox 775 367 906 399; x_wconf 77' lang='lat' dir='ltr'>ortum</span> <span class='ocrx_word' id='word_1_20' title='bbox 931 359 999 399; x_wconf 67' lang='lat' dir='ltr'>vel</span> <span class='ocrx_word' id='word_1_21' title='bbox 1027 357 1230 398; x_wconf 79' lang='lat' dir='ltr'><strong><em>meridiem</em></strong></span> <span class='ocrx_word' id='word_1_22' title='bbox 1255 356 1324 398; x_wconf 69' lang='lat' dir='ltr'>vel</span> <span class='ocrx_word' id='word_1_23' title='bbox 1346 371 1531 423; x_wconf 63' lang='lat' dir='ltr'>ocream</span> <span class='ocrx_word' id='word_1_24' title='bbox 1551 360 1772 398; x_wconf 66' lang='lat' dir='ltr'>mua-titur.</span> 
     </span>
     <span class='ocr_line' id='line_1_4' title="bbox 326 424 463 460; baseline -0.016 0"><span class='ocrx_word' id='word_1_25' title='bbox 326 424 463 460; x_wconf 64' lang='lat' dir='ltr'>Gom.</span> 
     </span>
    </p>

    <p class='ocr_par' dir='ltr' id='par_1_3' title="bbox 321 469 1796 748">
     <span class='ocr_line' id='line_1_5' title="bbox 433 469 1777 524; baseline -0.004 -11"><span class='ocrx_word' id='word_1_26' title='bbox 433 473 625 513; x_wconf 81' lang='lat' dir='ltr'>Africanus</span> <span class='ocrx_word' id='word_1_27' title='bbox 650 472 804 524; x_wconf 79' lang='lat' dir='ltr'><strong>scriptor</strong></span> <span class='ocrx_word' id='word_1_28' title='bbox 823 471 894 511; x_wconf 82' lang='lat' dir='ltr'>fuit</span> <span class='ocrx_word' id='word_1_29' title='bbox 916 470 1201 518; x_wconf 84' lang='lat' dir='ltr'>ecclesiasticus,</span> <span class='ocrx_word' id='word_1_30' title='bbox 1228 469 1352 521; x_wconf 87' lang='lat' dir='ltr'>magni</span> <span class='ocrx_word' id='word_1_31' title='bbox 1373 469 1543 512; x_wconf 83' lang='lat' dir='ltr'>nominis.</span> <span class='ocrx_word' id='word_1_32' title='bbox 1595 469 1777 511; x_wconf 69' lang='grc' dir='ltr'><strong>Ευώίιιο</strong></span> 
     </span>
     <span class='ocr_line' id='line_1_6' title="bbox 322 521 1779 580; baseline -0.002 -9"><span class='ocrx_word' id='word_1_33' title='bbox 322 532 414 571; x_wconf 89' lang='lat' dir='ltr'>citat</span> <span class='ocrx_word' id='word_1_34' title='bbox 435 531 492 569; x_wconf 88' lang='lat' dir='ltr'>de</span> <span class='ocrx_word' id='word_1_35' title='bbox 523 528 739 580; x_wconf 79' lang='lat' dir='ltr'><strong>genealogia</strong></span> <span class='ocrx_word' id='word_1_36' title='bbox 770 527 908 566; x_wconf 80' lang='lat' dir='ltr'><strong>Christi</strong></span> <span class='ocrx_word' id='word_1_37' title='bbox 934 527 986 566; x_wconf 89' lang='lat' dir='ltr'>ad</span> <span class='ocrx_word' id='word_1_38' title='bbox 1016 527 1216 566; x_wconf 78' lang='lat' dir='ltr'><strong>Aristidem</strong></span> <span class='ocrx_word' id='word_1_39' title='bbox 1249 525 1444 579; x_wconf 85' lang='lat' dir='ltr'>epistolam</span> <span class='ocrx_word' id='word_1_40' title='bbox 1463 526 1577 575; x_wconf 84' lang='lat' dir='ltr'>eius,</span> <span class='ocrx_word' id='word_1_41' title='bbox 1608 526 1644 568; x_wconf 92' lang='lat'>1</span> <span class='ocrx_word' id='word_1_42' title='bbox 1648 521 1779 568; x_wconf 66' lang='lat' dir='ltr'>hilbr-</span> 
     </span>
     <span class='ocr_line' id='line_1_7' title="bbox 321 581 1778 635; baseline -0.003 -9"><span class='ocrx_word' id='word_1_43' title='bbox 321 587 460 626; x_wconf 82' lang='lat' dir='ltr'>Eccles.</span> <span class='ocrx_word' id='word_1_44' title='bbox 481 587 526 635; x_wconf 84' lang='lat'>6,</span> <span class='ocrx_word' id='word_1_45' title='bbox 563 589 603 623; x_wconf 90' lang='lat' dir='ltr'>et</span> <span class='ocrx_word' id='word_1_46' title='bbox 626 583 846 635; x_wconf 82' lang='lat' dir='ltr'>Augustinus</span> <span class='ocrx_word' id='word_1_47' title='bbox 871 586 898 625; x_wconf 86' lang='lat'><strong>2</strong></span> <span class='ocrx_word' id='word_1_48' title='bbox 916 587 1064 623; x_wconf 85' lang='lat' dir='ltr'>retract.</span> <span class='ocrx_word' id='word_1_49' title='bbox 1086 587 1127 622; x_wconf 90' lang='lat' dir='ltr'>et</span> <span class='ocrx_word' id='word_1_50' title='bbox 1145 586 1193 632; x_wconf 86' lang='lat'>7,</span> <span class='ocrx_word' id='word_1_51' title='bbox 1228 586 1268 622; x_wconf 88' lang='lat' dir='ltr'>et</span> <span class='ocrx_word' id='word_1_52' title='bbox 1285 582 1377 624; x_wconf 84' lang='lat' dir='ltr'>alii.</span> <span class='ocrx_word' id='word_1_53' title='bbox 1415 581 1636 621; x_wconf 78' lang='lat' dir='ltr'>Gotefridus</span> <span class='ocrx_word' id='word_1_54' title='bbox 1651 581 1778 623; x_wconf 65' lang='lat' dir='ltr'>vua·-</span> 
     </span>
     <span class='ocr_line' id='line_1_8' title="bbox 322 635 1796 692; baseline -0.003 -10"><span class='ocrx_word' id='word_1_55' title='bbox 322 643 480 690; x_wconf 76' lang='lat' dir='ltr'>biensis,</span> <span class='ocrx_word' id='word_1_56' title='bbox 507 641 570 692; x_wconf 87' lang='lat' dir='ltr'>qui</span> <span class='ocrx_word' id='word_1_57' title='bbox 588 640 759 679; x_wconf 83' lang='lat' dir='ltr'>historias</span> <span class='ocrx_word' id='word_1_58' title='bbox 779 639 997 692; x_wconf 82' lang='lat' dir='ltr'>conscripsit</span> <span class='ocrx_word' id='word_1_59' title='bbox 1011 640 1107 678; x_wconf 86' lang='lat' dir='ltr'>cirea</span> <span class='ocrx_word' id='word_1_60' title='bbox 1123 651 1258 678; x_wconf 89' lang='lat' dir='ltr'>annum</span> <span class='ocrx_word' id='word_1_61' title='bbox 1279 638 1418 678; x_wconf 86' lang='lat' dir='ltr'>domini</span> <span class='ocrx_word' id='word_1_62' title='bbox 1437 639 1571 688; x_wconf 82' lang='lat'>1200,</span> <span class='ocrx_word' id='word_1_63' title='bbox 1587 637 1670 678; x_wconf 80' lang='lat' dir='ltr'>Iulii</span> <span class='ocrx_word' id='word_1_64' title='bbox 1683 635 1796 678; x_wconf 52' lang='lat' dir='ltr'>Afri-</span> 
     </span>
     <span class='ocr_line' id='line_1_9' title="bbox 323 693 1781 750; baseline -0.003 -13"><span class='ocrx_word' id='word_1_65' title='bbox 323 700 407 738; x_wconf 87' lang='lat' dir='ltr'>cani</span> <span class='ocrx_word' id='word_1_66' title='bbox 435 697 615 736; x_wconf 84' lang='lat' dir='ltr'>Chronica</span> <span class='ocrx_word' id='word_1_67' title='bbox 641 697 708 735; x_wconf 91' lang='lat' dir='ltr'>sub</span> <span class='ocrx_word' id='word_1_68' title='bbox 735 695 789 735; x_wconf 88' lang='grc' dir='ltr'>Μ.</span> <span class='ocrx_word' id='word_1_69' title='bbox 820 696 952 734; x_wconf 78' lang='lat' dir='ltr'>Crasso</span> <span class='ocrx_word' id='word_1_70' title='bbox 979 694 1116 747; x_wconf 83' lang='lat' dir='ltr'>scripta</span> <span class='ocrx_word' id='word_1_71' title='bbox 1135 708 1176 734; x_wconf 89' lang='lat' dir='ltr'>se</span> <span class='ocrx_word' id='word_1_72' title='bbox 1196 694 1332 745; x_wconf 83' lang='lat' dir='ltr'>habere</span> <span class='ocrx_word' id='word_1_73' title='bbox 1357 694 1527 735; x_wconf 73' lang='lat' dir='ltr'>affirmat.</span> <span class='ocrx_word' id='word_1_74' title='bbox 1581 693 1686 746; x_wconf 83' lang='lat' dir='ltr'>quod</span> <span class='ocrx_word' id='word_1_75' title='bbox 1702 698 1781 750; x_wconf 62' lang='lat'>‘⁰3⁹</span> 
     </span>
    </p>

    <p class='ocr_par' dir='ltr' id='par_1_4' title="bbox 327 741 1785 1310">
     <span class='ocr_line' id='line_1_10' title="bbox 327 741 1780 805; baseline -0.003 -11.936"><span class='ocrx_word' id='word_1_76' title='bbox 327 756 374 794; x_wconf 88' lang='lat' dir='ltr'>ab</span> <span class='ocrx_word' id='word_1_77' title='bbox 394 756 517 805; x_wconf 88' lang='lat' dir='ltr'>inepto</span> <span class='ocrx_word' id='word_1_78' title='bbox 535 753 682 793; x_wconf 90' lang='lat' dir='ltr'>homine</span> <span class='ocrx_word' id='word_1_79' title='bbox 701 751 905 804; x_wconf 83' lang='lat' dir='ltr'>profectum</span> <span class='ocrx_word' id='word_1_80' title='bbox 925 756 1027 804; x_wconf 87' lang='lat' dir='ltr'>puto,</span> <span class='ocrx_word' id='word_1_81' title='bbox 1055 751 1117 802; x_wconf 90' lang='lat' dir='ltr'>qui</span> <span class='ocrx_word' id='word_1_82' title='bbox 1137 764 1217 790; x_wconf 89' lang='lat' dir='ltr'>cum</span> <span class='ocrx_word' id='word_1_83' title='bbox 1238 741 1377 801; x_wconf 86' lang='lat' dir='ltr'>legeret</span> <span class='ocrx_word' id='word_1_84' title='bbox 1395 750 1582 799; x_wconf 82' lang='lat' dir='ltr'>Marcum,</span> <span class='ocrx_word' id='word_1_85' title='bbox 1604 746 1780 790; x_wconf 68' lang='lat' dir='ltr'>Crassum</span> 
     </span>
     <span class='ocr_line' id='line_1_11' title="bbox 327 806 1781 862; baseline -0.002 -13"><span class='ocrx_word' id='word_1_86' title='bbox 327 810 582 862; x_wconf 82' lang='lat' dir='ltr'>adscripserit,</span> <span class='ocrx_word' id='word_1_87' title='bbox 618 821 739 848; x_wconf 86' lang='lat' dir='ltr'>crasso</span> <span class='ocrx_word' id='word_1_88' title='bbox 760 821 904 857; x_wconf 88' lang='lat' dir='ltr'>errore,</span> <span class='ocrx_word' id='word_1_89' title='bbox 944 808 1008 858; x_wconf 89' lang='lat' dir='ltr'>qui</span> <span class='ocrx_word' id='word_1_90' title='bbox 1029 811 1175 859; x_wconf 85' lang='lat' dir='ltr'>praeter</span> <span class='ocrx_word' id='word_1_91' title='bbox 1190 807 1246 846; x_wconf 90' lang='lat' dir='ltr'>M.</span> <span class='ocrx_word' id='word_1_92' title='bbox 1264 808 1438 846; x_wconf 83' lang='lat' dir='ltr'>Crassum</span> <span class='ocrx_word' id='word_1_93' title='bbox 1456 806 1595 845; x_wconf 86' lang='lat' dir='ltr'>nullum</span> <span class='ocrx_word' id='word_1_94' title='bbox 1613 806 1781 846; x_wconf 66' lang='lat' dir='ltr'>Marcum</span> 
     </span>
     <span class='ocr_line' id='line_1_12' title="bbox 329 860 1780 916; baseline -0.002 -11"><span class='ocrx_word' id='word_1_95' title='bbox 329 867 453 907; x_wconf 90' lang='lat' dir='ltr'>sciret.</span> <span class='ocrx_word' id='word_1_96' title='bbox 509 865 590 916; x_wconf 89' lang='lat' dir='ltr'>quis</span> <span class='ocrx_word' id='word_1_97' title='bbox 609 866 705 903; x_wconf 86' lang='lat' dir='ltr'>enim</span> <span class='ocrx_word' id='word_1_98' title='bbox 722 877 799 903; x_wconf 90' lang='lat' dir='ltr'>non</span> <span class='ocrx_word' id='word_1_99' title='bbox 813 865 915 903; x_wconf 89' lang='lat' dir='ltr'>videt</span> <span class='ocrx_word' id='word_1_100' title='bbox 933 864 1002 902; x_wconf 91' lang='lat' dir='ltr'>hoc</span> <span class='ocrx_word' id='word_1_101' title='bbox 1020 864 1070 902; x_wconf 88' lang='lat' dir='ltr'>ad</span> <span class='ocrx_word' id='word_1_102' title='bbox 1087 861 1315 902; x_wconf 81' lang='lat' dir='ltr'>Antoninum</span> <span class='ocrx_word' id='word_1_103' title='bbox 1339 863 1475 903; x_wconf 88' lang='lat' dir='ltr'>debere</span> <span class='ocrx_word' id='word_1_104' title='bbox 1491 860 1649 902; x_wconf 61' lang='lat' dir='ltr'>referri?</span> <span class='ocrx_word' id='word_1_105' title='bbox 1689 872 1780 902; x_wconf 72' lang='lat' dir='ltr'>sane</span> 
     </span>
     <span class='ocr_line' id='line_1_13' title="bbox 332 917 1781 961; baseline -0.003 0"><span class='ocrx_word' id='word_1_106' title='bbox 332 923 401 961; x_wconf 91' lang='lat' dir='ltr'>sub</span> <span class='ocrx_word' id='word_1_107' title='bbox 425 921 626 960; x_wconf 88' lang='lat' dir='ltr'>Commodo</span> <span class='ocrx_word' id='word_1_108' title='bbox 643 921 809 959; x_wconf 87' lang='lat' dir='ltr'>floruisse</span> <span class='ocrx_word' id='word_1_109' title='bbox 827 921 1016 959; x_wconf 87' lang='lat' dir='ltr'>Cedrenus</span> <span class='ocrx_word' id='word_1_110' title='bbox 1035 922 1159 959; x_wconf 87' lang='lat' dir='ltr'>noster</span> <span class='ocrx_word' id='word_1_111' title='bbox 1175 919 1306 958; x_wconf 88' lang='lat' dir='ltr'>alicubi</span> <span class='ocrx_word' id='word_1_112' title='bbox 1323 919 1443 958; x_wconf 72' lang='lat' dir='ltr'>tradit·</span> <span class='ocrx_word' id='word_1_113' title='bbox 1498 917 1678 959; x_wconf 82' lang='lat' dir='ltr'>Eusebius</span> <span class='ocrx_word' id='word_1_114' title='bbox 1694 917 1781 957; x_wconf 75' lang='lat' dir='ltr'>hist.</span> 
     </span>
     <span class='ocr_line' id='line_1_14' title="bbox 330 974 1781 1029; baseline -0.003 -12"><span class='ocrx_word' id='word_1_115' title='bbox 330 977 471 1017; x_wconf 83' lang='lat' dir='ltr'>Eccles.</span> <span class='ocrx_word' id='word_1_116' title='bbox 499 980 527 1019; x_wconf 88' lang='grc'>6</span> <span class='ocrx_word' id='word_1_117' title='bbox 554 979 608 1019; x_wconf 86' lang='grc'>31</span> <span class='ocrx_word' id='word_1_118' title='bbox 637 977 706 1015; x_wconf 89' lang='lat' dir='ltr'>sub</span> <span class='ocrx_word' id='word_1_119' title='bbox 726 977 926 1015; x_wconf 86' lang='lat' dir='ltr'>Maximino</span> <span class='ocrx_word' id='word_1_120' title='bbox 948 989 1029 1015; x_wconf 89' lang='lat' dir='ltr'>eum</span> <span class='ocrx_word' id='word_1_121' title='bbox 1050 976 1252 1015; x_wconf 84' lang='lat' dir='ltr'>innotuisse</span> <span class='ocrx_word' id='word_1_122' title='bbox 1274 975 1451 1029; x_wconf 83' lang='lat' dir='ltr'>perhibet.</span> <span class='ocrx_word' id='word_1_123' title='bbox 1490 976 1654 1015; x_wconf 79' lang='lat' dir='ltr'>Africani</span> <span class='ocrx_word' id='word_1_124' title='bbox 1669 974 1781 1014; x_wconf 85' lang='lat' dir='ltr'>libro&#39;s</span> 
     </span>
     <span class='ocr_line' id='line_1_15' title="bbox 332 1030 1784 1089; baseline -0.003 -16"><span class='ocrx_word' id='word_1_125' title='bbox 332 1048 662 1089; x_wconf 79' lang='grc' dir='ltr'><strong>χρονογραφικων</strong></span> <span class='ocrx_word' id='word_1_126' title='bbox 682 1033 862 1072; x_wconf 86' lang='lat' dir='ltr'>Eusebius</span> <span class='ocrx_word' id='word_1_127' title='bbox 887 1033 936 1072; x_wconf 90' lang='lat' dir='ltr'>de</span> <span class='ocrx_word' id='word_1_128' title='bbox 954 1032 1240 1084; x_wconf 87' lang='lat' dir='ltr'>Praeparatione</span> <span class='ocrx_word' id='word_1_129' title='bbox 1258 1030 1507 1082; x_wconf 85' lang='lat' dir='ltr'>evangelical</span> <span class='ocrx_word' id='word_1_130' title='bbox 1531 1034 1585 1075; x_wconf 84' lang='lat'>10</span> <span class='ocrx_word' id='word_1_131' title='bbox 1606 1033 1716 1080; x_wconf 76' lang='lat' dir='ltr'>citat,</span> <span class='ocrx_word' id='word_1_132' title='bbox 1743 1035 1784 1070; x_wconf 88' lang='lat' dir='ltr'>et</span> 
     </span>
     <span class='ocr_line' id='line_1_16' title="bbox 334 1085 1785 1140; baseline -0.002 -11"><span class='ocrx_word' id='word_1_133' title='bbox 334 1091 432 1129; x_wconf 88' lang='lat' dir='ltr'>alibi.</span> <span class='ocrx_word' id='word_1_134' title='bbox 487 1093 645 1129; x_wconf 87' lang='lat' dir='ltr'>ceterum</span> <span class='ocrx_word' id='word_1_135' title='bbox 669 1089 769 1129; x_wconf 89' lang='lat' dir='ltr'>locus</span> <span class='ocrx_word' id='word_1_136' title='bbox 795 1093 850 1128; x_wconf 89' lang='lat' dir='ltr'>est</span> <span class='ocrx_word' id='word_1_137' title='bbox 880 1089 1076 1138; x_wconf 87' lang='lat' dir='ltr'>obscurus,</span> <span class='ocrx_word' id='word_1_138' title='bbox 1114 1101 1194 1127; x_wconf 88' lang='lat' dir='ltr'>cum</span> <span class='ocrx_word' id='word_1_139' title='bbox 1212 1089 1403 1128; x_wconf 88' lang='lat' dir='ltr'>Cedrenus</span> <span class='ocrx_word' id='word_1_140' title='bbox 1428 1085 1580 1140; x_wconf 81' lang='grc' dir='ltr'><em>νοητόν</em></span> <span class='ocrx_word' id='word_1_141' title='bbox 1601 1088 1713 1127; x_wconf 82' lang='lat' dir='ltr'>modo</span> <span class='ocrx_word' id='word_1_142' title='bbox 1743 1087 1785 1127; x_wconf 87' lang='lat' dir='ltr'>id</span> 
     </span>
     <span class='ocr_line' id='line_1_17' title="bbox 336 1144 1783 1197; baseline -0.001 -13"><span class='ocrx_word' id='word_1_143' title='bbox 336 1147 434 1185; x_wconf 83' lang='lat' dir='ltr'>dicat</span> <span class='ocrx_word' id='word_1_144' title='bbox 459 1146 560 1197; x_wconf 91' lang='lat' dir='ltr'>quod</span> <span class='ocrx_word' id='word_1_145' title='bbox 584 1150 706 1185; x_wconf 88' lang='lat' dir='ltr'>mente</span> <span class='ocrx_word' id='word_1_146' title='bbox 731 1145 809 1184; x_wconf 86' lang='lat' dir='ltr'>sola</span> <span class='ocrx_word' id='word_1_147' title='bbox 836 1146 1057 1197; x_wconf 85' lang='lat' dir='ltr'>percipitur,</span> <span class='ocrx_word' id='word_1_148' title='bbox 1101 1145 1214 1183; x_wconf 90' lang='lat' dir='ltr'>modo</span> <span class='ocrx_word' id='word_1_149' title='bbox 1233 1145 1272 1183; x_wconf 87' lang='lat' dir='ltr'>id</span> <span class='ocrx_word' id='word_1_150' title='bbox 1291 1146 1392 1195; x_wconf 89' lang='lat' dir='ltr'>quod</span> <span class='ocrx_word' id='word_1_151' title='bbox 1410 1145 1476 1188; x_wconf 85' lang='lat' dir='ltr'>sub</span> <span class='ocrx_word' id='word_1_152' title='bbox 1497 1144 1567 1183; x_wconf 88' lang='lat' dir='ltr'>alio</span> <span class='ocrx_word' id='word_1_153' title='bbox 1586 1144 1783 1183; x_wconf 83' lang='lat' dir='ltr'>indicatur.</span> 
     </span>
     <span class='ocr_line' id='line_1_18' title="bbox 336 1199 1785 1253; baseline -0.001 -12"><span class='ocrx_word' id='word_1_154' title='bbox 336 1203 423 1241; x_wconf 90' lang='lat' dir='ltr'>mihi</span> <span class='ocrx_word' id='word_1_155' title='bbox 451 1203 500 1242; x_wconf 90' lang='lat' dir='ltr'>de</span> <span class='ocrx_word' id='word_1_156' title='bbox 527 1202 583 1240; x_wconf 87' lang='lat' dir='ltr'>his</span> <span class='ocrx_word' id='word_1_157' title='bbox 608 1202 858 1253; x_wconf 87' lang='lat' dir='ltr'>philosophari</span> <span class='ocrx_word' id='word_1_158' title='bbox 885 1214 960 1240; x_wconf 89' lang='lat' dir='ltr'>non</span> <span class='ocrx_word' id='word_1_159' title='bbox 985 1201 1097 1250; x_wconf 81' lang='lat' dir='ltr'>libet,</span> <span class='ocrx_word' id='word_1_160' title='bbox 1138 1213 1219 1240; x_wconf 89' lang='lat' dir='ltr'>cum</span> <span class='ocrx_word' id='word_1_161' title='bbox 1247 1200 1372 1240; x_wconf 84' lang='lat' dir='ltr'>Basilii</span> <span class='ocrx_word' id='word_1_162' title='bbox 1390 1200 1572 1240; x_wconf 87' lang='lat' dir='ltr'>Ambrosii</span> <span class='ocrx_word' id='word_1_163' title='bbox 1586 1199 1785 1253; x_wconf 77' lang='lat' dir='ltr'>Augustini</span> 
     </span>
     <span class='ocr_line' id='line_1_19' title="bbox 335 1257 1608 1310; baseline -0.001 -13"><span class='ocrx_word' id='word_1_164' title='bbox 335 1258 559 1310; x_wconf 87' lang='lat' dir='ltr'>aliorumque</span> <span class='ocrx_word' id='word_1_165' title='bbox 580 1258 628 1296; x_wconf 92' lang='lat' dir='ltr'>de</span> <span class='ocrx_word' id='word_1_166' title='bbox 647 1271 688 1297; x_wconf 89' lang='lat' dir='ltr'>re</span> <span class='ocrx_word' id='word_1_167' title='bbox 705 1259 773 1296; x_wconf 90' lang='lat' dir='ltr'>hac</span> <span class='ocrx_word' id='word_1_168' title='bbox 791 1262 935 1297; x_wconf 85' lang='lat' dir='ltr'>exstent</span> <span class='ocrx_word' id='word_1_169' title='bbox 954 1257 1183 1297; x_wconf 85' lang='lat' dir='ltr'>doctissimae</span> <span class='ocrx_word' id='word_1_170' title='bbox 1197 1258 1472 1308; x_wconf 77' lang='lat' dir='ltr'>disputationes.</span> <span class='ocrx_word' id='word_1_171' title='bbox 1501 1258 1608 1296; x_wconf 68' lang='grc' dir='ltr'>ΧΠ..</span> 
     </span>
    </p>

    <p class='ocr_par' dir='ltr' id='par_1_5' title="bbox 332 1313 1788 2194">
     <span class='ocr_line' id='line_1_20' title="bbox 446 1313 1785 1366; baseline 0.001 -14"><span class='ocrx_word' id='word_1_172' title='bbox 446 1328 486 1366; x_wconf 85' lang='lat' dir='ltr'>p.</span> <span class='ocrx_word' id='word_1_173' title='bbox 515 1317 541 1357; x_wconf 91' lang='lat'>8</span> <span class='ocrx_word' id='word_1_174' title='bbox 570 1327 607 1352; x_wconf 87' lang='lat' dir='ltr'>v.</span> <span class='ocrx_word' id='word_1_175' title='bbox 640 1316 677 1354; x_wconf 92' lang='lat'>1.</span> <span class='ocrx_word' id='word_1_176' title='bbox 721 1313 1046 1364; x_wconf 82' lang='lat' dir='ltr'>firmamentum]</span> <span class='ocrx_word' id='word_1_177' title='bbox 1075 1313 1145 1353; x_wconf 87' lang='lat' dir='ltr'>hoc</span> <span class='ocrx_word' id='word_1_178' title='bbox 1170 1314 1386 1353; x_wconf 81' lang='lat' dir='ltr'>vocabulum</span> <span class='ocrx_word' id='word_1_179' title='bbox 1408 1314 1573 1352; x_wconf 79' lang='lat' dir='ltr'>Graecae</span> <span class='ocrx_word' id='word_1_180' title='bbox 1595 1313 1689 1355; x_wconf 83' lang='lat' dir='ltr'>voci</span> <span class='ocrx_word' id='word_1_181' title='bbox 1698 1323 1785 1353; x_wconf 79' lang='grc' dir='ltr'><strong><em>στε-</em></strong></span> 
     </span>
     <span class='ocr_line' id='line_1_21' title="bbox 335 1367 1786 1424; baseline -0.001 -14"><span class='ocrx_word' id='word_1_182' title='bbox 335 1367 470 1424; x_wconf 78' lang='grc' dir='ltr'><strong><em>ρέωμα</em></strong></span> <span class='ocrx_word' id='word_1_183' title='bbox 487 1371 628 1409; x_wconf 87' lang='lat' dir='ltr'>videtur</span> <span class='ocrx_word' id='word_1_184' title='bbox 647 1383 721 1408; x_wconf 92' lang='lat' dir='ltr'>non</span> <span class='ocrx_word' id='word_1_185' title='bbox 739 1372 896 1422; x_wconf 83' lang='lat' dir='ltr'>pessime</span> <span class='ocrx_word' id='word_1_186' title='bbox 919 1371 1154 1423; x_wconf 79' lang='lat' dir='ltr'>respondere.</span> <span class='ocrx_word' id='word_1_187' title='bbox 1207 1370 1399 1409; x_wconf 86' lang='lat' dir='ltr'>Cedrenus</span> <span class='ocrx_word' id='word_1_188' title='bbox 1422 1370 1470 1409; x_wconf 88' lang='lat' dir='ltr'>de</span> <span class='ocrx_word' id='word_1_189' title='bbox 1486 1369 1588 1410; x_wconf 87' lang='lat' dir='ltr'>caelo</span> <span class='ocrx_word' id='word_1_190' title='bbox 1605 1370 1786 1421; x_wconf 85' lang='lat' dir='ltr'>interpre-</span> 
     </span>
     <span class='ocr_line' id='line_1_22' title="bbox 332 1419 1783 1477; baseline -0.001 -11"><span class='ocrx_word' id='word_1_191' title='bbox 332 1431 454 1466; x_wconf 85' lang='lat' dir='ltr'>tatur:</span> <span class='ocrx_word' id='word_1_192' title='bbox 492 1426 554 1466; x_wconf 89' lang='lat' dir='ltr'>alii</span> <span class='ocrx_word' id='word_1_193' title='bbox 574 1427 695 1466; x_wconf 68' lang='lat' dir='ltr'>aerem</span> <span class='ocrx_word' id='word_1_194' title='bbox 712 1427 942 1477; x_wconf 84' lang='lat' dir='ltr'>intelligunt,</span> <span class='ocrx_word' id='word_1_195' title='bbox 983 1439 1063 1464; x_wconf 90' lang='lat' dir='ltr'>cum</span> <span class='ocrx_word' id='word_1_196' title='bbox 1083 1426 1215 1477; x_wconf 89' lang='lat' dir='ltr'>quibus</span> <span class='ocrx_word' id='word_1_197' title='bbox 1239 1426 1325 1465; x_wconf 89' lang='lat' dir='ltr'>facit</span> <span class='ocrx_word' id='word_1_198' title='bbox 1345 1426 1538 1466; x_wconf 83' lang='lat' dir='ltr'>Abenezra</span> <span class='ocrx_word' id='word_1_199' title='bbox 1554 1419 1783 1474; x_wconf 81' lang='lat' dir='ltr'>ludaeorum,</span> 
     </span>
     <span class='ocr_line' id='line_1_23' title="bbox 333 1482 1786 1532; baseline -0.001 -11"><span class='ocrx_word' id='word_1_200' title='bbox 333 1487 376 1521; x_wconf 92' lang='lat' dir='ltr'>ut</span> <span class='ocrx_word' id='word_1_201' title='bbox 395 1484 516 1530; x_wconf 88' lang='lat' dir='ltr'>aiunt,</span> <span class='ocrx_word' id='word_1_202' title='bbox 551 1483 799 1532; x_wconf 84' lang='lat' dir='ltr'>doctissimus,</span> <span class='ocrx_word' id='word_1_203' title='bbox 838 1487 935 1522; x_wconf 89' lang='lat' dir='ltr'>teste</span> <span class='ocrx_word' id='word_1_204' title='bbox 953 1482 1128 1521; x_wconf 84' lang='lat' dir='ltr'>Kimehi</span> <span class='ocrx_word' id='word_1_205' title='bbox 1119 1495 1158 1521; x_wconf 88' lang='grc' dir='ltr'>ιιι</span> <span class='ocrx_word' id='word_1_206' title='bbox 1176 1482 1239 1522; x_wconf 88' lang='lat' dir='ltr'>Ps.</span> <span class='ocrx_word' id='word_1_207' title='bbox 1262 1484 1326 1522; x_wconf 89' lang='grc'>19.</span> <span class='ocrx_word' id='word_1_208' title='bbox 1383 1486 1422 1521; x_wconf 90' lang='lat' dir='ltr'>et</span> <span class='ocrx_word' id='word_1_209' title='bbox 1440 1482 1630 1532; x_wconf 73' lang='lat' dir='ltr'>thargum</span> <span class='ocrx_word' id='word_1_210' title='bbox 1650 1482 1786 1521; x_wconf 86' lang='lat' dir='ltr'>Hiero-</span> 
     </span>
     <span class='ocr_line' id='line_1_24' title="bbox 334 1537 1786 1592; baseline -0.001 -16"><span class='ocrx_word' id='word_1_211' title='bbox 334 1539 588 1589; x_wconf 85' lang='lat' dir='ltr'>solymitanum</span> <span class='ocrx_word' id='word_1_212' title='bbox 614 1551 686 1590; x_wconf 80' lang='lat' dir='ltr'>pro,</span> <span class='ocrx_word' id='word_1_213' title='bbox 708 1552 797 1578; x_wconf 88' lang='lat' dir='ltr'>voce</span> <span class='ocrx_word' id='word_1_214' title='bbox 827 1540 883 1578; x_wconf 90' lang='lat' dir='ltr'>cui</span> <span class='ocrx_word' id='word_1_215' title='bbox 910 1537 1107 1592; x_wconf 72' lang='grc' dir='ltr'><strong><em>στερέωμα</em></strong></span> <span class='ocrx_word' id='word_1_216' title='bbox 1129 1538 1348 1590; x_wconf 86' lang='lat' dir='ltr'>respondet,</span> <span class='ocrx_word' id='word_1_217' title='bbox 1379 1546 1476 1587; x_wconf 62' lang='grc' dir='ltr'>ΏῬἾ</span> <span class='ocrx_word' id='word_1_218' title='bbox 1500 1539 1638 1578; x_wconf 83' lang='lat' dir='ltr'>Genes.</span> <span class='ocrx_word' id='word_1_219' title='bbox 1661 1541 1687 1581; x_wconf 90' lang='lat'>1</span> <span class='ocrx_word' id='word_1_220' title='bbox 1714 1550 1786 1590; x_wconf 87' lang='lat' dir='ltr'>po-</span> 
     </span>
     <span class='ocr_line' id='line_1_25' title="bbox 335 1594 1786 1643; baseline -0.001 -10"><span class='ocrx_word' id='word_1_221' title='bbox 335 1595 452 1634; x_wconf 88' lang='lat' dir='ltr'>suisse</span> <span class='ocrx_word' id='word_1_222' title='bbox 480 1596 599 1633; x_wconf 80' lang='lat' dir='ltr'>a&#39;erem</span> <span class='ocrx_word' id='word_1_223' title='bbox 614 1624 626 1643; x_wconf 96' lang='lat'>,</span> <span class='ocrx_word' id='word_1_224' title='bbox 664 1597 765 1634; x_wconf 87' lang='lat' dir='ltr'>testis</span> <span class='ocrx_word' id='word_1_225' title='bbox 799 1601 854 1633; x_wconf 86' lang='lat' dir='ltr'>est</span> <span class='ocrx_word' id='word_1_226' title='bbox 887 1595 984 1634; x_wconf 86' lang='lat' dir='ltr'>Elias</span> <span class='ocrx_word' id='word_1_227' title='bbox 1015 1595 1204 1634; x_wconf 89' lang='lat' dir='ltr'>Thisbitae</span> <span class='ocrx_word' id='word_1_228' title='bbox 1235 1607 1316 1632; x_wconf 89' lang='lat' dir='ltr'>suo.</span> <span class='ocrx_word' id='word_1_229' title='bbox 1373 1595 1440 1633; x_wconf 89' lang='lat' dir='ltr'>sed</span> <span class='ocrx_word' id='word_1_230' title='bbox 1467 1606 1587 1633; x_wconf 86' lang='lat' dir='ltr'>meum</span> <span class='ocrx_word' id='word_1_231' title='bbox 1613 1606 1691 1633; x_wconf 89' lang='lat' dir='ltr'>non</span> <span class='ocrx_word' id='word_1_232' title='bbox 1718 1594 1786 1632; x_wconf 80' lang='lat' dir='ltr'>fuit</span> 
     </span>
     <span class='ocr_line' id='line_1_26' title="bbox 336 1651 1784 1702; baseline 0.002 -14"><span class='ocrx_word' id='word_1_233' title='bbox 336 1652 528 1701; x_wconf 87' lang='lat' dir='ltr'>quicquam</span> <span class='ocrx_word' id='word_1_234' title='bbox 547 1655 698 1690; x_wconf 89' lang='lat' dir='ltr'>mutare.</span> <span class='ocrx_word' id='word_1_235' title='bbox 754 1651 914 1688; x_wconf 82' lang='lat' dir='ltr'>aridam</span> <span class='ocrx_word' id='word_1_236' title='bbox 931 1664 1040 1702; x_wconf 86' lang='lat' dir='ltr'>porro</span> <span class='ocrx_word' id='word_1_237' title='bbox 1056 1655 1094 1690; x_wconf 92' lang='lat' dir='ltr'>et</span> <span class='ocrx_word' id='word_1_238' title='bbox 1111 1651 1257 1697; x_wconf 68' lang='lat' dir='ltr'>siccam</span> <span class='ocrx_word' id='word_1_239' title='bbox 1278 1654 1411 1689; x_wconf 89' lang='lat' dir='ltr'>terram</span> <span class='ocrx_word' id='word_1_240' title='bbox 1432 1651 1681 1700; x_wconf 84' lang='lat' dir='ltr'>cognominari</span> <span class='ocrx_word' id='word_1_241' title='bbox 1694 1662 1736 1691; x_wconf 27' lang='lat' dir='ltr'>tv,</span> <span class='ocrx_word' id='word_1_242' title='bbox 1757 1652 1784 1691; x_wconf 91' lang='lat'><strong>6</strong></span> 
     </span>
     <span class='ocr_line' id='line_1_27' title="bbox 335 1706 1786 1759; baseline 0.001 -15"><span class='ocrx_word' id='word_1_243' title='bbox 335 1708 509 1745; x_wconf 84' lang='lat' dir='ltr'>usitatum</span> <span class='ocrx_word' id='word_1_244' title='bbox 529 1711 597 1745; x_wconf 87' lang='lat' dir='ltr'>est.</span> <span class='ocrx_word' id='word_1_245' title='bbox 655 1706 842 1759; x_wconf 85' lang='lat' dir='ltr'>epitheton</span> <span class='ocrx_word' id='word_1_246' title='bbox 864 1708 943 1745; x_wconf 82' lang='lat' dir='ltr'>loco</span> <span class='ocrx_word' id='word_1_247' title='bbox 959 1707 1173 1745; x_wconf 86' lang='lat' dir='ltr'>substantivi</span> <span class='ocrx_word' id='word_1_248' title='bbox 1191 1707 1347 1757; x_wconf 88' lang='lat' dir='ltr'>positum</span> <span class='ocrx_word' id='word_1_249' title='bbox 1370 1707 1493 1746; x_wconf 87' lang='lat' dir='ltr'>nescio</span> <span class='ocrx_word' id='word_1_250' title='bbox 1512 1719 1561 1745; x_wconf 85' lang='lat' dir='ltr'>an</span> <span class='ocrx_word' id='word_1_251' title='bbox 1580 1707 1786 1746; x_wconf 81' lang='lat' dir='ltr'>inveniatur</span> 
     </span>
     <span class='ocr_line' id='line_1_28' title="bbox 334 1762 1787 1815; baseline -0.001 -13"><span class='ocrx_word' id='word_1_252' title='bbox 334 1763 445 1815; x_wconf 77' lang='lat' dir='ltr'>apud,</span> <span class='ocrx_word' id='word_1_253' title='bbox 463 1762 635 1812; x_wconf 87' lang='lat' dir='ltr'>Latinos,</span> <span class='ocrx_word' id='word_1_254' title='bbox 664 1763 733 1801; x_wconf 88' lang='lat' dir='ltr'>nisi</span> <span class='ocrx_word' id='word_1_255' title='bbox 757 1765 838 1814; x_wconf 87' lang='lat' dir='ltr'>quis</span> <span class='ocrx_word' id='word_1_256' title='bbox 866 1764 1066 1814; x_wconf 88' lang='lat' dir='ltr'>Virgiliana</span> <span class='ocrx_word' id='word_1_257' title='bbox 1094 1763 1184 1801; x_wconf 87' lang='lat' dir='ltr'>haec</span> <span class='ocrx_word' id='word_1_258' title='bbox 1212 1763 1263 1801; x_wconf 88' lang='lat' dir='ltr'>sic</span> <span class='ocrx_word' id='word_1_259' title='bbox 1291 1763 1466 1815; x_wconf 87' lang='lat' dir='ltr'>accipiat,</span> <span class='ocrx_word' id='word_1_260' title='bbox 1501 1762 1639 1800; x_wconf 62' lang='lat' dir='ltr'>donee</span> <span class='ocrx_word' id='word_1_261' title='bbox 1658 1770 1787 1801; x_wconf 66' lang='lat' dir='ltr'>metra</span> 
     </span>
     <span class='ocr_line' id='line_1_29' title="bbox 337 1818 1786 1869; baseline 0.001 -14"><span class='ocrx_word' id='word_1_262' title='bbox 337 1826 468 1855; x_wconf 74' lang='lat' dir='ltr'>tenent</span> <span class='ocrx_word' id='word_1_263' title='bbox 490 1820 664 1864; x_wconf 76' lang='lat' dir='ltr'>siccam,</span> <span class='ocrx_word' id='word_1_264' title='bbox 704 1818 856 1858; x_wconf 84' lang='lat' dir='ltr'>Aeneid.</span> <span class='ocrx_word' id='word_1_265' title='bbox 890 1822 965 1869; x_wconf 88' lang='lat'>10,</span> <span class='ocrx_word' id='word_1_266' title='bbox 1001 1823 1040 1858; x_wconf 82' lang='lat' dir='ltr'>et:</span> <span class='ocrx_word' id='word_1_267' title='bbox 1058 1819 1143 1857; x_wconf 84' lang='lat' dir='ltr'>alibi</span> <span class='ocrx_word' id='word_1_268' title='bbox 1162 1818 1291 1855; x_wconf 78' lang='lat' dir='ltr'>exsilit</span> <span class='ocrx_word' id='word_1_269' title='bbox 1312 1820 1356 1856; x_wconf 85' lang='lat' dir='ltr'>in</span> <span class='ocrx_word' id='word_1_270' title='bbox 1381 1820 1543 1856; x_wconf 71' lang='lat' dir='ltr'>siceum.</span> <span class='ocrx_word' id='word_1_271' title='bbox 1602 1819 1786 1859; x_wconf 80' lang='lat' dir='ltr'>Homerus</span> 
     </span>
     <span class='ocr_line' id='line_1_30' title="bbox 337 1871 1787 1941; baseline 0.002 -29"><span class='ocrx_word' id='word_1_272' title='bbox 337 1876 484 1925; x_wconf 85' lang='lat' dir='ltr'>quidem</span> <span class='ocrx_word' id='word_1_273' title='bbox 501 1873 565 1914; x_wconf 80' lang='grc' dir='ltr'>ἐπὶ</span> <span class='ocrx_word' id='word_1_274' title='bbox 580 1871 785 1941; x_wconf 80' lang='grc' dir='ltr'><strong><em>τραφερήν</em></strong></span> <span class='ocrx_word' id='word_1_275' title='bbox 802 1890 842 1915; x_wconf 88' lang='grc' dir='ltr'>τε</span> <span class='ocrx_word' id='word_1_276' title='bbox 857 1874 924 1915; x_wconf 82' lang='grc' dir='ltr'>καὶ</span> <span class='ocrx_word' id='word_1_277' title='bbox 943 1872 1073 1928; x_wconf 71' lang='grc' dir='ltr'>’ὑγρήν</span> <span class='ocrx_word' id='word_1_278' title='bbox 1091 1876 1186 1913; x_wconf 85' lang='lat' dir='ltr'>dixit</span> <span class='ocrx_word' id='word_1_279' title='bbox 1197 1875 1298 1913; x_wconf 86' lang='lat' dir='ltr'>Iliad.</span> <span class='ocrx_word' id='word_1_280' title='bbox 1319 1872 1351 1924; x_wconf 81' lang='grc' dir='ltr'>ξ’</span> <span class='ocrx_word' id='word_1_281' title='bbox 1369 1877 1466 1924; x_wconf 82' lang='grc'><strong>308,</strong></span> <span class='ocrx_word' id='word_1_282' title='bbox 1484 1879 1618 1915; x_wconf 83' lang='lat' dir='ltr'>terram</span> <span class='ocrx_word' id='word_1_283' title='bbox 1633 1881 1671 1916; x_wconf 86' lang='lat' dir='ltr'>et</span> <span class='ocrx_word' id='word_1_284' title='bbox 1685 1888 1787 1915; x_wconf 81' lang='lat' dir='ltr'>mare</span> 
     </span>
     <span class='ocr_line' id='line_1_31' title="bbox 337 1928 1786 1986; baseline 0.001 -16"><span class='ocrx_word' id='word_1_285' title='bbox 337 1936 470 1970; x_wconf 86' lang='lat' dir='ltr'>notans</span> <span class='ocrx_word' id='word_1_286' title='bbox 486 1931 622 1969; x_wconf 89' lang='lat' dir='ltr'>humidi</span> <span class='ocrx_word' id='word_1_287' title='bbox 643 1937 680 1970; x_wconf 88' lang='lat' dir='ltr'>et</span> <span class='ocrx_word' id='word_1_288' title='bbox 699 1932 781 1970; x_wconf 89' lang='lat' dir='ltr'>sicci</span> <span class='ocrx_word' id='word_1_289' title='bbox 800 1931 992 1970; x_wconf 85' lang='lat' dir='ltr'>vocabulo:</span> <span class='ocrx_word' id='word_1_290' title='bbox 1030 1936 1085 1969; x_wconf 91' lang='lat' dir='ltr'>est</span> <span class='ocrx_word' id='word_1_291' title='bbox 1103 1932 1197 1969; x_wconf 87' lang='lat' dir='ltr'>enim</span> <span class='ocrx_word' id='word_1_292' title='bbox 1217 1928 1417 1984; x_wconf 85' lang='grc' dir='ltr'><strong><em>τραφερόν</em></strong></span> <span class='ocrx_word' id='word_1_293' title='bbox 1437 1928 1480 1972; x_wconf 87' lang='grc' dir='ltr'>τὸ</span> <span class='ocrx_word' id='word_1_294' title='bbox 1499 1929 1698 1986; x_wconf 74' lang='grc' dir='ltr'><strong><em>συμπαγὲς</em></strong></span> <span class='ocrx_word' id='word_1_295' title='bbox 1717 1930 1786 1974; x_wconf 78' lang='grc' dir='ltr'>καὶ</span> 
     </span>
     <span class='ocr_line' id='line_1_32' title="bbox 342 1983 1786 2055; baseline 0.001 -29"><span class='ocrx_word' id='word_1_296' title='bbox 342 1984 504 2040; x_wconf 77' lang='grc' dir='ltr'><strong><em>στερρον</em></strong></span> <span class='ocrx_word' id='word_1_297' title='bbox 529 1986 595 2027; x_wconf 84' lang='grc' dir='ltr'>καὶ</span> <span class='ocrx_word' id='word_1_298' title='bbox 619 1983 723 2027; x_wconf 75' lang='grc' dir='ltr'><strong><em>οὕτω</em></strong></span> <span class='ocrx_word' id='word_1_299' title='bbox 743 1990 818 2028; x_wconf 80' lang='grc' dir='ltr'>τοῦ</span> <span class='ocrx_word' id='word_1_300' title='bbox 843 1986 970 2040; x_wconf 69' lang='grc' dir='ltr'><strong><em>ὑγροῦ</em></strong></span> <span class='ocrx_word' id='word_1_301' title='bbox 995 1986 1282 2039; x_wconf 82' lang='grc' dir='ltr'><strong>διεσταλμένον,</strong></span> <span class='ocrx_word' id='word_1_302' title='bbox 1326 1988 1481 2027; x_wconf 89' lang='lat' dir='ltr'>solidum</span> <span class='ocrx_word' id='word_1_303' title='bbox 1500 1993 1542 2028; x_wconf 82' lang='lat' dir='ltr'>ac</span> <span class='ocrx_word' id='word_1_304' title='bbox 1559 1993 1786 2055; x_wconf 76' lang='lat' dir='ltr'>compactum</span> 
     </span>
     <span class='ocr_line' id='line_1_33' title="bbox 339 2042 1788 2097; baseline 0.001 -16"><span class='ocrx_word' id='word_1_305' title='bbox 339 2045 471 2095; x_wconf 83' lang='lat' dir='ltr'>probe.</span> <span class='ocrx_word' id='word_1_306' title='bbox 527 2045 598 2083; x_wconf 86' lang='lat' dir='ltr'>iam</span> <span class='ocrx_word' id='word_1_307' title='bbox 616 2044 753 2083; x_wconf 86' lang='lat' dir='ltr'>caelum</span> <span class='ocrx_word' id='word_1_308' title='bbox 774 2042 881 2096; x_wconf 78' lang='grc' dir='ltr'>παροῖ</span> <span class='ocrx_word' id='word_1_309' title='bbox 904 2060 946 2084; x_wconf 89' lang='grc' dir='ltr'>το</span> <span class='ocrx_word' id='word_1_310' title='bbox 969 2042 1071 2095; x_wconf 81' lang='grc' dir='ltr'>ορᾶν</span> <span class='ocrx_word' id='word_1_311' title='bbox 1098 2057 1120 2081; x_wconf 88' lang='lat' dir='ltr'>a</span> <span class='ocrx_word' id='word_1_312' title='bbox 1143 2045 1303 2082; x_wconf 83' lang='lat' dir='ltr'>videndo</span> <span class='ocrx_word' id='word_1_313' title='bbox 1323 2045 1458 2083; x_wconf 73' lang='lat' dir='ltr'>dictum</span> <span class='ocrx_word' id='word_1_314' title='bbox 1481 2057 1564 2084; x_wconf 86' lang='lat' dir='ltr'>esse</span> <span class='ocrx_word' id='word_1_315' title='bbox 1585 2045 1708 2097; x_wconf 86' lang='lat' dir='ltr'>opinio</span> <span class='ocrx_word' id='word_1_316' title='bbox 1730 2049 1788 2084; x_wconf 83' lang='lat' dir='ltr'>est</span> 
     </span>
     <span class='ocr_line' id='line_1_34' title="bbox 340 2095 1787 2153; baseline 0.001 -16"><span class='ocrx_word' id='word_1_317' title='bbox 340 2104 508 2150; x_wconf 74' lang='lat' dir='ltr'>recepta,</span> <span class='ocrx_word' id='word_1_318' title='bbox 538 2105 576 2138; x_wconf 88' lang='lat' dir='ltr'>et</span> <span class='ocrx_word' id='word_1_319' title='bbox 593 2101 690 2150; x_wconf 84' lang='lat' dir='ltr'>apud</span> <span class='ocrx_word' id='word_1_320' title='bbox 711 2106 839 2153; x_wconf 87' lang='lat' dir='ltr'>poetas</span> <span class='ocrx_word' id='word_1_321' title='bbox 858 2101 994 2140; x_wconf 91' lang='lat' dir='ltr'>Dorica</span> <span class='ocrx_word' id='word_1_322' title='bbox 1016 2100 1170 2139; x_wconf 87' lang='lat' dir='ltr'>dialecto</span> <span class='ocrx_word' id='word_1_323' title='bbox 1194 2095 1339 2153; x_wconf 81' lang='grc' dir='ltr'><strong>σ’ροινός</strong></span> <span class='ocrx_word' id='word_1_324' title='bbox 1356 2101 1514 2152; x_wconf 89' lang='lat' dir='ltr'>positum</span> <span class='ocrx_word' id='word_1_325' title='bbox 1534 2100 1604 2153; x_wconf 84' lang='lat' dir='ltr'>ipsi</span> <span class='ocrx_word' id='word_1_326' title='bbox 1622 2102 1787 2141; x_wconf 86' lang='lat' dir='ltr'>animad-</span> 
     </span>
     <span class='ocr_line' id='line_1_35' title="bbox 341 2157 690 2194; baseline -0.003 0"><span class='ocrx_word' id='word_1_327' title='bbox 341 2157 527 2194; x_wconf 80' lang='lat' dir='ltr'>vertimus.</span> <span class='ocrx_word' id='word_1_328' title='bbox 584 2158 690 2194; x_wconf 77' lang='lat' dir='ltr'>XYr..</span> 
     </span>
    </p>

    <p class='ocr_par' dir='ltr' id='par_1_6' title="bbox 343 2211 1788 2320">
     <span class='ocr_line' id='line_1_36' title="bbox 454 2211 1788 2264; baseline 0.005 -16"><span class='ocrx_word' id='word_1_329' title='bbox 454 2211 508 2248; x_wconf 84' lang='lat' dir='ltr'>ih.</span> <span class='ocrx_word' id='word_1_330' title='bbox 540 2225 576 2251; x_wconf 87' lang='lat' dir='ltr'>v.</span> <span class='ocrx_word' id='word_1_331' title='bbox 611 2214 674 2254; x_wconf 86' lang='lat'>14.</span> <span class='ocrx_word' id='word_1_332' title='bbox 730 2226 858 2249; x_wconf 74' lang='lat' dir='ltr'>omnzs</span> <span class='ocrx_word' id='word_1_333' title='bbox 885 2211 1066 2264; x_wconf 79' lang='lat' dir='ltr'>pecoris]</span> <span class='ocrx_word' id='word_1_334' title='bbox 1104 2213 1220 2250; x_wconf 88' lang='lat' dir='ltr'>omnis</span> <span class='ocrx_word' id='word_1_335' title='bbox 1254 2213 1393 2262; x_wconf 87' lang='lat' dir='ltr'>carnis,</span> <span class='ocrx_word' id='word_1_336' title='bbox 1433 2213 1551 2251; x_wconf 84' lang='lat' dir='ltr'>estin</span> <span class='ocrx_word' id='word_1_337' title='bbox 1580 2213 1699 2253; x_wconf 85' lang='lat' dir='ltr'>Levit.</span> <span class='ocrx_word' id='word_1_338' title='bbox 1720 2214 1788 2261; x_wconf 80' lang='lat'>17,</span> 
     </span>
     <span class='ocr_line' id='line_1_37' title="bbox 343 2264 1354 2320; baseline -0.003 -12"><span class='ocrx_word' id='word_1_339' title='bbox 343 2264 511 2320; x_wconf 84' lang='grc' dir='ltr'><strong><em>σαρκός,</em></strong></span> <span class='ocrx_word' id='word_1_340' title='bbox 541 2281 627 2316; x_wconf 88' lang='grc' dir='ltr'><strong>ιιοιι,</strong></span> <span class='ocrx_word' id='word_1_341' title='bbox 655 2273 693 2306; x_wconf 90' lang='lat' dir='ltr'>ut</span> <span class='ocrx_word' id='word_1_342' title='bbox 713 2273 837 2307; x_wconf 82' lang='lat' dir='ltr'>noster</span> <span class='ocrx_word' id='word_1_343' title='bbox 855 2268 978 2316; x_wconf 81' lang='lat' dir='ltr'>habet,</span> <span class='ocrx_word' id='word_1_344' title='bbox 1008 2265 1190 2320; x_wconf 84' lang='grc' dir='ltr'><strong><em>κτήνους.</em></strong></span> <span class='ocrx_word' id='word_1_345' title='bbox 1247 2270 1354 2306; x_wconf 77' lang='lat' dir='ltr'>XYn.</span> 
     </span>
    </p>

    <p class='ocr_par' dir='ltr' id='par_1_7' title="bbox 338 2324 1792 2654">
     <span class='ocr_line' id='line_1_38' title="bbox 453 2324 1790 2376; baseline 0.003 -16"><span class='ocrx_word' id='word_1_346' title='bbox 453 2338 489 2375; x_wconf 86' lang='lat' dir='ltr'>p.</span> <span class='ocrx_word' id='word_1_347' title='bbox 521 2325 545 2363; x_wconf 90' lang='lat'><strong>9</strong></span> <span class='ocrx_word' id='word_1_348' title='bbox 575 2338 608 2363; x_wconf 83' lang='lat' dir='ltr'>v.</span> <span class='ocrx_word' id='word_1_349' title='bbox 641 2327 703 2365; x_wconf 90' lang='lat'>10.</span> <span class='ocrx_word' id='word_1_350' title='bbox 763 2324 954 2361; x_wconf 68' lang='lat' dir='ltr'>librorum</span> <span class='ocrx_word' id='word_1_351' title='bbox 976 2324 1119 2376; x_wconf 74' lang='lat' dir='ltr'>quibus</span> <span class='ocrx_word' id='word_1_352' title='bbox 1142 2324 1306 2376; x_wconf 75' lang='lat' dir='ltr'>Iudaei]</span> <span class='ocrx_word' id='word_1_353' title='bbox 1345 2324 1523 2375; x_wconf 83' lang='lat' dir='ltr'>receptius</span> <span class='ocrx_word' id='word_1_354' title='bbox 1548 2329 1625 2373; x_wconf 88' lang='lat' dir='ltr'>est,</span> <span class='ocrx_word' id='word_1_355' title='bbox 1661 2324 1790 2364; x_wconf 81' lang='lat' dir='ltr'>hodie-</span> 
     </span>
     <span class='ocr_line' id='line_1_39' title="bbox 339 2381 1789 2429; baseline 0.002 -13"><span class='ocrx_word' id='word_1_356' title='bbox 339 2393 411 2429; x_wconf 84' lang='lat' dir='ltr'>que</span> <span class='ocrx_word' id='word_1_357' title='bbox 434 2382 622 2424; x_wconf 84' lang='lat' dir='ltr'>usitatum,</span> <span class='ocrx_word' id='word_1_358' title='bbox 664 2381 772 2419; x_wconf 86' lang='lat' dir='ltr'>libros</span> <span class='ocrx_word' id='word_1_359' title='bbox 802 2382 934 2419; x_wconf 83' lang='lat' dir='ltr'>veteris</span> <span class='ocrx_word' id='word_1_360' title='bbox 964 2382 1174 2420; x_wconf 84' lang='lat' dir='ltr'>testamenti</span> <span class='ocrx_word' id='word_1_361' title='bbox 1202 2381 1256 2422; x_wconf 81' lang='lat'>24</span> <span class='ocrx_word' id='word_1_362' title='bbox 1290 2382 1492 2428; x_wconf 77' lang='lat' dir='ltr'>recenseri3</span> <span class='ocrx_word' id='word_1_363' title='bbox 1542 2382 1642 2419; x_wconf 91' lang='lat' dir='ltr'>unde</span> <span class='ocrx_word' id='word_1_364' title='bbox 1679 2381 1789 2419; x_wconf 82' lang='lat' dir='ltr'>etiam</span> 
     </span>
     <span class='ocr_line' id='line_1_40' title="bbox 338 2437 1789 2487; baseline 0.001 -15"><span class='ocrx_word' id='word_1_365' title='bbox 338 2440 440 2474; x_wconf 74' lang='lat' dir='ltr'>vetus</span> <span class='ocrx_word' id='word_1_366' title='bbox 468 2441 743 2485; x_wconf 83' lang='lat' dir='ltr'>testamentum,</span> <span class='ocrx_word' id='word_1_367' title='bbox 781 2450 875 2487; x_wconf 89' lang='lat' dir='ltr'>quae</span> <span class='ocrx_word' id='word_1_368' title='bbox 895 2444 978 2476; x_wconf 85' lang='lat' dir='ltr'>sunt</span> <span class='ocrx_word' id='word_1_369' title='bbox 1004 2439 1216 2476; x_wconf 90' lang='lat' dir='ltr'>ludaeorum</span> <span class='ocrx_word' id='word_1_370' title='bbox 1237 2438 1367 2482; x_wconf 87' lang='lat' dir='ltr'>biblia,</span> <span class='ocrx_word' id='word_1_371' title='bbox 1405 2444 1560 2477; x_wconf 55' lang='lat' dir='ltr'>1:³an}</span> <span class='ocrx_word' id='word_1_372' title='bbox 1584 2445 1718 2485; x_wconf 51' lang='lat' dir='ltr'>vante,</span> <span class='ocrx_word' id='word_1_373' title='bbox 1749 2437 1789 2475; x_wconf 88' lang='lat' dir='ltr'>id</span> 
     </span>
     <span class='ocr_line' id='line_1_41' title="bbox 340 2493 1791 2544; baseline 0.001 -16"><span class='ocrx_word' id='word_1_374' title='bbox 340 2498 416 2538; x_wconf 86' lang='lat' dir='ltr'>est,</span> <span class='ocrx_word' id='word_1_375' title='bbox 452 2493 580 2541; x_wconf 83' lang='lat' dir='ltr'>viginti</span> <span class='ocrx_word' id='word_1_376' title='bbox 610 2497 798 2542; x_wconf 88' lang='lat' dir='ltr'>quattuor,</span> <span class='ocrx_word' id='word_1_377' title='bbox 835 2495 1073 2532; x_wconf 85' lang='lat' dir='ltr'>inscribuntur</span> <span class='ocrx_word' id='word_1_378' title='bbox 1091 2507 1134 2532; x_wconf 89' lang='lat' dir='ltr'>ac</span> <span class='ocrx_word' id='word_1_379' title='bbox 1155 2494 1394 2532; x_wconf 85' lang='lat' dir='ltr'>nominantur.</span> <span class='ocrx_word' id='word_1_380' title='bbox 1453 2494 1500 2532; x_wconf 90' lang='lat' dir='ltr'>de</span> <span class='ocrx_word' id='word_1_381' title='bbox 1525 2498 1679 2544; x_wconf 87' lang='lat' dir='ltr'>utraque</span> <span class='ocrx_word' id='word_1_382' title='bbox 1708 2506 1791 2532; x_wconf 85' lang='lat' dir='ltr'>sen-</span> 
     </span>
     <span class='ocr_line' id='line_1_42' title="bbox 339 2549 1792 2602; baseline 0.003 -19"><span class='ocrx_word' id='word_1_383' title='bbox 339 2549 457 2585; x_wconf 84' lang='lat' dir='ltr'>tentia</span> <span class='ocrx_word' id='word_1_384' title='bbox 485 2550 683 2587; x_wconf 83' lang='lat' dir='ltr'>satisfaciet</span> <span class='ocrx_word' id='word_1_385' title='bbox 710 2550 913 2590; x_wconf 80' lang='lat' dir='ltr'>nonnimis</span> <span class='ocrx_word' id='word_1_386' title='bbox 939 2551 1079 2588; x_wconf 88' lang='lat' dir='ltr'>curioso</span> <span class='ocrx_word' id='word_1_387' title='bbox 1110 2550 1234 2588; x_wconf 88' lang='lat' dir='ltr'>lectori</span> <span class='ocrx_word' id='word_1_388' title='bbox 1253 2550 1426 2602; x_wconf 89' lang='lat' dir='ltr'>prologus</span> <span class='ocrx_word' id='word_1_389' title='bbox 1455 2551 1502 2589; x_wconf 89' lang='lat' dir='ltr'>D.</span> <span class='ocrx_word' id='word_1_390' title='bbox 1522 2549 1734 2600; x_wconf 84' lang='lat' dir='ltr'>Hieronymi</span> <span class='ocrx_word' id='word_1_391' title='bbox 1752 2551 1792 2588; x_wconf 88' lang='lat' dir='ltr'>in</span> 
     </span>
     <span class='ocr_line' id='line_1_43' title="bbox 339 2602 1165 2654; baseline 0.004 -15"><span class='ocrx_word' id='word_1_392' title='bbox 339 2602 475 2649; x_wconf 88' lang='lat' dir='ltr'>Biblia‚</span> <span class='ocrx_word' id='word_1_393' title='bbox 514 2606 575 2654; x_wconf 89' lang='lat' dir='ltr'>qui</span> <span class='ocrx_word' id='word_1_394' title='bbox 596 2605 727 2654; x_wconf 76' lang='lat' dir='ltr'>galeati</span> <span class='ocrx_word' id='word_1_395' title='bbox 750 2606 853 2643; x_wconf 85' lang='lat' dir='ltr'>titulo</span> <span class='ocrx_word' id='word_1_396' title='bbox 873 2611 1004 2645; x_wconf 61' lang='lat' dir='ltr'>exstat.</span> <span class='ocrx_word' id='word_1_397' title='bbox 1060 2607 1165 2643; x_wconf 51' lang='grc' dir='ltr'>ΧΥ».</span> 
     </span>
    </p>

    <p class='ocr_par' dir='ltr' id='par_1_8' title="bbox 344 2658 1791 2768">
     <span class='ocr_line' id='line_1_44' title="bbox 454 2658 1791 2713; baseline 0.001 -18"><span class='ocrx_word' id='word_1_398' title='bbox 454 2658 507 2695; x_wconf 82' lang='lat' dir='ltr'>ib.</span> <span class='ocrx_word' id='word_1_399' title='bbox 541 2673 574 2697; x_wconf 89' lang='lat' dir='ltr'>v.</span> <span class='ocrx_word' id='word_1_400' title='bbox 606 2665 670 2702; x_wconf 78' lang='lat'>22.</span> <span class='ocrx_word' id='word_1_401' title='bbox 729 2661 872 2697; x_wconf 72' lang='lat' dir='ltr'>bestiae</span> <span class='ocrx_word' id='word_1_402' title='bbox 888 2661 956 2711; x_wconf 82' lang='lat' dir='ltr'>ae]</span> <span class='ocrx_word' id='word_1_403' title='bbox 988 2675 1054 2713; x_wconf 87' lang='lat' dir='ltr'>per</span> <span class='ocrx_word' id='word_1_404' title='bbox 1074 2663 1394 2711; x_wconf 82' lang='lat' dir='ltr'>interrogationem</span> <span class='ocrx_word' id='word_1_405' title='bbox 1412 2661 1520 2707; x_wconf 88' lang='lat' dir='ltr'>haec,</span> <span class='ocrx_word' id='word_1_406' title='bbox 1549 2666 1589 2699; x_wconf 93' lang='lat' dir='ltr'>ut</span> <span class='ocrx_word' id='word_1_407' title='bbox 1609 2661 1791 2712; x_wconf 83' lang='lat' dir='ltr'>quaestio-</span> 
     </span>
     <span class='ocr_line' id='line_1_45' title="bbox 344 2717 1791 2768; baseline 0.004 -19"><span class='ocrx_word' id='word_1_408' title='bbox 344 2725 429 2751; x_wconf 90' lang='lat' dir='ltr'>nem</span> <span class='ocrx_word' id='word_1_409' title='bbox 458 2728 565 2764; x_wconf 81' lang='lat' dir='ltr'>quam</span> <span class='ocrx_word' id='word_1_410' title='bbox 590 2717 656 2753; x_wconf 81' lang='lat' dir='ltr'>sibi</span> <span class='ocrx_word' id='word_1_411' title='bbox 687 2718 908 2767; x_wconf 86' lang='lat' dir='ltr'>propositam</span> <span class='ocrx_word' id='word_1_412' title='bbox 939 2723 1064 2756; x_wconf 88' lang='lat' dir='ltr'>auctor</span> <span class='ocrx_word' id='word_1_413' title='bbox 1083 2718 1218 2764; x_wconf 81' lang='lat' dir='ltr'>solvat,</span> <span class='ocrx_word' id='word_1_414' title='bbox 1256 2719 1492 2768; x_wconf 85' lang='lat' dir='ltr'>exprimenda</span> <span class='ocrx_word' id='word_1_415' title='bbox 1507 2718 1604 2756; x_wconf 86' lang='lat' dir='ltr'>duxi.</span> <span class='ocrx_word' id='word_1_416' title='bbox 1662 2717 1791 2756; x_wconf 84' lang='lat' dir='ltr'>refellit</span> 
     </span>
    </p>
   </div>
   <div class='ocr_carea' id='block_1_3' title="bbox 346 2772 1792 2883">
    <p class='ocr_par' dir='ltr' id='par_1_9' title="bbox 346 2772 1792 2883">
     <span class='ocr_line' id='line_1_46' title="bbox 346 2772 1792 2827; baseline 0.003 -21"><span class='ocrx_word' id='word_1_417' title='bbox 346 2772 442 2807; x_wconf 88' lang='lat' dir='ltr'>enim</span> <span class='ocrx_word' id='word_1_418' title='bbox 464 2783 526 2808; x_wconf 88' lang='lat' dir='ltr'>eos</span> <span class='ocrx_word' id='word_1_419' title='bbox 546 2773 607 2821; x_wconf 86' lang='lat' dir='ltr'>qui</span> <span class='ocrx_word' id='word_1_420' title='bbox 627 2775 805 2822; x_wconf 77' lang='lat' dir='ltr'>serpentis</span> <span class='ocrx_word' id='word_1_421' title='bbox 823 2773 1045 2823; x_wconf 84' lang='lat' dir='ltr'>alloquium</span> <span class='ocrx_word' id='word_1_422' title='bbox 1036 2787 1073 2812; x_wconf 88' lang='grc' dir='ltr'>ιιι</span> <span class='ocrx_word' id='word_1_423' title='bbox 1095 2778 1346 2823; x_wconf 82' lang='lat' dir='ltr'>argumentum</span> <span class='ocrx_word' id='word_1_424' title='bbox 1364 2774 1526 2825; x_wconf 87' lang='lat' dir='ltr'>trahunt,</span> <span class='ocrx_word' id='word_1_425' title='bbox 1546 2787 1620 2825; x_wconf 72' lang='lat' dir='ltr'>qno</span> <span class='ocrx_word' id='word_1_426' title='bbox 1636 2773 1792 2827; x_wconf 87' lang='lat' dir='ltr'>probent</span> 
     </span>
     <span class='ocr_line' id='line_1_47' title="bbox 346 2824 1294 2883; baseline 0.007 -22"><span class='ocrx_word' id='word_1_427' title='bbox 346 2824 480 2879; x_wconf 78' lang='lat' dir='ltr'>bestias</span> <span class='ocrx_word' id='word_1_428' title='bbox 500 2827 635 2883; x_wconf 82' lang='lat' dir='ltr'>locutas</span> <span class='ocrx_word' id='word_1_429' title='bbox 655 2833 751 2882; x_wconf 85' lang='lat' dir='ltr'>ante</span> <span class='ocrx_word' id='word_1_430' title='bbox 766 2828 897 2868; x_wconf 89' lang='lat' dir='ltr'>Adami</span> <span class='ocrx_word' id='word_1_431' title='bbox 915 2829 1068 2881; x_wconf 88' lang='lat' dir='ltr'>lapsum.</span> <span class='ocrx_word' id='word_1_432' title='bbox 1124 2832 1234 2870; x_wconf 73' lang='lat' dir='ltr'>Xn.</span> <span class='ocrx_word' id='word_1_433' title='bbox 1292 2881 1294 2883; x_wconf 66' lang='lat'>‚</span> 
     </span>
    </p>
   </div>
  </div>
 </body>
</html>
