1916 3210
140 179 168 229 ἱ
183 214 218 232 2*
756 178 1041 224 HISTORIA.
1185 179 1187 182 ’
1534 168 1635 224 ’691

160 287 316 353 thudin
350 295 386 339 εἲ
413 293 482 338 καὶ
511 291 636 346 αὐτὸς
659 291 880 349 ὕπομεὶνας
907 292 966 346 εἵς
991 311 1031 338 τι
1058 292 1252 350 νεοπαγὲς
1278 287 1474 352 φρούριον
1485 324 1498 346 ,
1532 292 1637 350 πρὸς

161 362 292 410 dim?
307 364 381 420 τὴν
398 363 634 418 οῖκοδομίαν
649 361 791 418 λαχόν,
817 361 1088 419 ἕσκηνώσατο.
1120 361 1224 418 μετὰ
1244 366 1375 406 ταῦτα
1395 362 1442 405 δὲ
1460 378 1636 420 περαιω-

161 434 255 485 θεὶς
271 432 346 490 τὴν
363 433 560 489 διαίρεσιν
578 433 802 493 εἰςόῗκείας
817 429 978 488 κτήσεις
993 429 1336 489 συνδιεγράψατο.
1366 430 1444 488 ’τὴν
1461 431 1505 474 δὲ
1524 432 1631 474 Και-
1654 434 1686 469 D

160 499 334 560 πάρεισιν
354 499 576 559 παρελθὼν
595 502 652 551 εἲς
669 500 743 556 τὴν
763 501 979 558 λεγομένην
996 499 1218 556 κατήντησε
1237 497 1386 559 Κρύαν
1405 497 1559 558 πηγήν·
1588 495 1639 557 ἦν

128 570 243 629 lydo
272 568 295 613 ὅ
325 568 450 622 τόπος
477 565 582 627 πρὸς
602 567 811 626 ὑποδοχὴν
834 573 1014 627 στρατοῦ
1034 569 1203 621 εὔθετος
1209 601 1223 622 ,
1253 573 1352 613 πᾶσι
1371 571 1534 628 βρίθων
1550 575 1638 621 τοῖς

156 640 396 697 χρησίμοις,
425 636 686 693 ἇστυκῶμαις
703 640 771 682 καὶ
789 637 1031 696 ἀγροπόλεσι
1040 671 1054 692 ,
1080 637 1151 682 διὰ
1171 642 1245 694 τῆς
1266 643 1495 696 συμμιγοῦς
1514 656 1637 697 ποριὸ

158 707 340 765 μότητος
353 705 655 765 γνωριζόμενος.
706 707 940 765 κειρομένης
959 708 1096 764 δὲτῆς
1110 705 1253 765 χώρας
1272 709 1339 751 καὶ
1359 708 1637 765 ε’ρημουμένης

159 775 275 834 παρὰ
306 781 390 821 τῶν
419 779 680 835 στρατιωτῶν
711 776 980 835 ἀπηνέστερον
1008 776 1270 834 προσηνέχθη
1292 778 1373 821 τισὶ
1395 781 1477 820 τῶν
1497 777 1540 820 ἐκ
1560 781 1636 820 τοῦ

158 843 368 903 τάγματος
401 849 484 888 τῶν
516 845 742 900 Νεμίτζων.
812 845 909 888 ἀλλ’
943 846 987 889 οἵ
1015 863 1058 902 γε
1095 846 1315 902 δηχθέντες
1345 845 1636 890 ἀποστατοῦσιτ

104 924 153 965 10
161 914 416 973 γνωσθέντος
434 913 480 957 δὲ
496 912 666 966 τούτου,
697 916 825 957 ἵππου
849 914 994 969 ἐπιβὰς
1012 912 1034 957 ὅ
1052 913 1246 969 βασιλεὺς
1263 916 1328 957 καὶ
1347 914 1635 972 στρατιωτικὸν

155 979 508 1040 συγκαλεσᾶμενος
526 982 622 1034 τοὺς
643 983 861 1034 ἰδιοξένους
879 983 1099 1040 κατέπληξε
1120 985 1188 1027 καὶ
1209 977 1334 1035 αὖθις
1351 982 1635 1036 ὑποσπόνδους

157 1052 227 1096 καὶ
249 1051 310 1109 μὴ
331 1051 606 1107 βουλομένους
629 1052 896 1108 κατέστησεν,
930 1054 972 1096 έν
995 1051 1154 1104 τούτοις
1174 1050 1316 1108 μόνοις
1338 1051 1384 1095 τὸ
1409 1051 1635 1110 πρόστιμον

155 1119 323 1180 ὁρίσας,
355 1120 399 1165 ἓν
424 1124 484 1180 τῷ
510 1119 706 1176 ἐσχάτους
729 1119 930 1176 τετάχθαι
950 1121 1040 1164 ἀντὶ
1058 1126 1132 1178 τῆς
1148 1118 1314 1180 πρώτης
1330 1119 1545 1178 ἕγγῦτητος
1565 1123 1634 1165 καὶ

155 1190 542 1248 σωματοφυλακίας.
617 1190 772 1233 ἐκεῖθεν
797 1196 930 1247 χωρεῖ
952 1192 1009 1242 εἷς
1036 1187 1308 1245 Σεβάστειαν,
1351 1190 1428 1247 τὴν
1451 1190 1632 1248 Ἰβηρίαν
1653 1196 1684 1234 Ρ
1707 1198 1776 1237 837

102 1266 148 1308 15
158 1262 406 1315 καταλαβεῖν
429 1256 684 1316 ἐπειγόμενος
690 1290 704 1311 ,
738 1257 804 1303 ὅτε
834 1261 903 1302 καὶ
924 1264 1010 1303 ’τῶν
1034 1259 1111 1303 σὺν
1133 1263 1194 1320 τῷ
1217 1256 1504 1318 κουροπαλάτῃ
1525 1262 1634 1304 Μα-

153 1328 284 1384 νουὴλ
320 1331 382 1388 τῷ
413 1329 621 1386 Κομνηνῷ
655 1326 860 1372 πεσόντων
899 1327 1056 1384 θεατὴς
1091 1332 1173 1372 τῶν
1206 1327 1436 1383 πτωμάτων
1465 1330 1633 1386 ἐγένετο.

154 1398 345 1442 κάκεῖθεν
365 1400 494 1455 σχολῇ
513 1398 579 1440 καὶ
597 1395 734 1453 βάδην
751 1397 826 1440 ι’ὠν
842 1395 1149 1452 καταλαμβάνει
1172 1396 1247 1453 τὴν
1275 1396 1633 1452 Θεοδοσιούπολιν,

154 1464 297 1526 πρῴην
313 1466 389 1521 μέν
407 1465 683 1522 ἅμεληθεῖσαν
691 1498 705 1519 ,
735 1467 779 1518 ἐξ
794 1465 890 1510 ὅτου
909 1467 954 1510 δὲ
972 1463 1248 1525 ἓπολιορκῆθη
1262 1467 1309 1510 τό
1326 1466 1463 1525 ’Άρτζε
1472 1499 1486 1520 ,
1517 1467 1633 1511 ἀνοι-

154 1537 460 1592 κοδομηθεΐσαν
474 1536 542 1578 καὶ
555 1539 916 1593 κατοχυρωθεΐσαν
923 1567 937 1588 ,
962 1535 1150 1579 ἐντεῦθεν
1168 1533 1339 1592 διμήνου
1357 1536 1516 1594 τροφὴν
1533 1534 1632 1580 ἑκά·
1671 1547 1675 1553 ’

98 1611 244 1664 marty
273 1604 412 1663 φέρειν
440 1602 854 1662 ἐπικηρυκευσάμενος
882 1602 940 1657 ὧς
965 1603 1024 1647 δι’
1055 1602 1245 1661 ἀοικήτου
1270 1606 1339 1647 καὶ
1359 1606 1632 1662 ἠρημωμένης

150 1672 293 1733 χώρας
308 1674 488 1729 βαδίζειν
504 1674 712 1728 μέλλουσι.
780 1672 944 1718 πάντων
964 1674 1010 1717 δὲ
1025 1674 1072 1717 τὸ
1088 1674 1314 1731 προσταγέν
1332 1675 1630 1729 ποιησαμένων,

153 1742 203 1788 τὸ
232 1742 538 1800 μισθοφορικὸν
564 1746 647 1787 τῶν
681 1741 826 1796 Ου’ζων
853 1744 921 1786 καὶ
949 1742 1047 1794 τοὺς
1075 1741 1293 1801 Φράγγους
1320 1743 1395 1786 σὺν
1412 1741 1629 1803 Ῥουσελίῳ

152 1811 275 1872 ἀνδρὶ
300 1812 469 1873 γενναίῳ
497 1812 566 1856 καὶ
592 1815 797 1876 πολεμικῷ
817 1813 1005 1872 διαφίησι
1026 1810 1131 1857 κατὰ
1150 1816 1226 1857 τοῦ
1244 1813 1383 1857 Χλίατ
1404 1814 1460 1865 εἲς
1478 1830 1630 1872 προνο-

151 1990 238 2040 pido
268 1995 383 2039 uup'er
409 1992 633 2035 constructo,
665 1988 764 2026 cuius
788 1988 953 2026 aedificia
975 1990 1021 2026 ab
1043 1989 1125 2036 ipso
1148 1991 1271 2025 curata
1294 1990 1399 2035 sunt,
1429 1987 1481 2025 ibi
1504 1990 1631 2025 taber·

151 2037 312 2074 naculum
334 2038 467 2085 posuit.
512 2037 642 2072 deinde
665 2048 743 2072 cum
764 2037 986 2082 traiecisset,
1010 2036 1222 2072 divisionem
1242 2036 1463 2082 propriarum
1484 2048 1629 2082 posses-

151 2084 288 2121 sionum
305 2084 421 2120 deseri
466 2083 506 2129 it,
530 2089 568 2120 et
588 2083 799 2119 Caesaream
819 2087 1102 2131 praetergressus
1124 2083 1171 2118 ad
1191 2084 1325 2118 fontem
1341 2082 1480 2117 nomine
1497 2083 1629 2127 Cryam

151 2130 339 2178 pervenit,
379 2141 427 2176 qu
475 2130 619 2176 quidem
649 2129 748 2165 locus
778 2131 823 2166 ad
838 2130 1097 2176 excipiendum
1127 2128 1319 2164 exercitum
1352 2128 1500 2163 idoneus
1535 2135 1627 2174 erat,

150 2176 314 2213 omuibus
345 2176 526 2212 abundans
556 2187 650 2222 quae
678 2176 759 2211 usui
786 2181 924 2222 essent,
956 2175 1144 2223 oppidanis
1174 2180 1212 2210 et
1241 2175 1410 2222 paganis,
1445 2174 1528 2221 quia
1551 2175 1627 2210 fre-

153 2227 306 2270 quenter
326 2235 368 2258 eo
390 2222 631 2267 ventitabant,
658 2227 776 2258 notus.
824 2234 901 2258 cum
925 2228 1040 2258 autem
1063 2226 1253 2257 vexaretur
1274 2221 1374 2266 regio
1399 2225 1436 2255 et
1462 2233 1484 2256 a
1505 2221 1627 2257 militi-

151 2271 218 2306 bus
241 2269 479 2325 desolaretur,
502 2268 721 2325 infestiorem
743 2280 783 2304 se
804 2269 967 2315 praebuit
990 2268 1196 2315 quibusdam
1215 2279 1264 2323 ex
1285 2267 1425 2313 legione
1440 2268 1626 2302 Nemitzo-

150 2314 1037 2408 {Qasfftssssffiz}“mttffifflzassx
1059 2320 1628 2406 ‘Srssssffimhffisssti‘ssuig'oessssss'ss

149 2419 344 2455 rursusque
371 2407 545 2464 impositis
577 2407 842 2443 condicionibus
874 2407 933 2442 vel
966 2388 1099 2443 invitos
1121 2406 1193 2442 sibi
1214 2406 1373 2452 subegit,
1408 2406 1500 2442 hanc
1521 2418 1626 2442 unam

148 2466 300 2510 poenam
321 2454 515 2500 defimens,
549 2458 588 2491 ut
610 2453 648 2489 in
669 2459 827 2490 extrema
849 2458 953 2500 parte
973 2453 1150 2489 exercitus
1172 2458 1406 2500 ponerentur,
1439 2452 1502 2499 qui
1523 2459 1626 2489 erant
1652 2470 1655 2474 <

148 2513 189 2537 ιιι
211 2501 326 2549 prima
347 2507 384 2537 et
398 2500 555 2557 proximi
576 2501 735 2547 corporis
755 2500 933 2536 custodes.
970 2499 1067 2536 illinc
1089 2500 1135 2536 ad
1157 2499 1355 2535 Sebastiam
1378 2499 1628 2545 proficiscitur,

149 2549 366 2584 contendens
395 2559 434 2583 m
463 2547 615 2583 Iberiam
645 2547 856 2602 pervenire,
887 2546 951 2582 ubi
980 2546 1085 2583 etiam
1114 2557 1234 2582 eorum
1267 2545 1329 2592 qui
1359 2557 1437 2581 cum
1460 2545 1626 2582 Manuele

150 2594 367 2642 europalate
389 2595 568 2630 Comneno
592 2594 793 2629 ceciderant
813 2598 995 2638 spectator
1015 2593 1097 2629 fuit.
1145 2598 1182 2628 et
1211 2592 1295 2628 iude
1317 2592 1446 2628 sensim
1469 2603 1512 2627 ac
1534 2604 1627 2639 pau-

148 2640 250 2676 latim
271 2651 480 2688 progressus
502 2641 548 2676 ad
572 2640 775 2676 Theodosio
802 2640 884 2675 olim
907 2652 948 2676 se
970 2640 1126 2686 confert,
1150 2643 1233 2675 ante
1256 2639 1395 2685 quidem
1419 2638 1626 2684 neglectam,

150 2686 215 2723 sed
246 2699 292 2722 ex
321 2697 393 2733 quo
423 2692 657 2734 expugnatum
682 2686 752 2722 fuit
805 2692 902 2732 rtze,
930 2686 1158 2722 instauratam
1181 2691 1218 2721 et
1240 2684 1496 2721 communitam.
1543 2685 1627 2721 inde

149 2733 256 2770 iussit
285 2733 443 2780 singulos
473 2734 619 2770 duorum
649 2733 817 2769 mensium
839 2732 975 2769 cibaria
996 2745 1112 2770 secum
1134 2733 1249 2778 ferre,
1289 2738 1455 2779 tanquam
1481 2742 1546 2778 per
1567 2732 1627 2766 in-

152 2779 280 2816 cultam
302 2784 340 2816 et
360 2779 552 2815 solitariam
573 2780 752 2825 regionem
777 2780 849 2815 iter
870 2779 1066 2818 habituros.
1114 2790 1191 2814 cum
1225 2790 1344 2814 omnes
1375 2779 1547 2835 imperata
1569 2779 1628 2813 fe-

153 2826 309 2872 cissent,
340 2826 576 2862 mercenarios
598 2827 696 2862 Uzos
720 2831 758 2862 et
778 2827 938 2862 Francos
962 2837 1038 2862 cum
1059 2825 1224 2872 Ruselio,
1248 2825 1327 2860 viro
1348 2826 1435 2862 forti
1457 2837 1499 2860 ac
1521 2824 1628 2860 belli-

152 2883 258 2919 com,
281 2873 328 2911 ad
349 2872 471 2921 Cbliat
490 2873 696 2921 praedatum
717 2873 835 2922 misit,
859 2873 953 2920 quod
976 2874 1075 2920 prius
1095 2873 1201 2911 etiam
1219 2872 1369 2909 fecerat.
1415 2871 1474 2908 ille
1490 2883 1511 2909 a
1525 2877 1627 2919 tergo
