1916 3210
726 172 1021 238 HISTORIA.
1083 214 1086 221 .
1506 170 1604 219 673

144 288 219 347 τῆν
240 285 463 350 ’Ῑεράπολιν
483 286 650 346 χιόμασι
677 291 745 334 καὶ
771 289 1043 346 τειχομαχίαις
1063 288 1131 333 καὶ
1153 293 1457 347 στρατιωτικαῖς
1473 287 1606 339 ἐπεξε-

144 356 325 412 ubam,
355 357 401 402 τὸ
431 359 663 404 ἐπείσακτον
687 361 733 403 δὲ
759 363 840 403 τῶν
863 362 1162 417 στρατιωτικῶν
1182 355 1391 414 δυνάμεων
1411 359 1476 402 ἐπὶ
1497 375 1605 413 συμ-

145 425 299 486 ’φιόνοις
326 426 504 484 γυμνοὺς
534 430 599 471 καὶ
632 426 809 479 ἀόπλους
838 429 1019 485 διαφείς,
1062 426 1306 482 μεσάζοντος
1334 428 1377 471 ἐν
1403 431 1504 471 πᾶσι
1530 431 1606 470 τοῦ

142 498 368 555 μαγίστρου
386 496 551 555 Πέτρου
568 501 642 540 τοῦ
657 498 928 552 Λιβελλισίου
935 527 950 548 ,
985 496 1135 554 ἀνδρὸς
1153 495 1227 552 τήν
1246 513 1289 541 τε
1299 496 1522 556 Ἀσσυρίων
1537 497 1605 540 καὶ

109 563 342 621 ὄἝλλήνων
366 566 552 609 παιδείαν
576 565 712 623 ἄκρως
731 565 1000 622 ἐξησκημένον
1010 597 1024 617 ,
1056 565 1296 623 θρέμματος
1317 567 1384 608 καὶ
1405 564 1604 623 γεννήμα-
1627 578 1655 612 Β

141 642 217 686 ’τος
230 633 347 686 ὄντος
363 638 437 690 τῆς
447 634 688 690 Ἀντιοχείας
703 633 880 687 πόλεως,
913 636 980 676 καὶ
997 638 1078 677 τῶν
1094 634 1146 677 τὰ
1166 638 1307 692 πρῶτα
1327 633 1604 692 διενεγκόντων

142 700 245 755 {mig-‚⁷
312 700 335 747 ὃ
365 703 412 746 δὲ
438 702 602 760 ἀμηρᾶς
625 708 699 747 τοῦ
720 702 870 746 Χάλεπ
889 702 978 758 ἤτοι
998 704 1218 761 Βερροίας,
1253 701 1444 760 συνάψας
1461 711 1544 755 τοῖς
1563 721 1605 747 τε

134 769 290 830 Ἄραψι
319 773 389 815 καὶ
413 778 500 823 τοῖς
530 771 731 828 Τοῦρκοις
751 773 821 816 καὶ
845 770 1016 827 δύναμιν
1038 770 1168 830 ἁδρὰν
1189 770 1514 828 συστησάμενος,
1549 775 1607 823 εἷς

134 834 279 900 χεῖρας
306 840 440 884 ἔλθεΐν
466 845 524 900 τῷ
548 845 715 895 βασιλεῖ
738 843 805 884 καὶ
831 841 1095 896 μαχέσασθαι
1129 842 1385 897 διεσκέψατο.
1450 847 1524 885 τοῦ
1560 843 1606 884 δὲ

87 909 342 965 ἰοβασιλέως
366 907 481 953 ἴνδον
503 909 618 961 ὄντος
637 914 712 966 τῆς
730 908 952 961 ἑαλωκυίας
971 909 1148 963 πόλεως,
1182 915 1540 967 πυργομαχοῦντος
1561 912 1607 954 δὲ

141 977 200 1022 ἔτι
219 979 262 1022 ἓν
279 981 391 1036 μέρει
408 978 514 1022 ’κατὰ
530 978 576 1022 τὸ
592 977 812 1022 ὑπόλοιπον
833 981 1026 1034 λείψανον
1052 983 1124 1034 τῆς
1151 981 1490 1037 πυργοκρατείας,
1523 998 1607 1023 πα·-

142 1045 328 1106 ρατάξεις
355 1045 431 1091 δύο
460 1049 769 1103 διατειχίζουσαι
800 1048 898 1099 τοὺς
922 1049 1125 1099 ἐναντίους
1148 1050 1204 1100 εἷς
1224 1049 1410 1106 φυλακὴν
1434 1047 1606 1093 κατετά-

137 1119 320 1172 χθησαν.
387 1117 463 1160 εἶσὶ
479 1117 524 1160 δὲ
542 1119 632 1174 περὶ
651 1116 724 1173 τὴν
739 1114 959 1176 Ἶεράπολιν
979 1116 1183 1173 ἱππήλατα
1200 1119 1317 1160 πεδία
1334 1118 1506 1175 μέγιστα
1515 1151 1529 1172 ,
1564 1120 1606 1162 ἓν

141 1182 205 1236 οἷς
225 1185 329 1237 τινὲς
349 1190 431 1229 τῶν
450 1188 700 1244 Σαρακηνῶν
721 1184 970 1245 διεφάνησαν
994 1185 1256 1242 ἱππαζόμεναι
1266 1218 1281 1240 ,
1315 1188 1382 1229 καὶ
1403 1187 1509 1243 πλὴν
1531 1205 1606 1244 γη-

86 1264 130 1302 15
141 1254 281 1312 λόφων
303 1253 421 1298 οὐδέν
441 1254 593 1299 ἔστιτὸ
614 1252 934 1312 ὖπερανεστηκὸς
952 1256 1008 1306 εἰς
1028 1254 1123 1313 ὅρος
1135 1256 1254 1312 μέγα.
1321 1254 1536 1312 καυσώδης
1559 1258 1606 1300 δὲ
1626 1263 1657 1299 C

140 1320 163 1366 ὅ
193 1321 342 1376 τόπος,
375 1324 444 1366 καὶ
480 1324 526 1367 τὸ
563 1322 676 1381 ὕδωρ
707 1323 902 1383 χλιαρόν,
938 1323 1251 1379 μεταλαμβάνον
1283 1329 1357 1380 τῆς
1382 1329 1457 1369 τοῦ
1486 1326 1606 1381 ἀέρος

141 1395 370 1450 φλεγμονῆς
396 1409 439 1436 τε
473 1395 540 1436 καὶ
570 1391 763 1444 καύσεως.
833 1393 872 1436 οἳ
904 1394 949 1435 δὲ
978 1394 1162 1448 πολέμιοι
1195 1393 1300 1436 κατὰ
1333 1394 1481 1452 μικρὸν
1515 1401 1606 1446 ταῖς

139 1460 372 1516 ἱσταμέναις
385 1460 668 1517 πλησιάζοντες
682 1460 953 1519 παρατάξεσιν
970 1456 1095 1514 αὖθις
1110 1462 1463 1521 ἀνθυπέστρεφον·
1499 1463 1607 1519 ἀπῆν

138 1530 218 1587 γὰρ
247 1529 305 1574 ἔτι
334 1527 357 1573 ὅ
386 1530 550 1588 ἆμηρᾶς
573 1529 859 1586 Μαχμοῦτιος.
926 1530 1253 1588 ἀκροβολισμοὺς
1274 1532 1319 1574 δὲ
1340 1529 1606 1588 ποιησάμενοι

83 1596 366 1656 ξοπαρελάσαι
390 1600 466 1655 μέν
491 1617 605 1651 τινας
629 1604 710 1643 τῶν
723 1597 934 1654 Ῥωμαίων
953 1599 1281 1656 κατηνάγκασαν,
1313 1603 1379 1644 καὶ
1401 1603 1465 1651 δὶς
1484 1597 1603 1644 τοῦτο

138 1669 207 1712 καὶ
241 1669 329 1727 τρὶς
360 1666 637 1724 πεποιήκασιν.
704 1669 746 1712 ἓν
779 1667 896 1729 ἑτέρᾳ
929 1669 975 1711 δὲ
1005 1673 1194 1727 συμβολῇ
1227 1669 1358 1713 οὐκέτι
1385 1670 1481 1721 τοὺς
1502 1669 1605 1713 Ῥω-

137 1738 287 1793 μαίους
312 1737 459 1795 μικρὸν
488 1738 706 1789 ἐπεδίωξαν
736 1740 803 1781 καὶ
833 1736 1029 1793 ἔστησαν,
1065 1738 1170 1781 ἀλλὰ
1197 1737 1499 1797 παρελάσαντες
1527 1741 1605 1782 αὖ·

137 1805 235 1857 τοὺς
255 1810 314 1865 τῷ
335 1796 510 1863 τάγματι
528 1812 609 1850 τῶν
627 1810 915 1864 στρατηλατῶν
937 1809 993 1857 εἷς
1011 1814 1153 1865 χεῖρας
1170 1806 1499 1865 συνερράγησαν,
1535 1810 1610 1851 καὶ·

137 1872 412 1933 παρελθόντες
429 1875 475 1919 τὸ
494 1881 575 1920 τῶν
597 1879 756 1931 σχολῶν
775 1874 911 1932 τάγμα
935 1876 1112 1928 πολλοὺς
1130 1876 1204 1931 μέν
1226 1876 1410 1930 ἀνεῖλον,
1445 1876 1541 1928 τοὺς
1560 1878 1606 1920 δὲ

136 1983 302 2020 obsidens
323 1983 433 2029 igitur
453 1981 660 2029 Hierapolin
681 1985 886 2031 aggeribus,
911 1989 948 2020 et
966 1996 987 2019 e
1005 1996 1102 2020 muro
1120 1984 1460 2031 propugnationibus
1479 1985 1607 2022 multa-
1657 2001 1666 2005 ·

135 2030 674 2112 ffi⁰fss¹2¹issff⁰¹¹23033333f1³3⁸²⁵
690 2032 1015 2113 Ξῖιῖἰῗῗῗιῖῃῗὲρῗέ
1038 2031 1277 2112 ῗιῗᾶὲῗηζῖἕὲἒ
1301 2032 1607 2114 Ἐξῐῗὲῗίοᾱῗὲῖἶῗ

134 2121 338 2167 Libeuisio,
361 2087 441 2157 giro
460 2104 683 2168 Assyrioru'm
706 2130 743 2159 et
760 2090 974 2159 (g-aecorum
993 2123 1174 2158 doctrinae
1191 2090 1424 2170 peritis-sigo,
1448 2125 1607 2159 civitatis

134 2167 343 2210 Antiochiae
367 2168 504 2203 alumno
527 2173 563 2203 et
584 2169 676 2214 filio,
700 2176 736 2205 et
755 2170 849 2205 inter
870 2181 952 2205 suos
972 2169 1205 2215 principatum
1227 2169 1422 2205 obtinente.
1470 2182 1606 2206 ameras

136 2225 224 2250 vero
241 2213 414 2260 ·Chalep,
447 2214 484 2248 id
517 2219 571 2249 est
601 2217 797 2260 Berroeae‚
834 2227 910 2251 cum
941 2215 1115 2250 Arabibus
1151 2215 1352 2261 Turcisque
1385 2216 1603 2262 coniunctus,

136 2271 258 2296 manua
281 2270 357 2295 cum
378 2260 590 2306 imperatore
613 2272 798 2297 conserere
819 2273 862 2298 ac
885 2262 1050 2296 dimicare
1078 2260 1222 2304 statuit3
1257 2273 1403 2308 cumque
1425 2262 1519 2297 intra
1543 2275 1603 2298 ur-

138 2309 218 2343 bem
247 2310 384 2352 captam
414 2310 509 2341 esset
538 2306 746 2352 imperator,
781 2313 817 2343 et
849 2308 961 2343 adhuc
985 2319 1050 2354 pro
1078 2306 1213 2353 reliqua
1233 2308 1343 2343 turris
1365 2314 1466 2354 parte
1492 2320 1604 2355 expu-

137 2351 501 2400 gnandadimicaret,
526 2353 693 2388 adversus
714 2354 907 2390 instructae
931 2354 1034 2388 binae
1057 2353 1169 2398 acies,
1198 2364 1288 2399 quae
1311 2361 1515 2390 coercerent
1539 2355 1604 2390 ad-

137 2398 338 2443 versarios,
371 2397 416 2432 ad
439 2398 630 2434 custodiam
650 2399 843 2447 dispositae
865 2405 959 2436 sunt.
1005 2404 1086 2434 sunt
1109 2405 1224 2434 autem
1244 2400 1373 2436 circum
1396 2401 1606 2448 Hierapolin

136 2445 301 2493 planities
323 2444 511 2489 maximae,
540 2456 706 2490 equorum
729 2447 846 2482 cursui
867 2447 1034 2490 idoneae,
1058 2446 1095 2480 in
1119 2446 1244 2491 quibus
1266 2453 1502 2493 apparuerunt
1525 2447 1606 2493 qui-

138 2493 217 2527 dam
247 2490 416 2526 Saraceni
446 2491 710 2538 adequitantu,
743 2497 779 2528 et
810 2498 952 2539 praeter
976 2492 1083 2527 colles
1105 2492 1192 2526 nihil
1215 2497 1271 2527 est
1292 2493 1386 2538 quod
1409 2494 1452 2528 ad
1478 2494 1607 2529 montis

137 2537 356 2592 altitudinenu
391 2541 565 2592 assurgat.
612 2544 668 2573 est
697 2543 812 2594 autem
842 2538 938 2574 locus
968 2543 1151 2573 aestuosus
1178 2542 1214 2574 et
1243 2543 1334 2594 aqua
1363 2539 1485 2595 tepida
1511 2540 1605 2575 aer-is

137 2584 422 2619 inflammauonns
444 2587 481 2619 et
503 2588 619 2619 aestus
642 2590 833 2631 particeps.
883 2586 1001 2620 hostes
1024 2590 1160 2630 autem,
1197 2595 1257 2630 qm
1279 2585 1446 2631 paulatlm
1470 2586 1605 2621 consti-

138 2629 226 2666 tutis
259 2630 403 2665 aciebus
434 2630 786 2678 appropinquabant,
820 2642 941 2667 rursus
975 2635 1216 2666 recesserunt:
1259 2643 1338 2667 nam
1370 2632 1606 2668 Machmutius

139 2687 274 2712 amerus
304 2676 440 2711 aberat.
486 2687 607 2711 verum
633 2677 768 2712 levibus
791 2677 997 2724 quibusdam
1019 2676 1164 2723 praeliis
1187 2684 1377 2724 coegerunt
1397 2678 1533 2724 aliquos
1559 2691 1605 2714 ex·

138 2721 306 2758 Romanis
328 2722 475 2767 cedere,
499 2723 593 2768 quod
614 2723 670 2758 bis
693 2729 818 2770 terque
842 2725 886 2759 ab
909 2723 996 2771 ipsis
1019 2725 1149 2759 sactum
1171 2728 1239 2759 est.
1285 2723 1396 2760 altero
1414 2737 1499 2760 vero
1516 2737 1603 2760 con-

138 2780 262 2815 gressu
285 2780 353 2803 non
377 2768 524 2815 amplius
547 2769 720 2805 Romanos
743 2781 863 2816 parum
887 2776 969 2806 sunt
990 2769 1168 2816 persecuti
1189 2775 1249 2804 aut
1270 2771 1397 2806 sistere
1429 2771 1602 2817 fecerunt,

138 2815 202 2850 sed
224 2814 269 2850 im
296 2815 454 2850 ressione
476 2816 569 2850 facta
591 2816 628 2850 in
650 2816 822 2862 legionem
844 2817 967 2852 ducum
990 2827 1110 2852 manus
1133 2822 1402 2861 conseruerunt,
1439 2823 1476 2853 et
1496 2818 1602 2853 scho-
1675 2850 1685 2856 ,

137 2860 247 2897 larum
293 2861 452 2907 egionem
481 2867 770 2910 praetereuntes,
803 2863 918 2901 multis
944 2862 1070 2900 occisis
1083 2890 1094 2909 ,
1126 2863 1282 2909 reliquos
1304 2864 1455 2912 turpiter
1476 2865 1601 2911 fugere

194 2915 325 2963 Gcorg.
356 2915 529 2953 cedrenus
555 2920 635 2953 tom.
668 2917 717 2954 11.
1267 2910 1321 2955 43
