1890 3236
264 165 364 217 408
742 167 981 212 GEORGn
1015 155 1260 212 cEnREM

263 300 333 329 νον
355 288 444 333 ταῖς
465 279 580 332 ὅλαις
599 278 808 336 δυνάμεσι.
857 283 908 337 τῇ
932 282 1028 335 γοῦν
1051 276 1218 338 ἐπιούσῃ
1238 276 1471 332 ἐξελθόντες
1490 275 1565 324 τοῦ
1586 275 1732 332 ἄστεος

265 350 471 405 πανδημεί
473 381 488 402 ,
523 350 592 392 καὶ
619 349 696 399 τὰς
721 346 852 398 πύλας
871 348 1199 402 ἀποκλείσαντες,
1231 347 1287 400 ὥς
1305 346 1363 403 μή
1380 360 1456 392 τινι
1477 344 1730 405 δυνατὸνεᾶη

265 420 453 479 τραπέντι
483 414 758 470 διασώζεσθαι
785 417 888 475 πρὸς
920 416 995 471 τὴν
1025 415 1166 471 πόλιν,
1205 415 1488 472 συμβάλλουσι
1522 412 1732 468 &05⁵4me-

264 488 413 543 μαίοις.
481 485 636 542 ἀγῶνος
657 486 701 529 δὲ
720 489 918 544 καρτεροῦ
937 483 1161 536 συστάντος
1176 487 1243 528 καὶ
1260 490 1342 529 τῶν
1357 482 1584 543 βαρβάρων
1592 483 1732 542 M·-

264 573 349 611 χως
379 554 680 611 ἀγωνιζομένων
689 585 703 606 ,
737 559 794 613 τῷ
824 553 924 614 ἡλίῳ
955 552 1225 609 καυσούμενοι
1251 554 1298 598 οἵ
1313 550 1507 609 Ῥωμαῖοι
1527 551 1765 610 καὶδίψεεῦ

266 621 504 677 πονούμενοι
545 621 602 673 ὥς
640 622 884 667 πανοπλῖται
929 622 946 673 (
957 617 1009 678 ἦν
1041 623 1121 680 γὰρ
1152 624 1219 666 καὶ
1249 622 1443 680 σταθηρᾶ
1468 614 1747 680 μεσημβρία-Υ
1771 647 1773 650 -

267 692 442 750 ’ἤρξαντο
483 689 696 734 ἐνδιδόναι.
763 690 861 748 ὅπερ
902 690 1150 746 αἲσθόμενος
1188 689 1210 733 ὅ
1246 691 1439 746 βασιλεὺς
1472 689 1543 734 διὰ
1576 688 1750 745 ταχέων,

268 759 372 818 μετὰ
401 761 483 803 τῶν
512 761 604 818 περὶ
634 758 757 803 αὖτὸν
784 757 974 814 ἐβοήθει,
1008 761 1076 802 καὶ
1100 759 1223 811 αὐτὸς
1245 761 1320 816 μέν
1338 760 1413 816 τὴν
1432 757 1567 815 ἀκμὴν
1588 757 1748 802 {medi-w

217 836 248 872 Β
272 833 368 881 ξατο
391 832 465 872 ’τοῦ
486 829 691 884 πολέμου,
723 832 780 887 τῷ
807 829 851 871 δέ
876 826 1114 884 πεπονηκότι
1135 826 1406 886 στρατεύματι
1425 823 1505 871 ὗπὸ
1527 824 1647 883 ἡλίου
1662 827 1736 871 καὶ

269 899 397 953 δίψης
424 896 574 950 ἀσκοὺς
601 897 711 941 οἴνου
740 898 807 940 καὶ
833 895 984 948 ’ὕδατος
999 894 1165 955 πλήρεις
1181 897 1401 954 προσέταξε
1421 887 1608 951 κομίζειν.
1666 891 1736 947 ὀἷς
1746 889 1795 942 10'

266 964 516 1024 χρησάμενοι
547 966 615 1008 καὶ
642 965 716 1021 τὴν
746 966 874 1020 δίψαν
897 967 964 1008 καὶ
986 966 1056 1008 τὸν
1077 970 1150 1009 τοῦ
1173 963 1288 1021 ἡλίου
1313 964 1505 1009 καύσωνα
1526 962 1748 1019 &noanon--

270 1033 437 1089 σάμενοι
471 1035 539 1077 καὶ
568 1032 737 1085 ἑαυτοὺς
768 1032 1039 1089 ἀναλαβόντες
1067 1033 1170 1090 μετὰ
1200 1028 1478 1092 σφοδρότητος
1505 1035 1573 1076 καὶ
1605 1030 1737 1091 ῥύμης

272 1110 357 1153 τοῖς
388 1101 576 1154 Σκύθαις
601 1102 838 1160 ἐπέρραξαν.
904 1103 1063 1145 ἐκείνων
1086 1103 1130 1145 δὲ
1150 1104 1337 1158 γενναίως
1357 1101 1664 1157 ὑποδεξαμένων
1682 1096 1745 1157 ἦν

271 1170 297 1226 ἡ
328 1169 440 1226 μάχη
468 1170 685 1226 ἲσοπαλής,
719 1172 860 1228 μέχρις
880 1170 930 1213 ἂν
948 1169 970 1214 ὁ
987 1171 1179 1225 βασιλεὺς
1195 1171 1267 1226 τὴν
1286 1171 1553 1228 στενοχωρίαν
1571 1168 1736 1228 φρασά-

271 1256 390 1295 μενος
419 1243 493 1282 τοῦ
519 1238 671 1292 τόπου,
706 1242 774 1282 καὶ
804 1241 847 1283 ἐκ
875 1238 1023 1283 τούτου
1056 1237 1309 1295 κατανοήσας
1333 1246 1418 1290 τοῖς
1442 1237 1736 1289 Σκύθαιςὲἐπι»
1748 1245 1793 1282 1⁵

272 1311 458 1367 γίνεσθαι
486 1308 561 1363 τὴν
595 1309 809 1366 καρτερίαν
838 1312 896 1367 τῷ
926 1308 1022 1359 τοὺς
1041 1306 1268 1363 Ῥωμαίους
1291 1310 1643 1364 ἐστενοχωρῆσθαι
1660 1307 1738 1350 ’καὶ

274 1376 332 1432 μὴ
357 1377 473 1426 ὀἵους
507 1374 606 1419 εἶναι
635 1375 733 1434 ἔργα
761 1377 964 1434 πρέποντα
995 1381 1068 1432 τῆς
1096 1375 1250 1420 ἑαυτῶν
1275 1376 1400 1432 ἀλκῆς
1424 1376 1738 1427 ἐπιδείκνυσθαι,

224 1451 254 1486 C
277 1444 479 1499 ἐπέσκηψε
504 1451 589 1496 τοῖς
613 1453 852 1503 στρατηγοῖς
878 1445 994 1489 εἴκειν
1021 1447 1077 1495 εἷς
1100 1445 1278 1488 τούπίσω
1296 1444 1399 1501 πρὸς
1413 1443 1460 1488 τὸ
1477 1445 1636 1498 πεδίον,
1670 1445 1739 1486 καὶ

273 1517 347 1568 τῆς
377 1511 532 1563 πόλεως
560 1511 700 1571 πόρρω
734 1514 991 1571 ἀφίστασθαι
1023 1512 1187 1568 δόκησιν
1219 1511 1448 1571 φευγόντων
1476 1512 1747 1570 παρέχοντας,

278 1581 336 1636 μὴ
359 1582 495 1637 μέντοι
516 1598 559 1636 γε
580 1583 889 1639 προτροπάδην,
923 1583 1019 1624 ἀλλ’
1041 1582 1174 1639 ἠρέμα
1191 1584 1258 1624 καὶ
1276 1581 1370 1624 κατ’
1390 1581 1524 1637 ὀλίγον
1544 1581 1735 1632 εἴκοντας,
1748 1587 1796 1622 20

277 1650 473 1693 κάπειδὰν
497 1649 653 1694 ἄποθεν
676 1655 749 1706 τῆς
776 1650 929 1701 πόλεως
953 1648 1169 1700 διώκοντας
1191 1650 1506 1703 ἐκκαλέσωνται,
1537 1650 1740 1706 αῖφνίδιον

276 1715 590 1776 παρενεγκόντας
612 1718 707 1769 τοὺς
726 1718 921 1774 χαλινοὺς
947 1720 1198 1776 ἐπιστρέφειν
1216 1718 1311 1768 τοὺς
1326 1720 1478 1768 *ἵππους
1497 1719 1564 1760 καὶ
1582 1715 1742 1768 τούτοις

279 1788 598 1842 συμπλέκεσθαι.
665 1789 733 1830 καὶ
752 1788 790 1830 οἳ
807 1788 880 1842 μὲν
902 1789 1060 1830 ἐποίουν
1078 1788 1123 1830 τὸ
1144 1786 1383 1840 κελευσθέν,
1419 1787 1458 1829 οἱ
1484 1787 1528 1828 δὲ
1546 1784 1648 1836 Ῥιὸς
1667 1786 1740 1840 τὴν

279 1858 334 1906 εἷς
350 1856 526 1898 τούπίσω
543 1854 797 1912 ὑποχώρησιν
814 1860 894 1898 τῶν
905 1854 1116 1910 Ῥωμαίων
1133 1855 1266 1913 φυγὴν
1283 1855 1487 1910 οῗηθέντες
1496 1886 1509 1906 ,
1540 1853 1741 1909 ἀλλήλους

279 1922 655 1982 παρακαλεσάμενοι
676 1927 831 1969 εἵποντο
851 1924 925 1968 σὺν
942 1925 1178 1983 ἀλαλαγμῷ.
1227 1922 1282 1974 ὥς
1300 1924 1344 1966 δὲ
1359 1923 1464 1966 κατὰ
1477 1922 1546 1966 τὸν
1563 1921 1796 1982 ὥρισμέ-25

370 2044 393 2078 9
415 2040 491 2078 ὑπὸ
512 2042 583 2078 τοῦ
606 2040 713 2087 ἡλίου
735 2044 765 2078 Ρ
940 2043 984 2079 21
1009 2041 1204 2088 αἰφνιδίως
1228 2041 1259 2077 C
1429 2041 1475 2077 24
1498 2040 1551 2082 εἰς
1572 2038 1740 2078 τούπίσω

367 2101 423 2125 om
446 2090 477 2124 C
613 2089 657 2125 25
680 2087 873 2135 εἰρημένον
894 2089 925 2124 C

280 2202 368 2226 mum
389 2203 428 2226 se
452 2202 515 2236 pro
538 2190 613 2226 vita
635 2202 699 2226 sua
721 2194 895 2226 certamen
927 2202 1058 2226 summa
1079 2191 1118 2226 vi
1140 2190 1308 2226 obituros.
1354 2188 1529 2236 postridie
1552 2201 1638 2235 ergo
1661 2189 1742 2225 nni-

282 2237 377 2271 versi
404 2239 492 2272 urbe
523 2241 669 2282 exeunt,
701 2243 893 2283 portasque
925 2237 1107 2282 claudunt,
1138 2249 1182 2272 ne
1205 2236 1283 2281 quis
1306 2237 1344 2270 in
1369 2237 1487 2271 urbem
1510 2248 1530 2270 e
1551 2237 1637 2281 fuga
1657 2247 1744 2282 per-

280 2282 403 2317 venire
432 2283 558 2329 possit.
605 2283 784 2329 commisso
817 2283 950 2328 praelio
978 2283 1107 2319 acriter
1140 2288 1324 2329 pugnatur.
1370 2282 1440 2317 iam
1470 2282 1631 2317 barbaris
1664 2282 1744 2317 ani-

281 2341 376 2363 mose
406 2328 662 2374 pugnantibus,
699 2330 847 2364 Romani
879 2335 914 2364 et
943 2330 1063 2374 gravis
1095 2341 1178 2364 suae
1201 2332 1398 2363 armaturae
1419 2329 1576 2373 pondere
1599 2332 1636 2362 et
1657 2328 1750 2362 solis·

281 2386 405 2408 sereno
434 2375 579 2409 meridie
608 2376 733 2410 ardore
765 2387 806 2410 ac
835 2375 896 2410 siti
930 2375 1096 2420 languere
1126 2374 1362 2419 incipiebant,
1397 2384 1472 2408 cum
1493 2374 1685 2419 imperator
1704 2385 1746 2409 re

282 2420 526 2455 animadversa
558 2421 731 2455 succurrit
764 2431 840 2455 cum
872 2421 963 2465 suis,
1010 2427 1045 2455 et
1079 2421 1228 2456 bostium
1261 2419 1504 2454 vehementiae
1533 2431 1572 2454 se
1607 2419 1746 2464 obiicit,-

282 2470 448 2510 utresque
483 2466 622 2501 interim
651 2478 742 2512 aqua
769 2472 805 2501 et
836 2466 918 2511 vino
949 2467 1071 2512 plenos
1095 2466 1223 2501 afferri
1248 2465 1358 2500 iubet.
1405 2465 1488 2499 inde
1516 2476 1604 2510 quos
1628 2470 1746 2506 aestus

282 2523 324 2544 ac
355 2511 432 2545 sitis
463 2512 641 2547 afflixerat
669 2513 819 2548 recreati
848 2512 1002 2547 violento
1033 2513 1163 2559 impetu
1192 2512 1230 2546 in
1258 2511 1410 2555 Scythas
1437 2511 1594 2554 irruunt3
1628 2511 1747 2556 iisque

282 2556 448 2590 audacter
471 2557 762 2602 subsistentibus,
785 2558 996 2603 aliquamdiu
1017 2569 1128 2603 aequo
1149 2558 1265 2592 Marte
1287 2561 1471 2603 pugnatum
1490 2562 1558 2592 est.
1605 2559 1744 2592 tandem

282 2603 473 2646 imperator
505 2603 659 2638 sentiens
693 2604 762 2639 loci
788 2605 980 2649 angustiam
1004 2604 1126 2639 virtuti
1146 2615 1285 2638 suorum
1307 2604 1448 2645 obstare
1469 2614 1512 2636 ac
1534 2603 1678 2646 Scythis
1701 2614 1746 2637 eo

283 2648 416 2681 animos
447 2649 588 2692 augeri,
625 2649 765 2685 mandat
797 2650 943 2684 ducibus
974 2655 1014 2685 ut
1044 2655 1138 2684 retro
1168 2650 1205 2683 in
1235 2648 1412 2694 planitiem
1443 2648 1564 2694 procul
1587 2650 1632 2683 ab
1657 2650 1746 2683 urbe

284 2694 475 2737 abducant4
511 2694 786 2740 fugientiumque
819 2696 971 2741 speciem
1000 2708 1067 2730 non
1091 2695 1202 2730 effuse
1224 2695 1285 2729 sed
1309 2693 1436 2728 sensim
1460 2695 1615 2728 cedendo
1638 2706 1743 2740 prae-

286 2739 410 2783 beant,
444 2739 637 2783 atque-ubi
665 2740 799 2775 hostem
829 2741 933 2786 longe
965 2743 1007 2776 ab
1041 2743 1128 2776 urbe
1161 2739 1357 2782 avocaffint,
1393 2739 1512 2774 subito
1535 2740 1635 2785 equis
1658 2752 1743 2774 con-

285 2783 398 2819 versis
429 2785 687 2829 aggrediantur.
735 2787 831 2821 iussa
861 2794 1096 2832 exsequuntur
1127 2787 1247 2821 duces.
1294 2791 1332 2820 et
1354 2785 1458 2819 Rossi
1481 2787 1646 2820 cedentes
1669 2787 1743 2820 Ro-

286 2841 405 2865 manos
437 2830 561 2875 fugere
590 2831 742 2877 opinati,
777 2838 894 2867 mutuo
925 2844 1004 2867 sese
1030 2831 1224 2875 exhortati,
1258 2841 1380 2875 magno
1413 2841 1488 2865 cum
1519 2831 1659 2867 fremitu
1682 2843 1743 2866 eos
