1916 3210
325 181 424 228 790
744 178 1040 223 XYLANDRI
1073 179 1146 222 ET
1181 179 1359 225 GOARI

314 292 452 331 tudine
473 291 645 329 iactatam
664 289 844 327 invisente
865 289 1094 326 observatum
1113 288 1226 326 refert
1245 287 1436 338 Nyssenus
1453 288 1589 331 ἱιιόἱιιῠ
1611 290 1778 342 vim-ex

325 361 399 397 quo
426 346 621 397 Theophili
644 345 895 383 exscendentis
916 356 938 382 e
960 344 1044 382 navi
1064 348 1104 380 et
1125 345 1174 382 ad
1189 344 1423 384 Rufinianum
1443 351 1547 386 extra
1562 348 1710 397 urbm,
1737 354 1780 387 ut

319 404 591 453 -Chrysostomo
623 404 781 440 strueret
808 401 977 449 insidias,
1005 403 1104 438 recta
1126 402 1382 440 contendentis
1399 400 1609 474 improbitas
1624 377 1777 482 nur’rife-

327 464 460 565 staturp.
516 458 652 495 GoAn.

463 514 586 555 -581
620 524 657 553 v
689 514 751 554 19.
807 507 1044 550 Hebdomum
1072 513 1218 559 autem,
1254 512 1354 551 cuius
1382 515 1518 554 mentio
1543 513 1659 554 hand
1666 490 1780 556 multo

325 572 413 623 post
438 570 612 616 infertur,
639 569 750 607 fuisse
779 567 987 606 suburbium
1018 567 1146 618 Cpolis
1171 580 1219 606 ex
1239 568 1401 608 Cedreni
1419 571 1534 623 ipsius
1550 567 1683 615 multis
1688 570 1780 612 finis

326 627 560 663 observatum
577 628 656 674 est,
685 637 734 663 ne
753 623 843 662 alios
864 624 1058 691 scriptores
1077 623 1244 674 allegem.
1301 625 1430 676 itaque
1453 630 1495 665 nt
1512 628 1795 680 propriumve-A

319 681 438 728 finni,
466 694 540 719 non
571 682 744 719 converti.
773 681 865 719 er..
919 675 1127 733 ’Ἐβδομον
1153 679 1252 718 locus
1281 682 1440 734 septimo
1463 683 1512 722 ab
1538 682 1647 724 min
1646 683 1782 759 lapide

326 738 487 776 dissitus.
546 737 683 775 Goan.

438 807 475 844 p·
495 793 578 836 582
598 805 632 833 v.
651 793 690 834 3.
747 791 914 830 Comana
940 789 1133 831 Armeniae
1159 792 1246 831 urbs
1270 797 1347 843 est,
1364 766 1583 834 Sozomeno
1608 765 1684 836 θαιε
1707 795 1734 836 l.
1754 798 1782 838 8

328 862 372 888 ac
405 849 614 903 Nicephoro
651 850 702 890 13
740 848 811 890 37.
867 848 970 899 quod
1005 849 1256 887 annotandum
1288 850 1393 898 duxi,
1420 854 1493 890 nt
1506 849 1692 891 zonarae
1699 851 1783 892 ioco

327 906 495 944 mutilato
522 917 775 945 succurrerem.
832 904 1003 944 Socrates
1026 905 1077 943 ad
1105 904 1286 945 Euxinum
1313 910 1467 959 pontum
1485 907 1653 966 collocat
1659 908 1689 948 6
1714 900 1783 982 21.

327 962 420 1001 Χιι..

395 1029 397 1032 ⁴
439 1031 478 1070 p
497 1018 581 1061 583
599 1029 635 1057 v
653 1015 691 1057 4
747 1016 937 1055 advorsus
962 1016 1064 1055 mihi
1089 1017 1382 1089 cognominem]
1408 991 1537 1059 isidori
1557 982 1675 1061 verba
1693 1019 1784 1099 haec

330 1087 405 1114 non
426 1075 603 1125 intelligo·
659 1074 755 1112 er..
963 1095 965 1099 ·

439 1145 478 1183 p-
496 1130 578 1173 585
604 1143 638 1169 v.
657 1131 695 1170 8.
751 1128 975 1196 Ars-acius]
998 1125 1108 1181 μεθ’·
1137 1124 1226 1170 οἷον
1254 1125 1339 1178 οἷος
1363 1133 1424 1170 est
1441 1130 1487 1170 ιιι
1504 1131 1690 1182 margine.
1745 1136 1786 1173 et

329 1188 477 1238 quidem
497 1188 723 1225 Sozomenus
739 1187 884 1225 minime
901 1187 1031 1224 malum
1053 1186 1164 1225 fuisse
1183 1186 1316 1234 refert,
1342 1187 1415 1225 nisi
1437 1188 1537 1238 quod
1556 1187 1678 1228 aliens
1696 1197 1786 1242 pen-

330 1251 411 1282 cata
434 1256 519 1282 eum
543 1243 714 1282 infamem
741 1243 927 1281 fecerunt.
976 1242 1059 1281 vide
1087 1244 1113 1283 8
1140 1242 1209 1283 23.
1266 1243 1344 1281 sed
1358 1243 1428 1281 hoc
1453 1244 1572 1295 ipsum
1597 1245 1699 1294 quod
1722 1244 1785 1285 hic

330 1304 368 1338 in
393 1300 554 1353 margine
574 1303 653 1347 est,
681 1299 861 1338 Simeonis
889 1299 1072 1358 cniusdam
1100 1302 1178 1348 est,
1205 1302 1247 1338 ut
1272 1299 1398 1349 legere
1418 1303 1526 1373 potes
1549 1300 1651 1361 apud
1672 1300 1786 1341 Nico-

329 1356 483 1410 phorum
509 1356 560 1396 13
589 1355 656 1396 28.
714 1356 806 1393 Χιτι..

441 1410 586 1464 Ρ.586
612 1424 645 1452 v.
670 1411 709 1451 6.
765 1409 930 1463 χρυσίον
961 1409 1120 1463 λίτρας]
1162 1412 1256 1449 auri
1284 1409 1417 1459 libra,
1458 1411 1593 1450 scribit
1605 1411 1785 1452 Budaeus

331 1470 380 1508 de
405 1467 485 1505 Ass.
512 1467 539 1506 l.
559 1467 586 1509 5
600 1495 612 1516 ,
641 1480 720 1504 non
749 1469 881 1504 minus
908 1467 1039 1505 aureis
1063 1467 1200 1505 solidis
1227 1474 1384 1505 centum
1413 1467 1628 1505 aestiuum
1636 1472 1783 1519 pbteat.

332 1524 566 1575 septuaginta
603 1524 744 1561 duobus
777 1524 940 1575 pendere
970 1528 1127 1562 testatur
1156 1523 1281 1562 Lexici
1309 1525 1454 1563 Iuridici
1485 1527 1630 1564 auctor.
1687 1525 1788 1564 deci·

334 1583 447 1619 (lente
471 1580 623 1632 imperio
647 1579 772 1618 decem
799 1579 1028 1617 solummodo
1054 1581 1324 1618 numerabatur.
1380 1580 1441 1618 ubi
1466 1590 1628 1630 namque
1653 1579 1787 1620 Mus

335 1637 523 1674 Diaconus
545 1636 667 1674 scribit
691 1635 818 1674 decem
837 1635 968 1683 libras,
999 1635 1223 1687 νομίσματα
1242 1631 1386 1676 ἑκατόν
1404 1636 1510 1688 pouit
1526 1635 1787 1688 Theophanes

334 1692 468 1730 ultimis
493 1691 719 1743 temporibus
748 1695 831 1729 octo
857 1694 998 1729 tantum
1025 1692 1217 1730 aestimata
1246 1697 1306 1731 est
1337 1692 1437 1730 iuxta
1466 1691 1669 1730 Blastarem
1699 1705 1734 1733 c.
1759 1694 1788 1734 7

334 1749 410 1788 τοῦ
444 1750 480 1787 Τ
498 1747 708 1800 στοιχείου·
736 1745 766 1800 ἦ
791 1743 888 1799 παρ’
913 1745 1032 1798 ’ἡμῶν
1059 1746 1296 1800 νομιζομένη
1322 1748 1434 1799 Mrem
1459 1747 1684 1800 νομίσματα
1709 1747 1788 1800 ἔχει

321 1799 449 1844 ὀκτώ.
505 1804 582 1844 aur-i
607 1815 738 1858 porro,
780 1815 856 1845 non
882 1804 1025 1857 argenti
1047 1803 1263 1845 vocabulum
1291 1805 1330 1843 in
1358 1807 1483 1843 textu
1487 1804 1687 1855 legendnm
1717 1809 1787 1845 est.

318 1861 471 1899 Gon.

443 1930 481 1968 p
504 1915 585 1958 589
605 1928 640 1955 v,
660 1915 699 1958 4.
763 1914 937 1954 Galbam
965 1929 1029 1955 cur
1057 1917 1241 1957 sceleratis
1269 1919 1548 1965 annumeraret,
1575 1928 1652 1955 non
1678 1916 1789 1956 video

335 1986 446 2024 quam
478 1973 609 2010 iustam
639 1972 806 2011 habuerit
837 1985 995 2011 causam.
1055 1971 1199 2027 γαλλας
1228 1978 1284 2013 est
1310 1975 1348 2012 in
1376 1974 1514 2014 codice.
1571 1976 1610 2013 et
1638 1973 1787 2013 vicinius

333 2043 409 2069 non
430 2029 607 2067 habebam
626 2041 734 2093 quam
757 2025 929 2080 Γάλβας.
985 2030 1080 2068 Χιτι..

447 2084 642 2126 ib.v.12.
699 2086 741 2122 in
760 2084 980 2137 comoedia]
1011 2087 1110 2138 apud
1129 2084 1406 2144 Aristophanem
1425 2085 1473 2124 de
1493 2084 1640 2123 Pericle.
1687 2084 1789 2136 qnod

324 2143 499 2192 sequitur
517 2141 554 2179 in
578 2141 761 2180 Eudociae
776 2140 926 2180 historia
944 2143 992 2181 de
1010 2143 1160 2181 Paulino
1179 2141 1379 2192 magistro,
1408 2141 1638 2180 observatum
1662 2145 1718 2179 est
1745 2152 1790 2179 ex

337 2198 490 2237 Zonara
517 2196 705 2236 Ammiano
734 2197 885 2248 aliisque
912 2197 1145 2250 scriptoribus
1172 2198 1419 2249 magisterium
1440 2197 1578 2237 aulicae
1596 2197 1788 2266 potestatis

324 2266 382 2292 'ac
399 2255 587 2303 dignitatis
609 2254 802 2304 primariae
820 2267 952 2294 nomen
973 2268 1066 2296 esse.
1123 2254 1216 2293 er..

446 2323 484 2361 Ρ
501 2310 582 2351 590
605 2323 638 2347 v
659 2313 725 2351 19.
782 2307 1008 2363 διπτυχοις]
1037 2311 1183 2350 tabulae
1205 2310 1392 2360 geminae,
1412 2322 1444 2348 e
1466 2321 1619 2360 quarum
1639 2321 1715 2347 una
1735 2308 1790 2346 vi-

336 2377 483 2415 vorum,
513 2377 560 2404 ex
586 2365 698 2405 altera
723 2370 942 2405 mortuorum
973 2366 1146 2407 ecclesiae
1167 2366 1505 2407 communicantium
1525 2365 1675 2427 nomina
1695 2364 1791 2404 inter

335 2422 523 2460 missarum
543 2422 717 2461 solemnia
735 2423 923 2472 leguntur,
952 2424 1119 2475 δίπτυχα
1137 2426 1235 2461 sunt.
1291 2423 1430 2460 GoAR.

448 2491 486 2529 Ρ.
502 2477 583 2518 591
604 2490 639 2515 v.
660 2475 700 2518 4.
754 2480 854 2529 quod
882 2481 932 2518 ad
955 2492 1102 2530 pomum
1122 2479 1257 2517 attinet
1274 2479 1321 2517 ab
1337 2477 1504 2516 Eudocia
1519 2475 1671 2515 Paulino
1691 2475 1791 2514 dono

338 2534 463 2572 clatum
476 2562 488 2580 ‚
517 2535 615 2584 apud
644 2533 890 2585 Nicephorum
920 2537 971 2577 14
999 2535 1055 2576 23
1083 2535 1216 2586 legitur
1240 2547 1315 2574 non
1334 2546 1490 2586 Ροιιιιιιιι
1518 2533 1586 2571 sed
1610 2532 1697 2573 ovis.
1753 2535 1792 2570 et

339 2600 427 2627 sane
453 2591 581 2641 μῆλον
602 2595 795 2641 utrumque
814 2592 1007 2642 significat.
1064 2592 1223 2630 narratio
1240 2593 1364 2629 tamen
1381 2589 1618 2630 Cedreniana
1637 2588 1792 2626 maxime

342 2645 510 2682 omnibus
535 2647 609 2682 suis
635 2646 910 2686 circumstantiis
930 2648 1046 2698 magis
1066 2649 1114 2686 de
1130 2646 1226 2685 malo
1244 2659 1357 2698 quam:
1377 2647 1425 2686 de
1444 2658 1514 2684 ove
1531 2644 1676 2683 videtur
1698 2655 1790 2682 esse.

342 2701 441 2748 quod
469 2701 569 2752 apud
599 2701 847 2766 Nicephorum
875 2704 1008 2754 legitur
1035 2704 1234 2742 Eudociam
1266 2704 1399 2741 marito
1429 2701 1665 2752 respondisse
1691 2699 1792 2737 domi

344 2769 431 2794 suae
460 2769 590 2794 munus
614 2758 726 2807 ipsius
753 2760 909 2797 suaviter
934 2760 1056 2812 pasci,
1087 2761 1118 2797 si
1145 2760 1196 2797 ita
1225 2762 1282 2797 est
1308 2761 1345 2797 in
1376 2759 1543 2806 Graeco,
1572 2755 1719 2794 omnino
1743 2754 1792 2791 de

342 2823 413 2850 ove
448 2813 697 2864 accipiendum
731 2815 887 2853 videtur.
966 2816 1150 2865 quomodo
1183 2816 1327 2855 Graeca
1357 2815 1408 2853 ibi
1437 2814 1617 2861 habeant,
1658 2811 1793 2849 nescio.
