1916 3210
471 125 861 169 HISTORIARUM
897 124 1277 171 commolunt
1411 92 1413 94 ’
1505 126 1599 172 551

147 250 223 293 exlex*
246 237 450 296 «ΑἘγένετο
478 240 523 284 δὲ
548 242 616 284 καὶ
642 240 747 284 κατὰ
773 240 843 285 τὸν
860 238 1024 285 Ἰούνιον
1044 245 1155 298 μῆνα
1175 245 1249 297 τῆς
1269 239 1395 296 αὐτῆς
1413 239 1600 297 ἐπινεμή-

33 353 38 356 ,
143 311 246 360 ᾁᾱς
258 309 328 351 καὶ
343 305 464 364 ἢτοῦ
478 308 624 361 ἔθνους
641 314 722 354 τῶν
737 308 836 361 Ῥὼς
854 312 1005 366 κίνησις
1024 310 1128 353 κατὰ
1146 315 1224 366 τῆς
1233 311 1455 366 βασιλίδος.
1485 305 1596 354 οὗτοι
1620 318 1651 354 C

0 375 6 382 ”
25 378 35 434 '23
91 426 94 427 ⁷
124 374 231 433 ,γὴν
241 382 599 435 κοινοπραγοῦντες
619 379 738 436 μέχρι
761 381 879 422 τοῦδε
899 377 1112 433 Ῥωμαίοις
1133 382 1199 422 καὶ
1223 376 1486 437 εἰρηνεύοντες
1506 379 1597 434 μετ’

141 444 300 499 &dim
335 446 465 498 ἀδεῶς
479 465 525 490 τε
539 446 731 503 ἀλλήλοις
749 449 1003 504 ἐπεμίγνυντο
1025 450 1091 491 καὶ
1113 446 1316 505 ἐμπόρους
1336 449 1378 499 ἐς
1400 446 1599 504 ἀλλήλους

106 511 328 569 chaynam
396 515 500 559 κατὰ
534 517 579 560 δὲ
608 521 750 560 τοῦτον
779 517 850 559 τὸν
872 515 1021 574 χρόνον
1049 519 1290 574 φιλονεικίας
1318 517 1529 573 γενομένης
1556 519 1599 560 ἐν

138 584 349 643 &Consul
365 583 608 639 μετᾶτινων
625 583 812 643 ἐμπόρων
831 588 1032 637 Σκυθῶν,
1066 585 1355 642 συμπληγάδος
1379 603 1421 629 τε
1448 587 1491 637 ἐξ
1521 586 1597 629 αὗ·-

136 656 211 695 τοῦ
237 652 628 710 ἐπακολουθησάσης
656 655 728 697 καί
751 671 857 705 τινος
884 652 1052 698 Σκύθου
1076 652 1346 712 φονευθέντος
1362 656 1596 712 ἐπιφανοῦς,

139 717 163 764 ὅ
181 718 274 764 τότε
295 719 509 780 ιὲατᾶρχων
527 727 600 766 τοῦ
619 723 757 779 γένους
775 721 928 766 τούτων
950 722 1216 781 Βλαδιμηρός
1225 756 1238 776 ,
1274 724 1376 781 ἀνὴρ
1401 722 1596 781 ὁρμητίας

135 789 205 832 καὶ
229 789 438 835 τὰπολλὰ
457 795 514 849 τῷ
535 795 663 849 θυμῷ
679 789 965 849 χαριζόμενος,
1000 791 1231 847 πυθόμενος
1259 793 1304 835 τὸ
1338 792 1500 847 συμβὰν
1526 794 1595 835 καὶ

0 865 19 931 3ss
78 858 439 913 ωδεινοπαθήσας
461 861 529 902 καὶ
548 860 607 915 μὴ
632 861 729 911 δοὺς
752 861 957 917 ἀναβολὴν
978 860 1003 917 ἢ
1027 862 1168 918 καιρὸν
1187 866 1247 920 τῷ
1265 859 1476 917 κινήματι,
1512 865 1593 904 τῶν

0 934 30 995 ξ»
130 923 207 970 fn?
226 925 355 973 αὗτὰν
375 928 537 986 ἀγείρας
559 927 655 972 ὅσον
673 928 874 984 μάχιμον,
909 929 1316 987 προσεταιρισάμενος
1334 931 1378 973 δὲ
1395 932 1463 973 καὶ
1481 947 1584 985 συμ-
1607 934 1640 970 D

0 998 5 1003 '
131 995 305 1051 μαχικόν
330 996 404 1040 οὐκ
431 996 563 1053 ὀλίγον
592 997 670 1041 ἀπὸ
700 1003 781 1041 τῶν
805 998 1096 1042 κατοικούντων
1123 1001 1164 1042 ἐν
1190 1007 1280 1051 ταῖς
1306 999 1592 1058 προσαρκτίοις

130 1063 427 1109 ποῦ’-Ὠκεανοῦ
456 1065 593 1121 νήσοις
621 1069 778 1120 ἐθνῶν,
824 1070 892 1110 καὶ
922 1072 1082 1123 πλῆθος
1111 1069 1338 1125 ἀθροίσας,
1384 1066 1439 1118 ὥς
1471 1085 1590 1126 φασι,

130 1134 222 1191 περὶ
249 1134 327 1184 τὰς
352 1132 495 1178 ἑκατὸν
520 1134 731 1191 χιλιάδας,
762 1139 829 1179 καὶ
856 1139 1009 1188 πλοίοις
1035 1139 1239 1195 ἐγχωρίοις
1259 1144 1342 1188 τοῖς
1364 1137 1589 1193 λεγομένοις

75 1200 367 1257 15μονοξύλοις
394 1205 583 1258 ἐμβαλών
610 1205 713 1248 κατὰ
742 1210 816 1259 τῆς
833 1205 985 1257 πόλεως
1004 1208 1168 1266 ἐξορμᾷ.
1234 1212 1352 1249 τοῦτο
1382 1205 1534 1260 μαθὼν
1564 1203 1586 1248 ὃ

125 1271 322 1326 βασιλεὺς
345 1272 490 1327 πέμπει
519 1275 593 1329 μὲν
624 1274 895 1332 πρεσβευτάς,
931 1277 1096 1326 ἐξαιτῶν
1124 1275 1386 1318 καταθέσθαι
1407 1275 1459 1317 τὰ
1480 1273 1586 1317 ὅπλα

128 1342 196 1383 καὶ
220 1338 536 1398 ὑπισχνούμενος
563 1342 808 1394 ἐξιάσασθαι
837 1344 879 1386 εἶ’
901 1361 939 1386 τι
968 1345 1018 1399 δὴ
1044 1345 1110 1386 καὶ
1137 1345 1292 1402 γέγονεν
1311 1342 1480 1396 ἄτοπον,
1517 1343 1586 1385 καὶ

125 1409 187 1465 μὴ
209 1409 278 1453 διὰ
295 1409 440 1468 μικρὸν
459 1412 652 1468 ἐθελῆσαι
671 1417 838 1470 πρὸκγμα
859 1412 932 1467 τὴν
951 1414 994 1455 ἐκ
1013 1417 1174 1469 μακροῦ
1192 1416 1468 1470 παγιωθεῖσαν
1491 1413 1585 1454 δια-

126 1482 249 1523 λῦσαι
267 1477 427 1537 εἰρήνην
447 1482 515 1523 καὶ
534 1481 587 1524 τὰ
609 1480 709 1537 ἔθνη
731 1482 825 1524 κατ’
851 1479 1034 1535 ἀλλήλων
1062 1480 1244 1536 ἀνάψαι·
1280 1483 1360 1524 ἐπεὶ
1392 1482 1436 1523 δὲ
1464 1479 1585 1532 δεξά-

68 1558 116 1595 ξ)
125 1563 246 1604 μενος
271 1547 396 1599 αὗτὸς
420 1549 472 1592 τὰ
501 1547 725 1607 γράμματα
756 1548 851 1600 τούς
880 1567 922 1592 τε
951 1551 1138 1607 πρέσβεις
1167 1550 1321 1604 ἀτίμως
1347 1551 1483 1600 ἐδίωξε
1514 1552 1585 1592 καὶ

123 1615 408 1676 ὕπερηφάνους
425 1620 492 1662 καὶ
513 1618 696 1677 σοβαρὰς
715 1620 916 1662 ἀπέδωκεν
934 1618 1172 1675 ἀπολογίας,
1208 1618 1444 1675 ἀπεγνωκὼς
1463 1616 1484 1661 ὃ
1499 1623 1581 1674 βα-

122 1685 260 1738 σιλεὺς
275 1685 525 1745 τὴνεῗρήνην
543 1690 611 1732 καὶ
631 1688 751 1740 αὐτὸς
769 1687 823 1739 ὥς
844 1690 934 1743 ἐνῆν
954 1686 1321 1746 ἀντιπαρετάττετο.
1390 1689 1458 1730 καὶ
1485 1689 1580 1738 τοὺς
1603 1694 1632 1730 P
1659 1694 1729 1732 759

122 1755 197 1811 μὲν
223 1756 495 1812 ἐνδημοῦντας
519 1761 572 1816 τῇ
596 1759 775 1813 βασιλίδι
798 1755 1000 1815 ἐμπόρους
1020 1761 1102 1801 τῶν
1124 1761 1325 1810 Σκυθῶν,
1353 1755 1410 1800 ἔτι
1439 1757 1484 1799 δὲ
1511 1759 1580 1800 καὶ

212 1873 379 1958 4]εοοω
397 1876 429 1912 C
519 1873 583 1913 ἐπ’
604 1878 635 1914 C
727 1878 749 1913 8
767 1875 863 1924 ἀνὴρ
878 1899 924 1904 -
937 1879 961 1914 9
975 1874 1211 1923 χαριζόμενος
1226 1888 1280 1913 om
1297 1876 1328 1911 C
1422 1877 1467 1912 10
1487 1874 1576 1920 τῶν]

208 1933 278 1958 τον

209 2027 289 2063 Hac
314 2027 392 2074 ipsa
421 2027 633 2074 indictione,
667 2041 786 2065 mense
809 2029 927 2074 Iunio,
963 2029 1112 2065 Rossica
1133 2040 1219 2074 gens
1242 2030 1365 2063 contra
1385 2027 1577 2061 Romanum

117 2073 299 2120 imperium
321 2075 524 2110 insurrexit.
570 2076 736 2111 hactenus
761 2088 880 2122 pacem
905 2077 1158 2121 amicitiamque
1184 2087 1260 2110 cum
1282 2073 1447 2108 Romanis
1471 2071 1579 2106 Rossi

118 2120 319 2166 coluerant,
350 2121 530 2167 liberaque
560 2122 598 2156 in
629 2123 738 2157 vicem
772 2123 910 2157 fuerant
931 2123 1156 2166 commercia,
1193 2126 1229 2156 et
1250 2126 1460 2154 mercatores
1483 2117 1575 2152 ultro

116 2166 277 2212 citroque
297 2173 539 2203 commearant.
586 2173 669 2203 tunc
693 2181 777 2203 vero
801 2169 837 2203 in
858 2170 943 2203 urbe
966 2175 1044 2203 orta
1064 2168 1141 2202 rixa
1163 2178 1239 2201 cum
1260 2166 1463 2211 quibusdam
1481 2164 1575 2207 Scy—

116 2212 224 2247 thicis
248 2213 534 2259 negotiatoribus,
558 2225 614 2248 res
639 2215 683 2248 ad
707 2227 824 2249 manus
847 2215 956 2259 venit,
982 2219 1019 2249 et
1040 2219 1096 2248 est
1117 2213 1255 2257 quidam
1275 2213 1320 2247 de
1341 2209 1575 2245 nobilioribus

117 2258 263 2303 Scythis
284 2258 502 2294 interfectus.
548 2260 695 2305 proinde
720 2261 795 2295 eius
816 2260 932 2306 gentis
954 2260 1093 2305 regulus
1116 2259 1351 2302 Bladimerus‚
1379 2257 1478 2291 homo
1498 2255 1572 2290 ira-

116 2305 249 2340 cundus
285 2316 306 2339 a
347 2316 391 2340 ue
420 2305 532 2340 animo
564 2306 739 2351 inquieto,
777 2318 890 2341 casum
915 2307 1004 2341 hunc
1027 2306 1096 2340 sibi
1119 2305 1355 2340 annuntiatum
1380 2302 1574 2348 aegerrime

115 2352 256 2395 ferens,
286 2351 379 2386 nula
399 2351 608 2396 interposita
631 2364 747 2395 mora,
771 2353 815 2386 ad
838 2365 932 2387 arma
954 2353 1088 2387 vocatis
1112 2352 1259 2387 subditis
1285 2354 1456 2396 quotquot
1476 2347 1570 2382 bello

116 2396 250 2432 habiles
275 2402 397 2441 erant,
435 2397 615 2444 copiisque
637 2398 863 2433 auxiliaribus
887 2399 1029 2434 adscitis
1052 2399 1143 2433 haud
1167 2397 1302 2443 exiguis
1326 2408 1347 2430 a
1370 2394 1571 2430 nationibus

114 2454 207 2490 quae
229 2443 364 2478 Oceani
384 2443 514 2478 insulas
533 2444 822 2489 septentrionales
843 2445 1106 2487 inhabitabant,
1141 2444 1286 2479 collecta
1313 2443 1357 2477 ad
1382 2441 1570 2484 hominum,

116 2495 157 2526 ut
175 2490 315 2534 ferunt,
342 2491 475 2525 100000
495 2491 730 2535 multitudine,
754 2503 828 2526 eam
852 2491 990 2533 usitatis
1014 2491 1102 2537 apud
1126 2491 1224 2536 ipsos
1249 2489 1400 2533 navigiis
1421 2488 1569 2532 (lintres

115 2547 179 2571 nos
202 2546 385 2580 vocamus,
417 2534 520 2571 unica
543 2538 667 2572 arbore
688 2543 811 2572 cavata
833 2538 970 2582 factos)
1002 2537 1167 2582 imponit,
1202 2541 1239 2571 et
1259 2535 1427 2570 adversus
1447 2534 1568 2568 urbem

112 2581 240 2618 tendit.
286 2583 474 2628 imperator
496 2583 570 2618 eius
593 2591 718 2618 conatu
739 2583 935 2628 intellecto,
960 2583 1085 2628 legatis
1106 2582 1218 2618 missis
1238 2581 1328 2629 petit
1345 2587 1383 2616 ut
1400 2582 1444 2615 ab
1463 2578 1568 2614 armis

112 2628 283 2674 discedat,
305 2627 480 2674 pollicitus
502 2642 542 2664 se
564 2630 731 2675 quidquid
755 2635 932 2677 peccatum
956 2635 1052 2665 esset
1071 2634 1380 2675 compensaturum,
1403 2626 1503 2661 modo
1522 2636 1568 2659 ne

111 2675 190 2720 ipse
214 2674 285 2710 levi
307 2675 352 2710 de
375 2686 481 2711 causa
502 2680 556 2711 tot
581 2676 650 2711 iam
674 2688 737 2722 per
759 2688 869 2711 annos
892 2676 1050 2712 coalitam
1079 2687 1198 2721 pacem
1226 2678 1403 2720 rumperet
1422 2676 1566 2718 gentes-

110 2732 180 2766 que
199 2721 290 2756 bello
309 2722 550 2758 committeret.
597 2734 672 2757 cum
694 2728 808 2758 autem
830 2725 996 2758 barbarus
1014 2722 1126 2757 literis
1145 2721 1300 2767 acceptis
1313 2721 1448 2765 legatos
1462 2719 1565 2763 igno-

109 2766 256 2803 miniose
277 2769 518 2814 proturbaret,
542 2770 719 2815 responsis
741 2770 902 2816 superbis
925 2769 1037 2814 datis,
1062 2769 1250 2814 imperator
1272 2768 1457 2812 desperata
1481 2775 1566 2809 pace
1664 2797 1666 2799 ,

110 2813 187 2860 ipse
210 2825 348 2862 quoque
371 2826 411 2850 se
433 2826 496 2862 pro
520 2816 654 2851 viribus
676 2816 767 2851 bello
790 2821 904 2863 parat.
951 2815 1138 2860 Scythicos
1161 2814 1398 2860 negotiatores
1419 2812 1456 2847 in
1479 2810 1566 2846 urbe
