1916 3210
741 161 1021 212 Ῑ-ΠΞΤΟΒΙΑ,
1514 161 1613 210 653

155 276 375 338 τῇιῼτῶν
396 273 591 335 Τούρκων
610 277 811 336 ἐπιδρομῇ
830 278 897 321 καὶ
915 272 1145 333 κατισχύσει
1166 277 1234 321 καὶ
1252 280 1305 336 τῇ
1319 275 1435 338 βιαία
1452 273 1616 332 ὑποχω-

157 329 273 405 ρήσεῖ
301 347 368 390 καὶ
396 344 633 401 δειματώσει
654 351 735 390 τῶν
754 346 1013 402 ἠμελημένων
1032 350 1309 404 στρατιωτῶν·
1336 352 1517 402 -συνεχεΐς
1535 346 1614 404 γὰρ

155 413 340 473 ὑπῆρχον
360 416 556 473 ἐκδρομαὶ
574 417 642 459 καὶ
661 417 867 471 λεηλασίαι
886 416 1050 470 συχναί,
1085 415 1378 474 ἅφανιζομένου
1395 420 1470 459 τοῦ
1485 431 1614 473 προσ-

156 484 349 542 τυχόντος
364 483 527 535 παντός.
597 485 662 528 διὸ
680 486 745 527 καὶ
763 483 790 540 ἦ
811 483 1011 539 εὐδαίμων
1022 482 1141 540 χώρα
1159 489 1231 539 τῆς
1245 485 1420 543 Ἰβηρίας
1434 484 1614 541 ἢρίπωτο

121 557 362 605 δπαντελῶς
392 555 459 596 καὶ
488 551 710 612 ἠφάνιστο,
738 552 818 609 ἤδη
847 553 1239 610 προκατειργασμένη
1267 555 1335 596 καὶ
1367 552 1616 609 ἧσθενηκυῖα

155 624 224 666 καὶ
245 621 355 666 κατὰΙ
370 622 516 679 μικρὸν
534 620 788 667 ἔπιλείπουσά
807 638 850 665 τε
866 623 934 665 καὶ
953 622 1161 679 φθίνουσα
1170 653 1184 673 ,
1217 626 1612 678 συμμεταλαμβανο-
1634 626 1666 661 C

153 691 278 747 μένου
299 691 345 734 δὲ
364 695 440 734 τοῦ
461 692 595 734 ὃεινοῢ
615 692 682 734 καὶ
703 690 795 734 ὅσαι
814 688 942 749 ταύτῃ
961 690 1215 748 παρέκειντο,
1249 693 1551 745 Μεσοποταμία
1571 708 1614 735 τε

154 761 224 804 καὶ
251 759 470 812 Χαλδαία,
498 759 602 817 πρὸς
628 760 673 802 δὲ
699 759 910 815 Μελιτηνὴ
940 762 1007 802 καὶ
1035 757 1244 802 Κολώνεια
1272 761 1338 802 καὶ
1365 759 1418 803 τὰ
1444 764 1503 819 τῷ
1529 761 1616 804 Εὗ-

147 827 294 887 φράτῃ
322 828 556 884 συγκείμενα
586 833 778 887 ποταμῷ,
814 828 919 871 ἀλλὰ
945 829 1027 884 μὴν
1055 827 1101 871 τό
1128 845 1171 871 τε
1192 827 1452 885 Ἀρμενιακόν
1476 831 1543 872 καὶ
1566 831 1614 872 τὸ

98 888 459 954 1οΒαασπρακάν,
487 898 555 940 καὶ
588 899 624 939 εἴ
650 897 708 952 μὴ
740 895 934 948 πολλάκις
961 895 1281 953 στρατεύμασιν,
1315 898 1437 941 ἐνίοτε
1471 899 1517 941 δὲ
1547 900 1616 941 καὶ

153 956 313 1025 φήμαις
332 963 477 1020 μόναις
500 963 710 1020 δυνάμεων
731 965 958 1023 ἄνείργοντο
977 966 1029 1008 τὰ
1047 970 1127 1009 τῶν
1143 963 1382 1023 βαρβάρων.
1427 967 1498 1009 καί
1511 983 1616 1018 τινες

151 1034 323 1092 ἀρχηγοὶ
350 1033 524 1087 τούτων,
557 1034 881 1092 Χωροσαλάριος
910 1035 977 1077 καὶ
1004 1032 1195 1090 Σαμούχ,
1232 1036 1266 1077 εἶ
1288 1034 1347 1091 μὴ
1375 1033 1514 1093 ἀγαθῇ
1537 1037 1615 1079 τινὶ

151 1101 256 1163 τύχῃ
286 1102 360 1159 τὴν
392 1101 503 1159 ἥττω
535 1101 811 1158 συμβαλόντες
838 1102 1139 1162 ἐκληρώσαντο,
1173 1102 1250 1146 κᾶν
1268 1104 1387 1162 μέχρι
1407 1105 1614 1157 Γαλατίας

150 1173 220 1217 καὶ
250 1169 500 1231 Ὅνωριάδος
533 1174 610 1215 καὶ·
636 1173 762 1228 αὐτῆς
795 1174 979 1231 Φρυγίας
1009 1173 1056 1217 τὸ
1090 1172 1307 1216 ἀντίπαλον
1335 1173 1615 1231 περιέδραμεν.

93 1250 142 1288 15
153 1241 354 1285 ἐστέλλετο
382 1241 458 1296 μὲν
487 1241 567 1298 γὰρ
597 1241 644 1285 τὸ
676 1240 986 1299 στρατιωτικόν,
1029 1241 1156 1297 ψιλὸν
1186 1242 1232 1284 δὲ
1260 1243 1329 1284 καὶ
1360 1241 1512 1286 ἄοπλον
1543 1244 1614 1286 καὶ

149 1307 325 1368 γυμνόν,
357 1313 439 1353 τῶν
456 1308 691 1367 κρειττόνων
711 1311 1042 1366 ἀπελαυνομένων
1062 1309 1249 1354 ἑκάστοτε
1270 1315 1344 1366 τῆς
1367 1313 1609 1370 στρατηγίας
1629 1318 1663 1355 D

150 1384 225 1422 τοῦ
251 1377 440 1435 πλήθους
464 1383 546 1422 τῶν
575 1379 764 1434 ὀψωνίων
785 1381 913 1423 ἕνεκεν
933 1382 1000 1422 καὶ
1022 1385 1102 1423 τῶν
1118 1378 1310 1434 μειζόνων
1322 1384 1516 1435 βαθμῶν.
1584 1381 1614 1425 ἃ

149 1449 220 1493 καὶ
248 1446 538 1505 καταγνώσεως
565 1448 678 1499 ἐκτὸς
704 1448 776 1492 οὐκ
804 1443 878 1504 ἦν,
911 1449 1085 1505 μηδενὸς
1104 1450 1285 1505 γενναίου
1309 1450 1377 1491 καὶ
1401 1447 1613 1506 ἀξιολόγου

149 1517 426 1576 πραττομένου
454 1515 524 1559 διὰ
555 1521 687 1560 τοῦτο.
755 1518 961 1572 συνέβαινε
992 1518 1038 1561 δὲ
1065 1519 1109 1561 ἐκ
1138 1516 1291 1561 τούτων
1309 1517 1406 1569 τοὺς
1423 1518 1498 1573 μὲν
1512 1516 1614 1562 Ῥω-

92 1587 296 1642 sonutam
321 1589 614 1630 ταπεινοῦσθαι
641 1587 709 1629 καὶ
737 1587 1046 1641 κατεπτηχέναι,
1080 1586 1176 1637 τοὺς
1203 1585 1444 1645 βαρβάρους
1467 1587 1512 1630 δὲ
1534 1605 1615 1645 φυ-

149 1656 399 1699 σᾶσθαι”καὶ
419 1655 661 1712 ἐπαίρεσθαι
682 1656 749 1698 καὶ
767 1656 870 1710 μετὰ
888 1659 1039 1711 πολλῆς
1055 1654 1393 1715 προσρῆγνυσθαι
1412 1655 1615 1713 πεποιθή-

149 1736 274 1785 σεως·
309 1722 375 1767 ὅτε
401 1723 452 1780 δὴ
481 1726 549 1766 καὶ
578 1724 619 1776 ἒς
649 1724 696 1768 τὸ
722 1723 853 1768 Ἄνιον
880 1725 1166 1769 ἀποστέλλεται
1197 1725 1294 1776 δοῦξ
1318 1724 1524 1783 Ἀρμένιός
1550 1743 1613 1777 τις

147 1783 414 1851 Παγκράτιος
451 1791 653 1847 τοῦνομα,
695 1793 739 1836 ἐκ
779 1797 859 1837 τῶν
902 1791 1070 1838 ἐνόντων
1095 1792 1373 1849 ὑποσχόμενος
1402 1794 1454 1837 τὰ
1487 1796 1611 1839 ἐκεῖσε

147 1860 434 1921 στρατεύματα
453 1863 626 1906 διοικεῖν.
672 1866 747 1906 τοῦ
766 1863 810 1906 δὲ
831 1861 1053 1907 σουλτάνου
1074 1861 1310 1922 παριόντος,
1337 1862 1395 1918 μὴ
1413 1864 1550 1919 μέντοι
1567 1880 1612 1921 γε

147 1970 344 2006 Turcorum
371 1981 477 2006 excur
497 1969 633 2006 ionibus
660 1974 697 2006 et
718 1971 946 2018 oppressione
969 1983 1012 2006 ae
1036 1970 1195 2006 violenta
1214 1970 1301 2016 fuga
1326 1973 1362 2005 et
1386 1973 1523 2007 terrore
1546 1981 1612 2007 ne-

145 2016 337 2063 glectorum
370 2015 458 2052 milit
524 2030 534 2051 =
566 2017 786 2053 continentes
811 2019 900 2052 enim
922 2018 1054 2052 fiebant
1075 2017 1313 2060 incursiones,
1347 2018 1492 2051 crebrae
1513 2017 1611 2052 dire-

145 2062 306 2109 ptiones,
339 2068 376 2098 et
397 2074 626 2109 quaecunque
649 2065 878 2099 occurrebant
904 2064 1083 2108 hostibus,
1118 2064 1388 2107 evertebantur,
1422 2068 1458 2097 et
1479 2063 1609 2099 iccirco

146 2108 232 2144 felix
247 2108 403 2143 'Iber-iae
436 2109 534 2154 regio
568 2109 705 2144 omnino
736 2110 895 2144 desolata
920 2110 990 2144 fuit
1021 2115 1056 2144 et
1086 2120 1230 2155 prorsus
1261 2107 1398 2153 deleta,
1431 2109 1499 2143 iam
1527 2116 1612 2149 ante

146 2155 308 2190 confecta
331 2160 368 2189 et
388 2154 588 2200 imbecillis,
615 2167 658 2190 ac
680 2157 807 2190 sensim
830 2156 969 2190 deserta
992 2160 1028 2190 et
1050 2160 1227 2200 corrupta.
1274 2160 1379 2199 atque
1402 2154 1504 2189 huius
1527 2155 1611 2190 mali

171 2200 336 2246 articipes
365 2206 466 2235 erant
493 2201 815 2246 Mesopotamia'et
842 2202 1020 2236 Chaldaea
1051 2205 1087 2235 et
1117 2201 1262 2247 insuper
1284 2200 1451 2235 Melitene
1475 2206 1512 2236 et
1533 2201 1608 2236 Co-

159 2247 239 2282 onia
262 2251 299 2281 et
319 2245 397 2281 loca
419 2246 463 2281 ad
484 2246 629 2282 fluvium
652 2248 866 2293 Euphratem
889 2247 978 2292 sita,
1011 2247 1096 2293 quin
1129 2247 1233 2281 etiam
1266 2246 1429 2280 Armenia
1455 2251 1492 2281 et
1512 2247 1608 2282 Baa-

143 2291 343 2340 spraeania.
388 2302 431 2326 ac
453 2292 522 2326 nisi
544 2304 651 2347 saepe
674 2294 830 2328 exercitu
853 2298 890 2328 et
910 2294 1083 2329 interdum
1106 2292 1181 2328 sola
1203 2293 1294 2326 fama
1315 2292 1492 2338 copiarum
1510 2303 1607 2328 com-

143 2339 258 2384 pressi
298 2338 448 2373 fuissent
483 2339 646 2382 barban,
690 2344 727 2374 et
768 2339 908 2385 quidam
945 2339 1100 2387 ipsorum
1131 2339 1237 2373 duces
1271 2336 1534 2374 Chorosalarius
1568 2342 1608 2375 et

144 2384 295 2420 Samuch
328 2384 422 2419 bona
453 2384 598 2429 quadam
628 2385 770 2420 fortuna
799 2386 979 2420 commisso
1009 2384 1143 2431 praelio
1176 2384 1307 2419 cladem
1335 2384 1453 2419 sortiti
1476 2390 1606 2431 essent,

142 2431 249 2467 etiam
282 2441 393 2475 usque
425 2431 471 2465 ad
501 2430 673 2465 Galatiam
705 2437 742 2466 et
767 2431 980 2467 Onoriadem
1003 2438 1108 2478 atque
1130 2431 1241 2477 ipsam
1264 2430 1451 2475 Phrygiam
1476 2431 1606 2466 adver-

142 2477 231 2513 sarii
247 2476 505 2512 excurrissentz
531 2475 733 2512 mittebatur
755 2479 846 2512 enim
869 2478 1044 2513 exercitus
1067 2477 1156 2512 male
1177 2477 1368 2511 instructus
1393 2482 1429 2511 et
1450 2476 1606 2523 inermis,

167 2523 237 2559 uod
268 2534 407 2569 semper
435 2522 707 2568 praestantiores
740 2524 988 2559 abdicarentur
1017 2525 1243 2570 praefectura
1273 2522 1442 2558 maiorum
1471 2523 1607 2570 stipen-

142 2534 279 2605 diorum
311 2574 347 2604 et
377 2568 543 2604 honorum
575 2580 703 2612 causa3
738 2581 828 2615 quae
850 2570 987 2616 quidem
1011 2570 1113 2617 culpa
1136 2569 1274 2604 minime
1295 2570 1492 2615 vacabant,
1528 2581 1606 2606 cum

142 2615 230 2651 nihil
263 2620 438 2651 strenuum
474 2620 535 2651 aut
567 2617 787 2651 memorabile
820 2617 886 2652 hac
911 2618 956 2652 de
979 2628 1085 2652 causa
1105 2621 1303 2661 gereretur.
1349 2615 1474 2661 quibus
1498 2617 1605 2652 rebus

142 2662 306 2697 effectum
330 2666 386 2696 est
407 2666 448 2696 ut
468 2661 617 2697 Romani
640 2662 884 2698 imbecilliores
909 2663 1040 2699 redditi
1062 2668 1198 2698 terrore
1220 2660 1493 2708 complerentur,
1521 2662 1606 2697 bar-

141 2708 220 2744 bari
250 2719 337 2743 vero
369 2707 483 2743 inflati
514 2708 628 2743 animo
658 2709 869 2744 efferrentur
891 2715 928 2745 et
950 2709 1055 2745 multa
1078 2707 1288 2744 confidentia
1310 2708 1522 2753 irruptiones
1546 2709 1604 2744 fa·

142 2758 284 2797 cerent3
319 2765 394 2789 cum
422 2753 525 2790 etiam
548 2755 593 2789 ad
616 2754 739 2790 Anium
763 2755 887 2792 missus
911 2756 1018 2791 fuerit
1043 2756 1113 2791 dux
1136 2755 1319 2790 Armenius
1341 2755 1501 2800 quidam,
1535 2766 1602 2789 no-

141 2800 235 2836 mine
267 2800 494 2845 Pancratius,
531 2800 705 2847 pollicitus
736 2813 794 2837 res
816 2802 861 2838 ad
883 2802 1074 2839 exercitum
1103 2801 1163 2848 qui
1186 2800 1237 2836 ibi
1260 2800 1382 2835 aderat
1403 2806 1602 2846 spectantes

140 2857 184 2884 se
203 2858 269 2896 pro
291 2846 388 2884 virili
410 2852 512 2895 parte
533 2846 865 2887 administraturum.
911 2860 989 2886 cum
1010 2860 1096 2887 vero
1119 2847 1288 2885 Sultanus
1309 2845 1390 2883 inae
1411 2847 1482 2884 iter
1502 2847 1600 2884 face-
