1890 3236
278 183 374 231 342
749 183 984 228 GEORGII
1014 183 1255 228 CEDRENI

277 298 534 356 πρωτουργόν
564 298 631 339 καὶ
663 296 904 353 πρωταίτιον
933 290 1148 340 Βασίλειον
1176 294 1398 353 μάγιστρον
1426 295 1496 339 τὸν
1522 292 1732 352 λεγόμενον

278 367 469 409 Πετεινὸν
497 366 567 407 καί
588 381 698 415 τινας
719 363 866 415 ἄλλους
885 369 964 407 τῶν
984 363 1212 419 ἐπισήμων,
1245 365 1315 408 τὸν
1335 364 1735 422 πατρίκιον.»Πασχά-

281 439 389 486 λιον,
420 433 489 476 τὸν
516 434 722 488 πατρίκιον
752 430 922 489 Βάρδαν
952 433 1021 475 τὸν
1049 438 1121 476 τοῢ
1150 430 1310 486 Λιβός,
1345 434 1412 475 καὶ
1435 431 1735 483 Νικόλαον,·τόν

141 507 169 539 P
193 503 261 539 644
282 499 566 555 Χαλκοῦτζην·
603 502 742 550 οἵτινες
771 499 1058 554 ἐβουλεύσαντο
1082 501 1187 543 κατὰ
1205 502 1277 556 τὴν
1296 498 1451 557 ἡμέραν
1469 499 1738 548 τῶιαῖιρπαιιὸν

283 568 447 625 ἀγώνων
468 566 655 611 κατιόντα
679 569 1005 624 διαχειρίσασθαι
1027 569 1096 612 τὸν
1118 569 1312 623 βασιλέα,
1347 570 1414 611 καὶ
1436 568 1506 612 τὸν
1526 569 1770 615 Robustum&

284 640 346 680 ἐπὶ
366 641 438 680 τοῦ
455 640 667 690 βασιλικοῦ
689 639 930 687 καθίσαντες
947 636 1101 694 θρόνου
1124 638 1390 695 ἀναγορεῦσαι
1407 637 1592 691 βασιλέα.
1629 636 1742 680 *W
1766 660 1770 663 Δ

283 711 356 760 τῆς
373 707 588 759 ἐπιβουλῆς
604 706 852 760 μηνυθείσης
872 710 928 762 τῷ
949 710 1114 759 βασιλεῖ
1129 705 1242 762 παρά
1261 722 1367 756 τινος
1385 709 1466 748 τῶν
1486 708 1742 760 συνωμοτῶν,

283 774 522 816 Ἰωαννικίου
551 771 752 827 τοῦνομα,
791 778 848 832 τῷ
880 774 979 829 γένει
1009 777 1276 831 Σαρακηνοῦ,
1320 775 1413 831 πρὶν
1442 772 1469 828 ἢ
1499 773 1572 828 τὴν
1601 774 1744 831 κυρίαν

288 844 472 897 ἐνστῆναι
496 842 764 898 κρατηθέντες
786 842 898 898 παρὰ
920 846 992 885 τοῦ
1014 842 1162 899 Ἰωσὴφ
1188 844 1254 884 καὶ
1280 842 1531 898 ἐλεγχθέντες
1550 841 1618 884 καὶ
1638 841 1746 897 ἄπη-

287 914 368 960 mag
397 910 645 960 αἰκισθέντες
673 908 766 955 ἄνευ
790 909 916 965 μόνου
939 914 1012 953 τοῦ
1035 912 1246 954 Βασιλείου
1259 942 1272 962 ,
1307 912 1374 953 καὶ
1400 909 1492 953 κατ’
1522 909 1648 964 αὐτὴν
1670 910 1745 965 τὴν
1757 917 1802 954 10

289 977 444 1035 ἡμέραν
468 982 539 1020 τοῦ
565 979 718 1034 ἀγῶνος
739 979 1088 1036 θριαμβευθέντες
1100 1011 1112 1031 ,
1147 980 1280 1039 ἐξορίᾳ
1303 978 1657 1035 παρεπέμφθησαν
1678 979 1748 1021 καὶ

292 1044 550 1103 ἀπεκάρησαν
585 1048 767 1101 μοναχοί.
832 1045 981 1103 χρόνον
1014 1048 1060 1090 δέ
1085 1064 1176 1090 τινα
1205 1046 1364 1105 βραχὺν
1397 1047 1438 1089 ἐν
1471 1047 1575 1104 αὐτῇ
1605 1050 1748 1089 ταλαι-

239 1121 268 1156 Β
293 1116 548 1170 πωρηθέντες
586 1114 867 1170 ἀνεκλήθησαν
903 1114 1203 1172 φιλανθρώπως
1233 1115 1368 1165 αὐτοῖς
1391 1114 1650 1172 χρησαμένου
1675 1117 1751 1158 τοῦ

293 1183 505 1237 βασιλέως.
526 1182 528 1185 ’
544 1186 547 1187 ’
572 1182 696 1237 μόνος
721 1184 765 1225 δὲ
792 1185 1004 1234 Βασίλειος
1023 1182 1043 1226 ὅ
1061 1183 1254 1234 Πετεινός
1270 1183 1428 1240 ἔκφρων
1444 1181 1650 1239 γενόμενος
1665 1184 1750 1226 ἐτε-

296 1249 485 1306 λεύτησεν
506 1252 547 1293 ἐν
569 1250 858 1309 Προικοννήσῳ
871 1284 883 1302 ,
912 1257 984 1307 τῆς
1011 1254 1122 1307 δίκης
1142 1251 1264 1294 αὐτὸν
1283 1249 1557 1307 μετελθούσης
1575 1250 1672 1294 ἄνθ’
1694 1245 1751 1294 ὧν
1763 1258 1805 1294 15

298 1308 442 1369 δολίως
465 1322 520 1369 εἷς
539 1320 747 1376 Στέφανον
775 1321 992 1371 ἐνεδείξατο
1011 1320 1080 1364 τὸν
1097 1321 1291 1375 βασιλέα,
1325 1319 1589 1378 προδεδωκὼς
1612 1322 1754 1363 τοῦτον

297 1391 355 1446 τῷ
377 1389 682 1445 Κωνσταντίνῳ.

437 1455 504 1497 Τὰ
525 1457 567 1498 δὲ
589 1458 678 1512 περὶ
699 1456 767 1498 τὸν
788 1455 980 1498 Πετεινὸν
1002 1457 1067 1498 καὶ
1090 1455 1183 1506 τοὺς
1205 1455 1351 1506 ἄλλους
1374 1456 1470 1499 ῗδὼν
1494 1454 1515 1498 ὅ
1535 1453 1758 1512 μάγιστρος

293 1521 499 1577 Ῥωμανὸς
517 1522 538 1565 ὃ
561 1525 792 1581 Σαρωνίτης
802 1556 814 1575 ,
844 1525 906 1566 ἐπὶ
926 1526 1100 1581 θυγατρὶ
1120 1524 1304 1581 γαμβρὸς
1325 1523 1379 1567 ὢν
1393 1522 1603 1578 Ῥωμανοῢ
1618 1524 1757 1581 γέρον-

300 1607 391 1642 τος,
426 1593 492 1633 καὶ
520 1591 577 1646 μὴ
607 1592 659 1634 τὰ
687 1591 807 1646 ὅμοια
838 1594 904 1634 καὶ
930 1593 1050 1642 αὐτὸς
1074 1591 1204 1635 πάθοι
1225 1593 1444 1649 φοβηθείς,
1480 1590 1814 1649 φθονούμενοςῖθ

306 1659 375 1701 διὰ
402 1658 474 1714 τὴν
502 1657 647 1702 ἑαυτοῦ
675 1658 934 1717 περιφάνειαν
962 1662 1029 1702 καὶ
1057 1658 1397 1714 ὗποπτευόμενος,
1429 1660 1502 1715 τὴν
1522 1659 1668 1703 ἑαυτοῦ
1686 1661 1759 1702 οὖ-

305 1729 396 1769 σιάν
414 1733 498 1777 τοῖς
516 1727 666 1778 τέκνοις
684 1727 738 1778 ὡς
755 1727 939 1782 ἐβούλετο
959 1730 1195 1784 διαμερίσας
1211 1731 1279 1770 καὶ
1297 1728 1369 1783 τὴν
1386 1719 1604 1771 ὑπόλοιπον
1621 1729 1762 1783 πένησι

307 1796 513 1850 διανείμας
539 1796 585 1839 τὸ
609 1801 689 1841 τῶν
716 1802 905 1851 μοναχῶν
928 1796 1209 1854 περιβάλλεται
1228 1796 1394 1851 ἔνδυμα.
1462 1799 1529 1839 καὶ
1550 1799 1590 1841 ἐν
1610 1801 1661 1855 τῇ
1682 1801 1761 1840 τῶν

404 1940 448 1975 14
470 1938 575 1986 βασ.]
601 1937 775 1984 ρωμανοῦ
800 1939 829 1974 C
967 1938 1013 1974 23
1036 1934 1191 1978 διαδοὺς
1213 1937 1243 1973 C

312 2066 502 2108 auctorque
536 2063 784 2099 coniurationis
805 2063 886 2098 fuit
915 2063 1066 2098 Basilius
1095 2063 1257 2098 volucris
1281 2063 1466 2108 magister,
1497 2062 1613 2098 socios
1634 2062 1765 2098 habens

314 2107 357 2143 ex
379 2109 569 2144 illustribus
593 2110 773 2155 patricium
797 2110 1034 2154 paschalium,
1066 2110 1249 2155 patricium
1273 2110 1422 2145 Bardam
1443 2109 1544 2144 Libis
1567 2109 1694 2154 filium,
1730 2113 1767 2144 et

313 2155 496 2190 Nicolaum
529 2156 763 2191 Chalcutzam.
821 2156 846 2189 ii
876 2161 1088 2197 statuerant,
1126 2167 1194 2200 quo
1226 2156 1283 2190 die
1313 2155 1386 2190 ludi
1419 2160 1598 2200 equestres
1628 2155 1766 2199 fierent,

314 2201 558 2245 imperatorem
582 2213 603 2236 a
626 2202 754 2246 palatio
779 2202 1043 2236 descendentem
1066 2213 1210 2246 necare,
1234 2202 1271 2235 in
1294 2202 1382 2236 solio
1407 2202 1481 2235 eius
1506 2199 1672 2235 Basiliam
1694 2199 1768 2235 col-

314 2246 431 2280 locare
454 2252 490 2282 et
512 2247 754 2293 imperatorem
778 2248 1004 2293 proclamare.
1051 2249 1113 2283 sed
1141 2248 1311 2292 patefecit
1340 2248 1495 2282 Romano
1523 2258 1640 2282 eorum
1667 2246 1768 2281 insti-

315 2298 426 2326 tutum
448 2293 564 2327 socius
587 2293 854 2339 conspirationis
875 2293 1094 2338 Ioannicius‚
1127 2294 1267 2328 natione
1300 2294 1509 2327 Saracenus.
1555 2288 1676 2336 itaque
1705 2304 1769 2327 an-

318 2343 456 2382 tequam
481 2339 556 2373 dies
579 2340 723 2374 definita
745 2344 944 2385 appeteret,
985 2352 1006 2374 a
1036 2340 1184 2384 Iosepho
1208 2339 1448 2384 comprehensi
1471 2338 1624 2373 convicti
1646 2338 1772 2372 crude·-

318 2382 469 2427 literque
504 2385 714 2428 excruciati,
747 2386 820 2420 solo
851 2386 982 2420 Basilio
1016 2391 1183 2431 excepto,
1219 2397 1260 2420 ea
1282 2386 1360 2430 ipsa
1380 2385 1536 2419 ludorum
1561 2384 1772 2428 equestrium

320 2429 379 2462 die
410 2430 447 2463 iu
478 2430 652 2476 triumpho
684 2431 780 2465 ducti
809 2436 889 2466 sunt
920 2436 955 2466 et
985 2431 1131 2476 relegati
1160 2442 1310 2476 rasoque
1340 2431 1455 2475 capite
1484 2429 1642 2464 monachi
1672 2429 1774 2464 facti.

320 2485 515 2518 quanquam
540 2488 581 2510 ea
600 2477 669 2511 fuit
691 2478 728 2511 in
750 2478 845 2522 ipsos
869 2478 1090 2522 imperatoris
1111 2477 1328 2521 humanitas,
1358 2483 1397 2512 ut
1426 2476 1585 2520 exiguum
1606 2476 1775 2521 temporis

320 2520 478 2555 miserias
513 2522 629 2556 exsilii
663 2529 827 2568 expertos
859 2523 1092 2557 revocaverit.
1139 2523 1232 2557 solus
1263 2522 1413 2557 Basilius
1443 2521 1604 2555 Volucris
1637 2521 1775 2556 insania

278 2603 283 2609 δ
319 2572 499 2610 correptus
523 2568 559 2601 in
583 2568 806 2604 Proconneso
830 2570 955 2614 periit,
980 2580 1180 2614 poenasque
1198 2569 1296 2603 dedit
1314 2567 1445 2614 proditi
1463 2567 1694 2602 Constantino
1712 2578 1777 2613 per

320 2610 478 2645 fraudem
500 2613 671 2658 Stephani
693 2615 927 2660 imperatoris.

416 2657 461 2690 At
494 2658 582 2691 enim
617 2660 783 2704 magister
817 2662 991 2695 Romanus
1023 2660 1204 2704 Saronita,
1236 2659 1345 2704 'gener
1366 2657 1460 2693 senis
1483 2657 1653 2702 Romani,
1686 2667 1778 2702 quae

323 2701 468 2735 Volucri
492 2708 527 2737 et
548 2703 624 2738 aliis
649 2707 849 2740 evenissent
868 2718 1033 2751 cernens,
1056 2706 1260 2750 veritusque
1279 2717 1324 2738 ne
1347 2705 1437 2738 idem
1460 2703 1528 2738 sibi
1549 2704 1781 2748 contingeret,

326 2747 407 2791 quia
442 2749 485 2782 ob
520 2748 737 2792 splendorem
769 2764 866 2786 suum
898 2752 1032 2786 invisus
1061 2756 1312 2798 suspectusque
1343 2755 1455 2793 esset,
1491 2761 1576 2795 opes
1605 2760 1685 2784 suas
1714 2759 1777 2783 suo

325 2792 496 2827 arbitratu
519 2793 610 2828 iuter
631 2795 761 2831 liberos
792 2809 873 2832 suos
905 2798 1102 2839 distribuit,
1141 2802 1177 2832 et
1206 2796 1342 2840 reliqua
1374 2795 1584 2840 pauperibus
1614 2794 1779 2839 elargitus

324 2837 362 2872 in
403 2839 645 2875 monasterium
686 2842 856 2888 Elegmon
897 2855 937 2878 se
973 2843 1137 2889 contulit,
1181 2842 1302 2888 ibique
1337 2841 1524 2877 monachus
1562 2840 1685 2876 multos
1715 2850 1780 2886 per
