1916 3210
365 176 369 180 ’
436 201 827 246 msromfflum
867 199 1250 245 coMPENmUM.
1477 197 1575 246 547

111 312 421 376 προηττημένων
448 320 671 372 συμβαλεῖν
700 323 785 367 τοῖς
812 316 978 373 ἐχθροῖς
1004 314 1108 358 κατὰ
1131 314 1204 371 τὴν
1227 311 1468 360 Μονόπολιν
1489 313 1569 371 ἤδη
1594 322 1623 355 Β

111 389 404 444 κραταιωθεΐσι
438 387 505 428 καὶ
539 389 613 440 τῆς
645 383 788 441 χώρας
821 383 877 435 ὥς
912 386 1019 434 idlae
1050 383 1346 439 ἀντεχομένοις,
1384 382 1577 439 ἡττηθεὶς

113 451 254 506 {dmg
282 455 351 496 καὶ
389 451 411 496 ὃ
451 453 526 497 σὺν
563 454 675 511 αὐτῷ
714 452 909 510 στρατός,
956 451 1045 495 ὅσοι
1080 452 1139 508 μὴ
1179 450 1351 509 σιδήρου
1391 450 1575 509 γεγόνασι

112 519 417 580 παρανάλωμα,
464 521 587 573 ἄλλος
611 521 790 577 ἀλλαχοῦ
820 519 1192 576 διεσκεδάσθησαν,
1238 521 1506 572 διασωθέντες
1535 522 1576 564 ἔν

80 596 199 641 ὅτοῖς
214 588 272 633 ἔτι
289 590 341 634 τὰ
354 588 563 649 Ῥωμαίων
581 595 777 648 φρονοῦσι
796 591 1019 647 φρουρίοις.
1087 590 1155 631 καὶ
1173 589 1313 632 λοιπὸν
1332 590 1371 632 οἳ
1393 588 1578 647 Φράγγοι

112 662 187 714 τῆς
212 659 386 710 Ἰταλίας
411 656 468 710 ὥς
491 657 740 715 ὃορυκτήτου
770 658 1051 700 ἀντεποιοῦντο
1083 655 1287 713 κτήματος
1294 690 1307 710 ,
1341 663 1422 700 τῶν
1450 659 1577 715 ἐγχω-

115 727 212 785 ρίων
231 721 291 772 ὧν
309 727 384 782 μὲν
404 725 595 777 ἑκουσίως
617 721 673 770 ὧν
697 728 741 770 δὲ
761 729 833 785 βίᾳ
856 728 921 768 καὶ
950 725 1103 783 ἀνάγκῃ
1129 725 1473 784 προσχωρούντων
1500 727 1576 770 αὖ-

113 801 222 848 τοῒς,
255 794 360 851 πλὴν
386 796 633 853 Βρεντησίου
659 797 726 838 καὶ
750 793 976 851 Ἰὸροῦντος
1001 796 1068 837 καὶ
1097 793 1308 852 Τάραντός
1331 812 1372 838 τε
1395 797 1462 837 καὶ
1486 794 1577 838 Βά-

115 867 242 922 ρεωςὸ
274 858 395 908 αὗται
422 864 501 920 γὰρ
526 863 569 906 αἶ
589 859 781 920 τέσσαρες
799 861 934 914 πόλεις
955 864 1198 920 παρέμειναν
1217 864 1349 906 πίστιν
1366 862 1580 918 Ῥωμαίοις

59 940 107 978 10
117 930 408 991 φυλάττουσαι.
474 931 650 987 Μιχαὴλ
683 933 728 975 δὲ
761 937 833 975 τοῦ
864 933 1064 985 βασιλέως
1099 931 1378 983 ἀποθανόντος
1407 935 1474 975 καὶ
1505 937 1579 976 τοῦ

111 999 208 1057 μετ’
233 999 356 1044 αῧτὸν
374 1000 622 1051 ἓξωσθέντος
643 1005 716 1056 τῆς
736 1002 969 1055 βασιλείας,
1005 998 1026 1043 ὃ
1054 998 1296 1056 Μανιάκης,
1332 999 1386 1051 ὥς
1416 999 1575 1044 ἄνωθεν
1598 1007 1629 1043 C

113 1068 265 1127 ἐρρέθη
274 1100 289 1122 ,
316 1071 523 1126 πεμφθεὶς
539 1071 594 1119 εἰς
603 1069 778 1112 Ἰταλίαν
799 1069 911 1126 παρὰ
931 1074 1003 1124 τῆς
1021 1072 1164 1124 Ζωῆς,
1196 1072 1231 1112 εἴ
1246 1073 1313 1111 καὶ
1331 1070 1388 1125 μὴ
1409 1069 1580 1125 δύναμιν

114 1135 334 1196 ἀξιόχρεων
353 1136 456 1192 εἶχεν
465 1169 479 1190 ,
509 1136 619 1193 ὅμως
636 1139 738 1193 μετὰ
759 1142 833 1193 τῆς
852 1136 1059 1195 παρούσης
1080 1144 1364 1194 στρατηγικαῖς
1380 1145 1581 1194 μηχαναῖς

107 1204 367 1265 χρησάμενος
386 1207 571 1258 ἐκδιῶξαι
590 1206 727 1262 ἴσχυσε
747 1207 842 1256 τοὺς
864 1205 1079 1263 Φράγγους
1097 1211 1168 1262 τῆς
1182 1207 1355 1257 Ἰταλίας
1373 1210 1463 1264 περὶ
1487 1210 1580 1250 Κα-

61 1280 107 1318 15
116 1273 221 1331 πύην
242 1276 310 1318 καὶ
332 1275 577 1329 Βενεβενδὸν
598 1277 664 1318 καὶ
686 1273 915 1327 Νεάπολιν,
950 1278 1017 1317 καὶ
1042 1276 1209 1332 μετρίαν
1237 1273 1483 1319 κατάστασιν
1511 1277 1582 1319 καὶ

114 1341 292 1401 γαλήνην
326 1344 501 1402 παρέσχε
534 1349 619 1394 τοῖς
651 1343 875 1401 πράγμασι.
944 1339 1062 1394 οὗτος
1092 1342 1113 1386 ὃ
1142 1342 1365 1399 Μανιάκης
1396 1345 1500 1387 κατὰ
1532 1345 1578 1387 τὸ

114 1413 228 1468 θύμα
253 1415 336 1456 τῶν
363 1412 610 1456 ἀνατολικῶν
630 1412 704 1463 τὰς
723 1410 895 1468 οῗκήσεις
914 1411 1015 1466 ἔχων
1033 1414 1100 1454 καὶ
1117 1410 1313 1469 Ῥωμανῷ
1333 1418 1390 1470 τῷ
1411 1415 1585 1470 Σκληρῷ

115 1485 323 1538 γειτονῶν,
358 1479 651 1538 διαφερόμενος
676 1481 778 1538 πρὸς
801 1480 925 1524 αὐτὸν
946 1478 1139 1530 πολλάκις
1162 1482 1410 1538 ἐπεχείρησεν
1430 1482 1582 1524 ἂνελεῖν

116 1554 285 1602 τοῦτον,
313 1551 348 1592 εἲ
366 1549 426 1604 μὴ
447 1553 558 1608 φυγῇ
579 1549 651 1603 τὴν
671 1546 816 1592 ἑαυτοῦ
839 1550 1054 1607 ἓπορίσατο
1075 1551 1289 1605 σωτηρίαν.
1358 1551 1440 1592 ἐπεὶ
1463 1551 1508 1592 δὲ
1529 1552 1581 1592 τὰ

61 1617 324 1673 ΞῦῬωμαΙων
351 1622 536 1675 σκῆπτρα
562 1618 603 1668 ἐς
629 1619 935 1661 Κωνσταντΐνον
957 1612 1062 1671 ’ἦλθε
1088 1618 1158 1661 τὸν
1184 1616 1441 1673 Μονομάχον
1465 1621 1530 1661 καὶ
1559 1618 1582 1661 ὃ

118 1687 302 1746 Σκληρὸς
325 1687 388 1729 ἔπὶ
409 1687 514 1743 μέγα
537 1684 661 1742 τύχης
681 1681 780 1744 ἦρτο
815 1685 1135 1742 (ἐπαλλακεύετο
1156 1687 1235 1744 γὰρ
1257 1691 1315 1744 τῷ
1335 1685 1578 1747 Μονομάχῳ
1601 1696 1634 1731 D

117 1753 145 1812 ἦ
168 1759 244 1799 τοῦ
265 1758 454 1814 Σκληροῢ
477 1755 663 1813 ἀδελφὴ)
696 1753 919 1813 μάγιστρος
948 1757 1136 1811 τιμηθεὶς
1156 1757 1222 1798 καὶ
1242 1755 1581 1813 πρωτοστράτωρ,

118 1828 200 1869 τῶν
228 1825 285 1876 εἷς
310 1824 434 1869 αὐτὸν
457 1824 709 1886 μεμνημένος
728 1829 800 1868 τοῦ
820 1826 862 1866 Γ
859 1825 1025 1883 εωργίου
1043 1827 1333 1884 καταδρομῶν,
1367 1824 1582 1883 καταχρώ-

212 1966 236 2002 8
258 1965 468 2012 βρενόισίου
493 1966 524 2002 C
645 1968 668 2003 9
689 1966 827 2007 πίστεις
847 1967 877 2003 C
1004 1968 1049 2005 12
1071 1966 1214 2014 εἴρηται
1236 1967 1268 2004 C
1384 1969 1428 2004 16
1447 1967 1532 2014 περὶ
1553 1968 1584 2003 C

210 2013 255 2050 21
279 2011 404 2049 ἐπαλλ.
426 2033 473 2041 -
495 2014 542 2050 22
564 2010 711 2059 α’δελφή
735 2026 789 2049 om
812 2014 842 2049 C

120 2139 268 2185 ducere,
302 2139 364 2186 qui
393 2140 572 2186 regionem
596 2152 670 2176 eam
693 2141 878 2177 obtinebat
900 2151 941 2175 ac
963 2144 1002 2175 ut
1024 2139 1199 2186 propriam
1229 2140 1432 2186 tutabatur,
1467 2139 1584 2175 victus

121 2187 215 2232 apud
235 2186 441 2232 Monopolin
462 2187 499 2221 in
521 2192 730 2233 potestatem
754 2188 903 2222 hostium
929 2187 1031 2221 vivus
1054 2187 1233 2231 pervenit,
1270 2187 1315 2221 iis
1342 2198 1429 2232 quos
1452 2187 1584 2220 ferrum

120 2243 192 2266 non
223 2233 481 2278 absumpserat,
515 2233 583 2267 alio
611 2233 696 2267 alias
723 2233 904 2279 dissipatis
936 2233 971 2266 in
1004 2233 1147 2267 castella
1170 2244 1260 2276 quae
1281 2233 1448 2267 Romanis
1471 2233 1584 2267 adhuc

119 2278 303 2313 favebant.
350 2278 476 2312 exinde
506 2279 638 2313 Franci
666 2279 802 2314 Italiam
826 2285 864 2313 ut
886 2279 975 2313 bello
1002 2283 1135 2324 partam
1158 2279 1226 2312 sibi
1248 2279 1496 2323 vindicavere,
1527 2279 1583 2315 in-

121 2323 208 2359 colis
241 2335 312 2369 qua
341 2324 433 2359 ultro
464 2335 504 2359 se
534 2325 743 2359 dedentibus
768 2337 837 2370 qua
860 2325 896 2358 vi
919 2326 1086 2359 subactis.
1134 2328 1300 2369 quattuor
1322 2330 1455 2360 tantum
1478 2326 1585 2359 urbes

120 2370 161 2405 in
182 2371 417 2405 Romanorum
440 2370 511 2404 fide
534 2377 814 2416 permanserunt,
853 2371 1100 2415 Brundusium,
1135 2371 1290 2416 Hidrus,
1325 2371 1517 2405 Tarentum
1549 2375 1586 2405 et

120 2416 240 2452 Baris.
286 2415 461 2450 Michaelo
495 2415 706 2462 imperatore
741 2422 875 2452 mortuo
911 2422 947 2451 et
978 2417 1171 2462 Calaphata
1195 2417 1269 2451 eius
1292 2428 1497 2451 successore
1521 2428 1583 2450 ex-

120 2463 263 2498 turbato
287 2461 412 2496 missus
434 2462 474 2496 in
497 2462 652 2506 Italiam,
687 2467 727 2497 ut
749 2464 917 2507 diximus,
952 2463 1151 2507 Maniaces,
1180 2474 1375 2507 quanquam
1399 2475 1466 2497 non
1492 2468 1587 2498 esset

121 2507 209 2543 eatis
225 2507 329 2542 iustis
347 2507 459 2554 copiis
479 2508 688 2553 instructus,
714 2510 847 2544 artibus
868 2515 982 2542 tamen
1005 2509 1239 2556 imperatoriis
1262 2514 1393 2543 tantum
1419 2507 1584 2551 confecit,

122 2559 164 2590 ut
195 2559 232 2588 et
262 2554 421 2588 Francos
454 2554 556 2589 Italia
591 2554 737 2600 pelleret
770 2556 859 2600 apud
893 2556 1047 2600 Capuam
1070 2556 1306 2590 Beneventum
1331 2567 1373 2589 ac
1397 2554 1585 2600 Neapolin,

123 2606 161 2635 et
193 2611 251 2634 res
281 2600 447 2635 mediocri
480 2601 516 2635 in
549 2601 667 2646 quiete
690 2612 731 2635 ac
754 2602 941 2636 securitate
965 2602 1205 2636 constitueret.
1251 2601 1404 2636 habebat
1426 2601 1483 2635 hic
1505 2601 1584 2634 Ma-

123 2646 242 2681 niaces
273 2645 310 2680 in
341 2646 534 2693 provinciis
568 2647 808 2682 Orientalibus
842 2647 1102 2692 possessiones,
1144 2654 1180 2682 et
1209 2647 1359 2682 vicinum
1394 2648 1586 2682 Romanum

122 2692 274 2736 Durum,
310 2703 387 2727 cum
413 2703 482 2738 quo
505 2698 711 2727 exercuerat
732 2693 954 2735 inimicitias3
990 2699 1026 2728 et
1059 2705 1134 2728 eum
1167 2693 1372 2739 aliquoties,
1405 2692 1474 2727 nisi
1503 2693 1588 2737 suga

123 2737 195 2774 sibi
218 2738 392 2783 cavisset,
415 2739 664 2774 interfecturus
688 2740 814 2774 fuerat.
863 2746 1044 2785 postquam
1066 2751 1151 2775 vero
1173 2740 1318 2786 imperio
1343 2740 1498 2774 Romano
1522 2750 1587 2784 po-

123 2784 212 2819 titus
244 2790 300 2819 est
331 2785 602 2830 Monomachus,
643 2785 760 2820 Durus
794 2796 932 2831 quoque
966 2787 1010 2821 ad
1045 2797 1206 2821 summam
1240 2790 1383 2821 evectus
1415 2786 1588 2820 fortunam

126 2831 231 2875 (nam
255 2832 298 2866 ab
320 2831 547 2878 imperatore,
583 2831 642 2877 qui
666 2843 787 2866 sorore
811 2831 886 2866 eius
912 2844 975 2876 pro
1001 2832 1124 2878 pellice
1147 2833 1329 2876 utebatur,
1363 2831 1530 2877 magister
1552 2837 1588 2864 et

126 2881 362 2923 protostrator
390 2878 505 2913 factus
537 2879 636 2921 erat)
672 2877 875 2923 iniuriarum
907 2878 1081 2915 Maniacis
1106 2890 1254 2924 memor,
1289 2879 1416 2914 abusus
1440 2889 1502 2914 sua
1523 2888 1589 2923 po—
