1890 3236
497 173 900 220 HISTORIARUM
934 173 1330 220 COMPENDIUM.
1559 173 1662 224 417

178 289 252 336 Μ
287 287 444 341 παντὸς
475 306 552 347 την
581 289 837 335 ἀποστασίαν
869 288 1068 334 ὠδίνοντα
1112 287 1252 346 (ἑάλω
1284 289 1365 348 γὰρ
1392 289 1461 334 καὶ
1493 289 1557 333 ἐπὶ
1586 295 1662 334 τοῦ

175 358 382 416 βασιλέως
400 357 591 403 Ἰωάννου
619 357 914 415 ἐπιβουλεύων,
948 361 1016 402 καὶ
1044 361 1366 411 καταδικασθεὶς
1389 360 1662 418 ἔξορυχθῆναι

175 428 276 485 ι’τοὺς
295 427 548 487 ὀφθαλμοὺς
568 428 800 489 ἔξερρύσθη
819 427 924 488 παρ’
949 427 1077 472 αὐτοῦ
1097 433 1171 485 τῆς
1187 429 1380 486 ποινῆς),
1408 434 1553 473 τοῦτον
1569 427 1654 485 μά-
1677 437 1709 472 D

176 501 298 542 λιστα
322 497 518 550 δεδοικώς
535 502 679 542 Δπᾶσαν
698 501 919 555 τηνικαῦτα
944 497 1019 552 τὴν
1037 495 1268 554 Ῥωμαϊκὴν
1292 496 1465 554 δύναμιν
1487 500 1661 556 ἐγκεχει-

140 566 370 624 Ξρισμένον
392 568 461 611 καὶ
487 565 567 626 ὅπῃ
590 569 659 611 καὶ
681 565 873 623 βούλοιτο
896 566 1048 627 ῥαδίως
1070 566 1222 624 ἄγοντα
1243 569 1312 610 καὶ
1330 567 1661 623 μετακυβεῦοντα

181 630 260 692 (ἦν
283 635 364 694 γὰρ
391 633 675 695 στρατηλάτης
691 632 1021 695 προβεβλημένος
1038 634 1174 692 πάσης
1193 637 1422 693 ἀνατολῆς)
1451 639 1662 698 συμφέρον

177 702 279 749 εἶναι
312 708 365 763 τῇ
395 707 586 766 βασιλείᾳ
624 707 694 749 καὶ
732 705 916 764 ἀσφαλὲς
946 703 1106 760 ἐνόμισε
1133 705 1179 749 τὸ
1209 705 1314 749 πολὺ
1344 711 1419 762 τῆς
1447 706 1660 763 δυνάμεως

176 771 484 832 ἆκρωτηριάσαι
525 775 594 818 καὶ
637 775 931 833 ἀσθενέστερον
963 773 1088 817 αὐτὸν
1120 773 1422 833 ἀποφήνασθαι
1451 777 1556 834 πρὸς
1584 777 1660 833 τὴν

145 833 151 847 ⁸
174 840 504 899 ὕποπτευομένην
531 842 799 887 ἀποστασίαν.
868 845 937 887 καὶ
965 848 1063 901 γοῦν
1086 846 1154 887 καὶ
1182 842 1382 903 παραλύει
1408 849 1553 888 τοῦτον
1584 851 1660 903 τῆς

119 916 251 958 loro&
272 910 556 970 στρατηλάτου
578 912 731 971 ἀρχῆς,
767 915 896 956 δοῦκα
921 914 966 956 δὲ
988 913 1247 957 ἀποδείκνυσι
1270 917 1353 957 τῶν
1374 914 1417 957 ἓν
1437 919 1490 973 τῇ
1509 918 1659 958 Μεσο-

175 981 359 1042 ποταμίᾳ
377 979 621 1038 ταγμάτων,
655 982 922 1040 ἐπαγρυπνεῖν
942 981 1134 1034 κελεύσας
1152 982 1228 1035 τὰς
1245 982 1451 1040 ἐκδρομὰς
1470 988 1551 1028 τῶν
1569 987 1658 1028 Σα-

176 1054 366 1108 ρακηνῶν
396 1048 669 1108 φυλάττοντα.
737 1051 784 1095 τὸ
822 1054 849 1095 δ
854 1052 868 1069 ²
907 1051 1007 1096 αὐτὸ
1042 1056 1162 1096 τοῦτο
1193 1053 1261 1095 καὶ
1294 1055 1351 1103 εἷς
1379 1054 1558 1109 Μιχαὴλ
1586 1054 1658 1097 τὸν

175 1117 390 1178 Βοῦρτζην
417 1118 599 1163 ὕποπτον
625 1119 723 1164 ὄντα
745 1119 1048 1178 ἐμηχανήσατο,
1077 1123 1295 1178 διαστῆσαι
1319 1126 1464 1166 τοῦτον
1485 1128 1561 1178 τῆς
1583 1127 1657 1167 τοῦ

174 1191 366 1247 Σκληροῦ
384 1187 584 1247 ἑταιρείας
599 1189 839 1242 σπουδάσας
869 1192 1025 1247 (συνῆν
1040 1189 1124 1248 γὰρ.
1137 1193 1206 1234 καὶ
1225 1185 1344 1242 οὗτος
1363 1191 1475 1250 αὐτῷ
1497 1191 1658 1249 τάγμα-

121 1265 167 1307 15
177 1256 250 1311 τός
272 1275 382 1310 τινος
407 1255 623 1317 κατάρχων
641 1261 961 1316 στρατιωτικοῦ)
973 1274 985 1285 ·
1021 1258 1143 1318 ὅνπερ
1159 1263 1219 1319 τῷ
1240 1265 1321 1304 τῶν
1339 1261 1576 1319 μαγίστρων
1595 1279 1659 1305 τι-

172 1325 312 1384 μήσας
337 1324 540 1384 ἀξιώματι
569 1330 700 1372 δοῢκα
717 1333 791 1385 τῆς
809 1329 921 1388 παρὰ
941 1333 999 1389 τῷ
1015 1327 1188 1388 Ὀρόντῃ
1204 1329 1448 1385 Ἀντιοχείας
1464 1329 1652 1388 προβάλ-
1676 1339 1706 1374 Ρ
1730 1341 1798 1377 685

173 1401 300 1442 λεται.
367 1395 520 1455 ἔφορον
548 1397 594 1441 δὲ
615 1398 692 1440 ’καὶ
721 1397 940 1455 ἐπιστάτην
967 1402 1050 1442 τῶν
1077 1396 1190 1458 ἑῴων
1214 1398 1472 1443 ἀποδείκνυσι
1494 1397 1657 1443 πάντων

172 1463 392 1524 ταγμάτων
416 1465 489 1509 τὸν
517 1467 730 1524 πατρίκιον
749 1469 913 1527 Πέτρον
930 1465 1001 1512 τὸν
1018 1471 1094 1511 τοῦ
1120 1469 1251 1511 Φωκᾶ
1272 1470 1444 1521 δοῦλον,
1479 1485 1657 1527 στρατο-

171 1533 381 1594 πεδάρχην
413 1534 539 1579 αὐτὸν
569 1534 777 1592 ὀνομάσας
784 1569 799 1590 ,
843 1538 990 1593 τομίαν
1016 1538 1092 1592 μὲν
1120 1536 1365 1595 ἄνθρωπον,
1409 1537 1656 1596 δραστήριον

115 1605 221 1652 2015’
242 1604 379 1656 ἄλλως
395 1606 465 1648 καὶ
484 1604 537 1648 τὰ
556 1606 756 1660 πολεμικὰ
778 1606 1081 1665 ἐμπειρότατον.
1149 1611 1270 1651 τοῦτο
1297 1608 1342 1650 δὲ
1368 1606 1442 1650 τὸν
1468 1609 1656 1667 Σκληρὸν

172 1671 341 1734 σφόδρα
368 1671 567 1730 ἐλύπησεν
574 1706 589 1727 ,
623 1673 680 1726 ὥς
701 1677 808 1732 μηδὲ
834 1677 938 1733 παρ’
967 1674 1102 1736 ἑαυτῷ
1131 1677 1361 1733 δυνηθῆναι
1390 1676 1656 1734 συγκαλύψαι

171 1743 247 1801 τὴν
283 1743 403 1788 ἀνίαν
438 1742 768 1802 μεγαλοψύχως,
813 1745 911 1789 ἀλλ’
945 1746 1208 1805 ἔπεγκαλέσαι
1238 1747 1309 1789 καὶ
1339 1749 1655 1805 προσονειδίσαι,

263 1898 289 1935 6
307 1894 609 1944 προβεβλημένος
631 1909 686 1933 om
709 1897 740 1933 C
854 1900 879 1936 7
900 1896 1054 1946 α’σφαλῆ
1075 1899 1107 1935 C
1222 1899 1246 1935 9
1269 1890 1340 1935 οὖν
1365 1898 1397 1934 C
1509 1899 1551 1935 11
1577 1901 1653 1935 κελ.

262 1943 328 1980 καὶ
350 1941 551 1988 φυλάττειν
571 1941 644 1986 τὰς
665 1941 849 1990 ἐκδρομὰς
869 1948 947 1982 ταῖν
969 1946 1190 1992 σαρακηναῖν
1211 1946 1242 1980 C
1363 1945 1409 1982 14
1431 1943 1598 1991 ἑταιρίας
1620 1947 1652 1981 C

263 1991 311 2027 16
333 1986 463 2036 δρόντι
485 1990 517 2026 C
654 1992 700 2027 20
722 1989 982 2039 ἐμπυρότατον
1003 1994 1035 2029 C
1172 1990 1213 2029 δὲ
1237 2003 1293 2028 om
1312 1992 1344 2029 C

169 2133 330 2165 metuens
363 2129 537 2175 (namque
560 2128 593 2165 is
616 2128 651 2165 ei
674 2140 813 2176 semper
834 2128 1053 2174 inhiaverat,
1091 2132 1128 2164 et
1155 2127 1334 2163 Tzimisca
1363 2126 1559 2174 imperante
1589 2131 1651 2173 ty-

168 2175 328 2210 rannidis
350 2181 544 2211 attentatae
567 2176 750 2212 convictus
776 2176 887 2210 oculis
912 2175 1074 2210 multatus
1096 2175 1245 2220 fuisset,
1270 2174 1339 2209 nisi
1363 2185 1440 2209 eum
1462 2173 1539 2219 ipse
1562 2185 1652 2222 poe-

169 2233 238 2256 nae
262 2221 498 2268 eripuisset),
522 2222 614 2256 hunc
638 2233 723 2268 ergo
746 2223 894 2257 maxime
918 2227 1116 2267 suspectum
1141 2222 1298 2264 habens,
1324 2224 1364 2255 ut
1387 2220 1442 2254 cui
1465 2226 1549 2254 tunc
1570 2218 1650 2254 uni-

168 2279 298 2303 versae
320 2268 446 2314 copiae
469 2268 673 2303 commissae
697 2274 839 2313 essent,
865 2268 1042 2313 facileque
1065 2279 1126 2302 eas
1147 2279 1217 2313 qua
1238 2266 1346 2302 vellet
1365 2265 1544 2311 impellere
1566 2277 1651 2312 pos·

170 2319 226 2349 set
256 2318 380 2360 utpote
410 2313 520 2349 totius
551 2313 710 2349 Orientis
734 2315 805 2349 dux
828 2314 1052 2359 designatur»,
1092 2326 1137 2349 ex
1160 2324 1226 2349 usu
1247 2314 1302 2348 rei
1324 2312 1487 2359 publicae
1509 2313 1590 2347 fore
1614 2317 1650 2348 et

170 2361 216 2397 ad
239 2359 422 2406 imperium
443 2359 742 2395 communiendum
766 2362 939 2395 facturum
962 2360 1149 2403 iudicavit,
1184 2359 1215 2394 si
1239 2360 1314 2394 eius
1336 2358 1529 2405 potentiam
1552 2358 1649 2394 acci-

169 2408 272 2442 deret
299 2405 486 2452 ipsumque
517 2417 559 2441 eo
590 2405 817 2442 infirmiorem
838 2407 883 2441 ad
908 2418 965 2441 res
989 2417 1103 2441 novas
1124 2406 1310 2442 tentandas
1336 2405 1529 2450 redigeret.
1577 2404 1649 2440 ita-

170 2459 241 2499 que
261 2452 296 2487 ei
320 2451 480 2488 Orientis
528 2453 759 2488 raefecturam
782 2453 905 2488 adimit
929 2453 1123 2498 ducemque
1152 2452 1335 2487 constituit
1356 2450 1650 2498 Mesopotamiae,

169 2511 214 2535 ac
247 2499 390 2535 mandat
421 2504 461 2534 ut
518 2499 684 2546 iligenter
716 2501 888 2535 adversus
921 2499 1174 2534 Saracenorum
1215 2497 1442 2533 excursiones
1483 2498 1647 2532 excubet.

171 2545 295 2581 eodem
331 2546 434 2581 modo
466 2544 675 2581 Michaelem
699 2557 839 2593 quoque
862 2547 1026 2581 Burtzam
1048 2545 1117 2580 sibi
1142 2549 1340 2590 suspectum
1362 2547 1515 2586 tractat3
1546 2554 1649 2588 quem

168 2597 210 2628 ut
231 2603 254 2627 a
274 2591 365 2633 Duri
394 2591 496 2636 (nam
516 2591 551 2627 ei
573 2593 696 2627 aderat
720 2593 898 2628 cuiusdam
922 2591 1074 2627 cohortis
1096 2591 1245 2635 ductor)
1271 2589 1444 2625 societate
1466 2588 1646 2633 avelleret,

168 2639 215 2674 ad
246 2636 407 2684 magistri
437 2644 598 2673 evectum
629 2638 836 2684 dignitatem
865 2639 986 2673 ducem
1016 2638 1236 2673 Antiocheae
1272 2636 1318 2671 ad
1352 2635 1522 2671 Orontem
1555 2635 1648 2670 sitae

167 2683 366 2720 constituit.
421 2683 674 2731 inspectionem
712 2690 819 2732 atque
853 2684 1035 2731 imperium
1072 2683 1110 2718 in
1144 2694 1264 2718 omnes
1297 2681 1488 2718 orientales
1522 2681 1648 2727 copias

168 2731 278 2766 Petro
301 2730 419 2767 defert
440 2730 614 2777 patricio,
646 2730 789 2767 Phocae
812 2732 892 2767 olim
915 2730 1066 2775 famulo,
1098 2741 1246 2776 eumque
1269 2728 1485 2764 exercituum
1503 2729 1648 2774 praefe-

170 2782 263 2813 ctum
281 2776 457 2823 nominat,
481 2783 668 2814 castratum
687 2779 847 2825 quidem,
871 2779 934 2814 sed
957 2783 1135 2813 strenuum
1158 2774 1341 2822 ceteroqui
1364 2778 1402 2810 et
1422 2773 1477 2809 rei
1500 2773 1650 2809 bellicae

169 2823 433 2870 peritissimum.
477 2823 623 2870 indigne
647 2830 762 2860 autem
783 2824 821 2861 id
841 2824 922 2860 tulit
941 2823 1081 2869 Durus,
1107 2823 1196 2858 adeo
1216 2827 1254 2858 ut
1271 2833 1315 2856 ne
1333 2820 1427 2868 apud
1447 2832 1487 2855 se
1507 2820 1649 2866 quidem

170 2882 296 2916 magno
319 2871 433 2906 auimo
455 2871 624 2907 occultam
646 2872 803 2908 retinere
824 2883 901 2909 eam
922 2869 1082 2918 potuerit
1102 2868 1380 2916 aegritudinem,
1400 2867 1464 2903 sed
1486 2866 1649 2903 invectus

227 2925 362 2971 Georg.
392 2924 567 2961 Gedrenue
595 2929 681 2962 tom.
710 2924 761 2960 11.
1311 2919 1365 2960 27
