1890 3236
293 205 394 253 126
631 234 632 237 =
762 203 1005 250 GEORGII'
1035 203 1279 251 CEDRENI

291 322 382 379 φεὶς
405 317 585 363 θάνατον
607 316 820 373 ἠπείλησεν
849 318 885 360 εἰ
913 316 972 372 μὴ
1004 316 1137 362 ἕποιτο
1147 342 1174 372 ,·
1195 320 1264 364 καὶ
1294 317 1423 372 οὕτως
1442 318 1522 377 ὄψέ
1542 321 1749 379 ‚carpam

289 394 364 433 τοῦ
393 386 575 432 κινδύνου
605 386 785 428 διέσωσε.
850 386 915 431 διὸ
943 393 1080 440 τιμαῖς
1108 392 1252 431 τοῦτον
1282 388 1481 441 ἀνταξίοις
1509 389 1749 442 ἐδεξιώσατο

289 460 355 501 καὶ
375 459 543 512 δωρεαῖς
560 453 849 511 ἐθεράπευσεν,
879 455 1084 511 εὐεργέτην
1101 458 1167 499 καὶ
1186 461 1352 514 σωτῆρα
1370 458 1600 503 ἀποκαλῶν.
1648 460 1744 504 ἀλλ’

288 524 309 568 ὅ
330 523 487 582 φθόνος
506 522 643 576 ἴσχυσε
662 522 767 567 κατὰ
783 522 1052 576 τοῦτοιούτου
1071 523 1240 582 ἀνδρός,
1273 527 1340 568 καὶ
1359 528 1414 578 εἰς
1430 529 1688 572 καθοσίωσιν
1696 529 1748 577 ἐκ

284 593 489 648 λοιδορίας
510 590 781 647 κατεγκλήθη.
848 590 946 635 ὅθεν
965 594 1033 635 καὶ
1052 595 1234 636 κίνδυνον
1253 594 1301 637 οὗ
1318 595 1463 652 μικρὸν
1480 593 1612 655 ἑαυτῷ
1628 597 1782 655 {vno-5

285 662 455 718 γημένον
488 659 766 716 κατανοήσας,
799 662 867 703 καὶ
891 659 959 703 διά
981 678 1088 712 τινος
1110 667 1190 705 τῶν
1210 661 1460 706 πιστοτάτων
1481 667 1747 723 πληροφορη-
1778 705 1781 708 ⁴

285 731 398 781 θείς,
433 727 580 771 δούλου
598 730 672 784 μὲν
690 727 897 785 γεγονότος
913 730 1039 773 αῧτοῦ
1054 732 1328 785 οἲνοχοοῦντος
1346 732 1390 774 δὲ
1406 729 1496 775 τότε
1513 737 1572 792 τῷ
1585 737 1754 788 βασιλεῖ

290 799 503 855 Θεοφίλῳ,
538 795 594 848 ὥς
614 798 755 852 μέλλοι
776 802 918 841 τοῦτον
939 797 1223 857 ἀποτυφλοῦν,
1253 800 1504 846 ἀποστασίαν
1520 793 1662 861 ’τολμᾷ
1679 803 1749 851 καὶ

285 868 387 924 πρὸς
408 866 653 923 Ἀγαρηνοὺς
680 867 963 921 μετατίθεται,
995 868 1122 924 μέγας
1144 870 1211 911 καὶ
1232 868 1333 924 παρ’
1359 869 1496 920 αὐτοῖς
1510 868 1662 927 ’ὀφθεὶς-
1677 871 1747 916 καὶ

232 941 265 978 D
289 937 493 991 μεγίσταις
514 941 650 989 τιμαῖς
668 932 962 992 γεραιρόμενος.
984 954 986 957 ·
1027 935 1200 994 στρατόν
1222 954 1264 980 τε
1287 936 1364 994 γὰρ
1389 937 1648 994 ἐνεπιστεύθη
1669 944 1803 986 τεο-10

288 1003 381 1057 λύν,
417 1006 483 1046 καὶ
509 1004 614 1047 κατὰ
645 1008 725 1046 τῶν
755 1001 1034 1060 γειτονοῦντων
1055 1006 1239 1062 ἐχθρῶν,
1275 998 1513 1061 οἱ“οἱι’τω”δὴ
1533 1005 1749 1063 Κερμάται

287 1077 526 1124 καλοῦνται,
554 1072 760 1130 ἐπέμφθη.
821 1071 866 1123 ὃς
885 1073 1040 1128 μηδένα
1057 1074 1189 1130 ἕτερον
1207 1075 1383 1117 ἕπεσθαί
1396 1075 1434 1124 οἳ
1449 1073 1632 1130 θελήσας
1650 1075 1746 1118 ἀλλ’

287 1141 314 1197 ἢ
334 1140 458 1197 μόνον
478 1140 572 1192 τοὺς
590 1142 631 1184 ἐν
653 1144 856 1199 φυλακαῖς
872 1142 1186 1199 καθειργμένους
1199 1141 1423 1196 Ῥωμαίους
1442 1143 1552 1202 αὐτῷ
1569 1159 1749 1200 συστρα-

288 1209 503 1262 τεύεσθαι,
530 1210 643 1260 νίκας
668 1211 859 1265 μεγίστας
887 1212 954 1252 καὶ
982 1212 1199 1262 καλλίστας
1226 1211 1442 1267 ἠνέγκατο,
1470 1209 1526 1264 ὥς
1550 1214 1619 1254 καὶ
1647 1210 1748 1255 αὐτὸ

287 1279 333 1322 τὸ
365 1276 574 1334 λεγόμενον
601 1279 810 1336 Χωροσὰν
839 1280 1160 1337 ἐκπολιορκῆσαι.
1229 1279 1277 1322 οὗ
1306 1280 1384 1337 γὰρ
1415 1277 1619 1333 μόνον-τὸ
1650 1279 1805 1326 κατ’ίό

289 1347 461 1404 ἀνδρίαν
490 1347 685 1404 διαφέρον
711 1347 894 1402 ἐξέπληξε
923 1348 1018 1398 τοὺς
1045 1349 1267 1401 ἐναντίους,
1303 1348 1408 1391 ἀλλὰ
1431 1349 1502 1390 καὶ
1519 1346 1545 1403 ἦ
1565 1352 1638 1404 τῆς
1656 1350 1750 1392 δια·

288 1416 428 1458 λέκτου
460 1414 699 1472 παραλλαγὴ
735 1417 802 1458 καὶ
819 1414 844 1471 ἡ
864 1420 944 1459 τῶν
972 1415 1191 1471 σχημάτων
1219 1417 1423 1471 μεταβολὴ
1442 1418 1511 1459 καὶ
1531 1414 1558 1472 ἦ
1579 1419 1653 1460 τοῦ
1672 1433 1754 1462 πο-

288 1485 412 1538 λέμου
443 1482 674 1540 παράδοξος
701 1484 895 1540 ἐξαλλαγὴ
918 1487 972 1535 εἷς
991 1486 1142 1529 δειλίαν
1163 1485 1210 1527 οὗ
1233 1486 1306 1540 τὴν
1326 1489 1527 1540 τυχοῦσαν
1549 1483 1751 1540 συνήλασε

285 1553 381 1602 τοὺς
412 1553 640 1607 πολεμίους.
706 1554 774 1595 καὶ
803 1553 849 1596 οὗ
880 1553 984 1595 κατὰ
1010 1558 1091 1596 τῶν
1121 1555 1284 1611 ἐχθρῶν
1313 1551 1437 1608 μόνον
1467 1551 1596 1603 οὕτως
1620 1552 1753 1610 ὤφθη»

286 1627 487 1678 γενναῖος,
521 1620 627 1664 ἀλλὰ
643 1622 711 1664 καὶ
731 1621 836 1664 κατὰ
853 1623 1012 1678 θηρίων
1030 1622 1178 1679 ἀγρίων
1194 1622 1501 1677 πημαινομένων
1519 1621 1595 1677 τὴν
1605 1620 1748 1679 χώραν
1757 1632 1811 1669 2οῐ

285 1690 518 1748 ἦνδρίσατο.
583 1691 651 1732 καὶ
680 1688 867 1746 μεγάλων
896 1690 1024 1742 αἴτιος
1052 1692 1189 1742 αὐτοῖς
1215 1695 1350 1734 καλῶν
1379 1689 1550 1749 γεγονὼς
1571 1690 1684 1750 αὐτῷ
1706 1679 1755 1734 τε

376 1831 402 1866 2
425 1829 611 1873 ἐδεξιοῦτο
635 1831 666 1866 C
845 1831 868 1867 3
892 1827 944 1872 οἷς
967 1830 1082 1878 εὖεργ.
1108 1832 1139 1867 O
1310 1832 1331 1867 5
1354 1829 1614 1876 κατεγκληθεὶς
1633 1829 1696 1866 καὶ
1718 1830 1750 1866 C

381 1879 423 1914 11
447 1875 623 1921 κερμάτοι
645 1878 675 1911 C
770 1878 814 1913 12
838 1875 920 1912 ἀλλ’
944 1897 990 1904 -—
1015 1880 1058 1914 13
1081 1875 1397 1922 συστρατεύεσθαι
1420 1889 1474 1913 om
1493 1878 1523 1913 C
1616 1877 1659 1912 15
1681 1888 1752 1921 χω-

379 1923 499 1968 ρησᾶν
525 1923 555 1958 C
669 1923 712 1958 17
734 1920 898 1966 πολέμου
922 1935 976 1958 om
1001 1925 1031 1959 C
1149 1926 1194 1962 19
1214 1923 1333 1969 μόνον
1357 1936 1414 1960 om
1437 1923 1468 1959 C
1583 1917 1696 1965 οὗτος
1718 1922 1750 1958 C

378 1972 425 2008 20
447 1966 542 2005 κατὰ
567 1979 623 2004 om
646 1968 677 2003 C
812 1971 857 2005 21
883 1967 1002 2011 αὐτός
1023 1970 1054 2005 C

289 2106 360 2131 non
382 2097 457 2139 est,
489 2093 626 2138 denuo,
659 2096 696 2128 et
718 2105 794 2129 cum
816 2105 862 2128 ne
883 2093 935 2129 sic
958 2093 1096 2139 quidem
1118 2094 1341 2141 Theophilus
1360 2095 1588 2140 sequeretur,
1611 2092 1757 2134 tertium!

290 2152 474 2186 reversus,
509 2145 653 2176 mortem
689 2140 723 2175 ei
754 2140 823 2175 nisi
856 2139 1078 2175 comitaretur
1109 2141 1276 2186 minatus,
1309 2140 1371 2175 vix
1402 2140 1542 2174 tandem
1573 2138 1754 2185 praesenti

289 2186 445 2234 periculo
479 2186 619 2234 eripuit.
666 2185 746 2220 ideo
780 2186 970 2220 honoribus
994 2198 1070 2221 eum
1092 2186 1263 2232 donisque
1284 2186 1399 2231 dignis
1423 2186 1616 2240 imperator
1635 2196 1753 2219 remu-

290 2239 432 2268 neratus
457 2237 530 2277 est,
553 2232 810 2267 benefactorem
834 2244 875 2266 ac
898 2238 1112 2267 servatorem
1130 2234 1258 2268 fassus.
1305 2238 1457 2267 ceterum
1477 2230 1633 2265 mvidiae
1654 2235 1754 2266 tanta

291 2280 347 2314 vis
372 2279 441 2313 fuit
463 2283 503 2313 ut
523 2290 587 2324 per
609 2277 812 2313 calumniam
834 2279 879 2312 de
901 2278 1083 2314 maiestate
1103 2283 1265 2314 accusato
1285 2278 1450 2313 Manuelo
1469 2287 1634 2311 summum
1653 2286 1753 2311 crea-

290 2325 384 2360 verit
411 2324 614 2370 periculum.
662 2325 755 2369 quod
778 2324 808 2359 is
832 2324 1009 2369 sentiens,
1042 2330 1078 2360 et
1110 2325 1238 2360 certior
1260 2325 1372 2359 factus
1395 2336 1416 2358 n
1437 2322 1639 2358 fidelissimo
1663 2333 1752 2367 quo-

290 2371 387 2415 dam,
421 2371 480 2415 qui
506 2370 689 2416 aliquando
713 2370 782 2417 ipsi
806 2370 1023 2415 serviverat,
1060 2376 1142 2406 tunc
1175 2378 1290 2406 autem
1313 2369 1516 2415 imperatori
1544 2373 1620 2403 erat
1642 2379 1664 2402 a
1686 2379 1754 2413 po-

290 2416 388 2460 culis,
411 2417 487 2451 fore
510 2422 550 2451 ut
573 2416 681 2451 oculis
704 2418 747 2451 ab
771 2417 838 2451 hoc
858 2417 1071 2462 privaretur,
1094 2417 1325 2452 defectionem
1349 2421 1493 2450 conatus
1517 2419 1572 2449 est
1593 2413 1754 2448 transiit-

291 2473 360 2506 que
394 2462 438 2496 ad
469 2462 661 2507 Agarenos.
707 2473 851 2507 magnus
884 2463 988 2497 etiam
1023 2464 1115 2508 apud
1145 2464 1208 2497 hos
1240 2463 1309 2497 fuit
1331 2474 1371 2496 ac
1393 2460 1532 2496 summis
1564 2460 1754 2494 honoribus

291 2508 453 2542 affectus.
498 2519 574 2542 nam
600 2520 721 2553 magno
745 2509 950 2543 instructum
974 2509 1131 2544 exercitu
1150 2509 1305 2554 Agareni
1329 2508 1495 2545 miserunt
1518 2510 1639 2540 contra
1662 2503 1753 2539 vici-

292 2564 356 2587 nos
381 2564 462 2588 suos
484 2553 614 2598 hostes,
638 2554 699 2599 qui
720 2560 891 2589 vocantur
910 2556 1108 2591 Cermatae.
1153 2555 1335 2590 Manuelus
1354 2554 1439 2588 alios
1458 2562 1560 2597 quam
1577 2551 1752 2585 Romanos

292 2598 353 2644 qui
385 2599 516 2643 captivi
538 2599 574 2632 in
601 2601 798 2635 carceribus
827 2601 1092 2647 detinebantur,
1127 2601 1254 2636 ducere
1282 2600 1414 2635 noluit:
1450 2598 1571 2632 horum
1595 2595 1754 2630 exercitu

292 2645 482 2690 composito
516 2656 656 2690 magnas
691 2646 914 2692 illustresque
947 2648 1145 2695 reportavit
1178 2646 1364 2689 victorias,
1399 2648 1435 2679 et
1466 2643 1581 2689 ipsum
1612 2652 1753 2687 quoque

290 2691 527 2724 Chorosanem
560 2691 720 2735 (castelli
744 2693 809 2726 hoc
833 2695 982 2735 nomen)
1015 2693 1244 2739 expugnavit.
1291 2703 1361 2726 non
1394 2689 1485 2724 enim
1517 2687 1648 2732 insigni
1671 2691 1758 2722 tan-v

290 2741 362 2771 tum
385 2736 593 2770 fortitudine
613 2748 675 2771 sua
697 2744 866 2773 terrorem
890 2740 1048 2774 hostibus
1071 2739 1206 2783 intulit,
1238 2738 1300 2772 sed
1332 2742 1368 2772 et
1398 2735 1568 2771 sermonis
1592 2733 1752 2768 adversi-

290 2786 364 2816 tate
389 2793 430 2815 ac
451 2781 591 2816 habitus
623 2787 659 2817 et
686 2783 770 2818 belli
792 2785 925 2819 formae
948 2786 1129 2832 inopinata
1151 2785 1342 2819 mutatione
1364 2793 1434 2816 non
1459 2781 1497 2815 in
1521 2790 1669 2826 parvum
1691 2790 1760 2813 eos·

290 2833 417 2862 metum
456 2827 680 2863 coniiciebat.
727 2841 841 2875 neque
881 2832 1064 2867 adversum
1098 2832 1217 2866 hostes
1249 2829 1350 2864 modo
1383 2833 1525 2863 strenue
1558 2837 1597 2860 se
1629 2824 1752 2871 gessit,

290 2873 353 2909 sed
386 2877 422 2909 et
454 2879 576 2911 contra
608 2875 703 2911 feras
735 2876 914 2922 regionem
946 2888 1022 2914 eam
1054 2881 1248 2914 vastantes.
1294 2879 1331 2911 et
1354 2875 1398 2911 ob
1420 2872 1527 2909 multa
1548 2872 1641 2908 bona
1662 2881 1753 2917 quae
