1916 3210
6 151 46 687 “*‘”'*5W'*·{⁴w³<5=‘sn?r-½⁹*
12 119 44 130 ζ
12 77 50 102 ²..
10 7 11 13 ⁴

687 122 1140 177 ANNOTATlONES.
1552 127 1650 177 843

259 246 326 288 {ov
346 244 522 297 σταυροῦ
539 240 609 284 καὶ
626 244 702 284 τοῦ
719 240 838 295 οἷγίου
858 239 1109 298 ευαγγελίου,
1148 244 1356 294 κατῆλθον
1381 237 1653 288 λιτανεύοντες

290 318 306 344 ι
332 317 416 344 των
445 302 663 368 βασιλικων
683 302 823 341 πυλαῖν
854 315 936 340 των
966 299 1189 367 λεγομένων
1213 298 1458 366 Κτεναρίων.
1509 296 1579 338 καὶ
1598 294 1650 349 δη

191 359 266 402 nat
281 360 465 408 ἕκτενοῦς
483 352 602 408 ευχῆς
619 356 856 427 γενομένης,
899 355 966 397 καὶ
989 354 1084 409 μετα
1104 352 1356 406 κατανύξεως
1375 354 1445 396 καὶ
1463 349 1652 407 δακρύων

191 419 353 459 πολλῶν
373 418 440 457 καὶ
461 415 691 465 στεναγμῶν
710 429 754 454 το
777 410 893 467 κύριε
914 412 1076 465 ἐλέησον
1094 409 1303 463 εἰπόντων,
1332 410 1589 465 υπέστρεψαν
1610 410 1653 452 ἐν

191 476 249 531 τῷ
267 472 368 542 αγίςο
387 472 472 527 ναῷ
493 467 589 523 μετὰ
613 472 738 523 χαρᾶς
755 472 906 522 πολλῆς
924 469 991 510 και
1011 466 1307 538 λαμπρότητος,
1345 466 1421 521 τήν
1440 469 1562 509 θείαν
1582 467 1654 508 καὶ

191 516 388 599 μυστικὴν
406 512 653 580 λειτουργίαν
672 524 950 576 ἐκτελέσαντες.
1017 526 1084 567 καὶ
1106 524 1234 574 οὕτως
1254 522 1591 578 ἅνεστηλωθῆσαν
1612 524 1658 564 αἱ

191 601 304 641 aynan
329 583 398 627 καὶ
429 583 568 626 σεπταὶ
597 579 749 632 εἰκόνες
776 583 820 624 ἐν
846 599 901 623 τω
930 585 1004 624 τοῦ
1025 585 1129 624 θεοῦ
1155 586 1243 623 vanc?
1270 585 1345 623 τοῦ
1371 585 1566 652 τιμᾶσθαι
1584 580 1654 622 καὶ

190 642 384 697 σέβεσθαι
401 640 469 683 καὶ
487 643 807 692 προσκυνεῖσθαι
825 637 910 680 vno*
929 636 1093 680 πάντων
1112 642 1193 680 τῶν
1212 642 1378 680 πιστων.
1428 639 1470 680 οἱ
1490 633 1565 680 οὖν
1584 633 1655 679 εὕ-

191 701 320 753 σεβῶς
343 699 587 752 κρατοῦντες
614 712 711 749 μετα
737 698 812 737 τοῦ
839 697 1056 750 σεβασμίου
1077 696 1146 737 καὶ
1168 694 1390 750 ἁγιωτάτου
1409 692 1653 748 πατριάρχου

191 755 410 799 Μεθοδίου
439 754 509 795 καὶ
537 769 619 794 των
647 751 722 794 συν
752 749 864 808 αὐτῷ
887 755 1189 822 μητροπολιτων
1218 752 1288 793 καὶ
1313 751 1436 795 ὁσίων
1465 749 1654 804 οἷσκητων

189 809 235 854 τὸ
265 813 486 883 τηνικαῦτα
516 809 734 852 ἐθέσπισαν
761 812 833 851 τοῦ
865 806 1062 864 ἕορταζειν
1082 807 1165 862 ’τήν
1191 808 1311 863 αγίαν
1337 809 1407 850 καὶ
1437 809 1655 862 σεβασμίαν

190 866 348 937 ἕορτην
361 865 512 921 ταύτην
543 867 708 919 ἐτησὶως
725 869 928 937 λαμπρῶς
949 866 992 908 ἐν
1011 869 1062 923 τῇ
1078 881 1150 908 του
1170 869 1274 908 θεοῦ
1277 864 1441 938 μεγαλῃ
1467 865 1656 921 ἐκκλησία

188 928 243 983 τῇ
259 941 398 994 πρωτῃ
416 927 588 979 κυριακῇ
609 926 690 965 τῶν
709 920 837 978 αγίων
856 927 1071 976 νηστειῶν,
1112 920 1203 977 η’τις
1223 922 1292 964 καὶ
1312 922 1423 978 μέχρι
1440 938 1514 976 της
1535 923 1654 976 δεῦρο

189 982 233 1025 ἕο
235 979 426 1038 ρτᾶζεται.
483 983 623 1022 GoAn.

302 1045 331 1079 t.
353 1039 387 1079 11
415 1053 454 1092 Ρ.
477 1037 555 1082 149
577 1051 610 1076 v.
632 1040 700 1080 20.
760 1033 804 1077 τό
826 1033 1024 1091 πλήρωμα
1041 1039 1114 1089 τῆς
1135 1035 1370 1091 ἐκκλησίας]
1400 1049 1532 1075 omnes
1546 1047 1654 1087 pon-

167 1098 171 1102 '
191 1096 347 1148 ificam
367 1095 598 1134 clericorum
620 1101 657 1131 et
679 1094 962 1133 monachorum
984 1094 1152 1132 ordines.
1213 1094 1348 1133 GOAR.

303 1153 358 1192 ib.
390 1166 425 1192 v.
455 1155 523 1195 21.
579 1166 651 1192 του
674 1151 911 1204 Καριανοῦ]
944 1153 1004 1190 ubi
1025 1152 1120 1192 filiae
1142 1150 1363 1191 Theodorae
1384 1149 1602 1189 habitabant
1617 1151 1656 1188 et

189 1210 367 1265 palatium
391 1214 617 1250 exstruxerat
634 1209 844 1247 Mauricius.
902 1209 1042 1247 Gon.

303 1273 332 1307 t.
351 1266 385 1306 11
413 1281 451 1319 p.
471 1266 552 1308 150
573 1279 609 1304 v,
632 1267 695 1306 18.
753 1261 899 1306 τούτου
923 1263 967 1306 δὲ
984 1262 1059 1317 τήν
1080 1259 1317 1318 ὀλιγωρίαν]
1346 1263 1446 1302 locus
1476 1262 1659 1300 obscuris·

148 1326 151 1328 ’
191 1325 315 1364 simus.
373 1336 446 1374 ego
476 1323 527 1360 sic
553 1321 739 1372 intelligo,
783 1322 974 1374 stipulatos
997 1322 1110 1360 fuisse
1132 1321 1323 1374 pontifices
1348 1324 1386 1359 et
1406 1320 1547 1371 scriptis
1573 1331 1661 1357 con-

189 1382 332 1421 frmass
335 1393 376 1430 e,
415 1384 454 1419 et
483 1378 639 1418 salutem
672 1380 883 1431 imperatori
914 1378 1117 1430 Theophilo
1150 1379 1411 1428 impetraturos
1445 1382 1483 1414 et
1516 1375 1661 1415 veniam

189 1441 424 1491 peccatorum
446 1437 519 1474 suis
541 1436 591 1474 ad
610 1436 719 1474 deum
735 1437 926 1487 precibus;
955 1436 1057 1486 quod
1084 1438 1122 1473 et
1145 1435 1276 1473 fecisse
1300 1447 1363 1472 eos
1384 1433 1550 1471 Zonaras
1576 1432 1663 1470 scri-

190 1496 259 1534 bit.
317 1507 443 1534 eorum
469 1505 558 1543 ergo
586 1493 846 1544 promissorum
869 1493 970 1543 ipsos
999 1493 1179 1530 admonet
1198 1489 1326 1541 Augus
1330 1494 1381 1531 ta.
1441 1494 1479 1528 et
1507 1501 1663 1541 respon-

190 1552 284 1591 dent
302 1563 344 1590 se
364 1551 409 1588 iis
434 1553 618 1598 staturos,
665 1550 733 1587 etsi
754 1549 1000 1600 Theophanes
1029 1560 1157 1599 parum
1185 1547 1255 1586 hoc
1284 1559 1414 1586 curans
1440 1547 1596 1584 minetur
1621 1557 1662 1583 se

191 1613 278 1648 suas
316 1607 467 1647 iniurias
503 1606 575 1645 deo
615 1605 734 1644 iudice
768 1610 1056 1657 prosecuturum.
1123 1604 1279 1642 Zilieum
1320 1603 1479 1641 haeresis
1516 1603 1663 1640 videtur

189 1666 348 1704 chrisma
365 1662 653 1715 contempsisse,
682 1666 859 1713 quantum
882 1676 928 1701 ex
954 1661 1021 1700 hac
1049 1660 1320 1698 narratiuncula
1342 1661 1453 1697 datur
1473 1658 1666 1708 colligere3

191 1726 232 1762 et
249 1734 338 1760 usus
356 1733 438 1758 sum
463 1732 551 1758 voce
570 1718 766 1771 perficere,
807 1720 910 1770 quod
942 1718 980 1755 in
999 1718 1144 1755 Graeco
1165 1722 1223 1755 est
1242 1718 1517 1766 τελειοῦσθαι,
1549 1720 1585 1754 et
1605 1728 1664 1752 sa-

192 1777 388 1817 cramentis
413 1776 437 1814 ii
459 1776 686 1814 adscribunt.
714 1777 811 1813 Xn..
870 1776 918 1814 de
936 1774 1110 1823 Zilicibus
1136 1773 1192 1811 his
1216 1778 1256 1812 et
1276 1774 1564 1824 quibuscumque
1584 1772 1663 1810 aliis

191 1834 384 1874 haereticis
404 1832 597 1871 chrismate
613 1831 891 1871 reconciliandis
909 1831 1173 1882 Euchologium
1199 1830 1294 1868 notis
1314 1829 1530 1868 illustratum
1552 1829 1663 1868 theo-

191 1891 311 1942 logice
326 1893 474 1929 tractat.
530 1889 660 1927 Gom.

306 1952 337 1986 t.
353 1946 389 1985 Π
415 1959 456 2012 Ρ.
483 1944 564 1986 153
583 1957 618 1983 v.
642 1942 706 1985 14
767 1941 971 1997 Ζαγοροὶν]
1001 1943 1159 1993 Mysiam
1172 1941 1386 1981 inferiorem
1411 1943 1459 1979 ad
1479 1941 1661 1979 Haemum

191 2008 367 2053 montem,
396 2003 496 2041 cuius
514 2005 655 2041 tractus
680 2001 727 2040 ab
752 2000 878 2040 incolis
899 2002 1007 2040 etiam
1027 2000 1201 2050 Zagoria
1207 2002 1370 2039 vocatur.
1426 1998 1525 2037 idem
1550 1998 1663 2036 habet

192 2062 376 2102 Zonaras.
436 2059 567 2098 Gom.

307 2123 334 2156 t.
352 2117 387 2156 11
415 2130 455 2169 Ρ.
489 2115 572 2158 154
599 2115 738 2154 v.10.
797 2109 1216 2165 πρωτομανδοὶτωρος]
1267 2111 1590 2162 magistrianorum
1623 2113 1663 2150 et

192 2186 414 2228 praeconum
439 2172 634 2241 praefecti,
664 2171 711 2209 de
731 2183 805 2220 quo
825 2182 946 2221 supra.
1006 2170 1135 2207 Gom.

308 2229 363 2268 ib.
395 2243 430 2268 v.
464 2229 530 2272 14.
577 2224 706 2279 ’Ἁμερ
735 2227 925 2278 proprium
940 2239 1113 2294 unomen,
1150 2219 1326 2277 Ἀμηρας
1355 2223 1584 2264 saracenicae
1607 2223 1663 2261 di-

194 2289 364 2355 guitatis,
392 2287 432 2325 id
453 2290 512 2326 est
532 2286 655 2324 ducis:
692 2280 978 2336 ἆμερμουμνῆς
1001 2289 1060 2322 est
1078 2295 1263 2321 sacrorum
1280 2281 1453 2334 principis
1477 2293 1552 2319 non
1575 2293 1666 2333 pro-

192 2346 312 2398 prium
331 2345 399 2384 sed
422 2341 695 2395 appellativum.
753 2341 891 2378 GoAu.

308 2405 334 2441 t.
356 2401 391 2440 ll
417 2414 457 2451 p.
478 2399 556 2441 155
576 2395 698 2439 v.14.
757 2392 968 2462 στρατηγος
985 2409 1192 2447 τυγχανων
1211 2396 1291 2434 τῶν
1311 2393 1572 2449 Θρακησίων]
1605 2393 1666 2431 in·-

193 2458 306 2498 ferior
322 2456 524 2495 scholarum
546 2455 747 2495 domestico
773 2455 847 2492 dux
861 2483 873 2502 ‚
901 2454 964 2504 qui
982 2458 1127 2505 partem
1148 2456 1288 2490 tantum
1310 2451 1488 2491 exercitus
1506 2455 1665 2500 regeret,

194 2515 235 2553 id
253 2517 309 2554 est
329 2513 547 2552 Thracicum
570 2512 706 2550 thema.
764 2511 902 2548 Gonu.

308 2579 336 2610 t.
359 2570 394 2608 11
424 2584 460 2621 p.
483 2569 564 2610 156
589 2581 623 2608 v.
643 2569 684 2607 9.
741 2564 807 2607 τόν
829 2569 930 2620 χοῦν
954 2564 1078 2606 ἐκεῖσε
1098 2562 1311 2615 κατέθετο]
1355 2563 1464 2602 credo
1482 2562 1535 2603 ita
1557 2561 1667 2601 intel-

195 2627 246 2677 lig,
235 2627 407 2675 endum,
437 2626 594 2664 voluisse
611 2624 822 2663 Mannelum
844 2625 892 2663 ibi
913 2623 1226 2686 sepeliri.XY1..

311 2688 337 2721 t
361 2683 390 2721 ll
422 2696 459 2734 p.
481 2682 562 2723 157
585 2694 619 2719 v,
636 2682 676 2723 9.
735 2678 831 2731 μετοέ
860 2678 936 2732 τὴν
963 2695 1045 2720 των
1076 2674 1293 2730 ἆναφόρων
1321 2675 1543 2727 διοίκησιν]
1580 2675 1666 2725 lego

200 2735 451 2790 ἅναφυρωντ
481 2751 578 2788 quae
600 2739 637 2775 in
657 2742 786 2776 senatu
807 2742 872 2775 aut
895 2739 984 2776 alias
1000 2744 1082 2776 acta
1102 2740 1244 2783 essent,
1284 2734 1516 2773 Theoctistus
1540 2732 1574 2770 s
1576 2733 1666 2770 heo

200 2797 314 2836 dorae
335 2801 416 2836 erat
434 2796 667 2834 indicaturus.
726 2794 777 2834 sie
799 2799 838 2835 et
857 2795 1050 2842 Zonaras3
1091 2805 1300 2845 quanquam
1323 2785 1512 2843 οἷναφορα
1534 2790 1666 2829 fortas-
