1890 3236
315 146 410 217 458
782 166 1017 213 cronon
1050 167 1291 212 cuonem

257 290 288 325 c
312 283 452 338 δέματι
470 283 674 324 ποιεῒσθαι
694 277 994 337 παρεγγυήσας,
1030 278 1152 331 αὐτὸς
1173 281 1218 324 δὲ
1239 279 1396 324 ἀπιέναι
1419 279 1576 340 φήσας,
1613 283 1654 328 εἶ’
1673 300 1759 336 πως

310 351 502 405 δυνηθείη
524 348 721 398 λυσιτελές
736 365 773 390 τι
793 347 1098 405 διαπράξασθαι
1121 351 1187 391 καὶ
1207 347 1418 407 σωτήριον,
1441 350 1511 394 τὸν
1529 354 1618 410 περὶ
1635 353 1759 396 αὐτὸν

309 418 483 474 εἰληφὼς
511 416 608 458 λαὸν
631 414 896 473 ὑποστρέφει,
930 417 997 459 καὶ
1019 414 1279 473 περιοδεύσας
1306 418 1352 461 τὸ
1383 419 1485 475 πρὸς
1503 422 1757 479 μεσημβρίαν

308 487 484 540 κείμενον
503 489 574 527 τοῦ
597 485 786 526 Κλειδίου
812 482 1070 539 ὑψηλότατον
1097 484 1213 541 ὅρος,
1258 484 1282 529 ὃ
1303 488 1571 530 Βαλαθίσταν
1590 498 1757 532 κατονο-

308 553 499 608 μάζουσι,
546 553 612 594 καὶ
645 553 931 609 τραχυπορίαις
960 555 1025 595 καὶ
1055 555 1233 604 ἀνοδίαις
1262 553 1535 612 χρησάμενος,
1581 553 1787 606 κθ”το;ῧ’5

303 623 468 664 Ἰουλίου
485 619 634 676 μηνός,
669 618 893 676 ἕπινεμήσει
913 619 982 675 ιβ’,
1016 620 1175 664 ἄνωθεν
1196 623 1386 680 ἐξαίφνης
1408 623 1501 678 μετ’
1522 623 1758 680 ἀλαλαγμοῦ
1796 669 1799 673 ,

308 691 379 741 καὶ,
394 688 545 731 δούπου
566 689 670 731 κατὰ
686 687 814 731 νώτου
835 690 980 745 γίνεται
999 695 1079 732 τῶν
1098 690 1371 748 Βουλγάρων·
1405 691 1443 733 οἱ
1463 691 1506 734 δέ
1522 697 1580 750 τῷ
1594 691 1758 749 ἀπροσ-

308 755 465 814 δοκήτῳ
490 757 805 812 καταπλαγέντες
831 758 1041 813 τρέπονται
1072 758 1174 815 πρὸς
1199 758 1345 816 φυγήν.
1411 761 1480 802 καὶ
1514 757 1536 802 ὅ
1567 759 1759 813 βασιλεὺς

306 826 492 879 μονωθὲν
521 823 742 881 διαρρήξας
767 825 812 868 τὸ
839 831 965 880 τεῖχος
997 827 1170 869 ἐδίωκεν.
1237 825 1377 870 ἔπεσον
1397 822 1466 870 οὖν
1490 829 1656 879 πολλοί,
1688 829 1756 870 καὶ

306 897 444 951 πολλῷ
469 894 628 943 πλείους
651 891 847 945 ἑάλωσαν,
880 891 997 947 μόλις
1022 898 1096 937 τοῦ
1116 895 1312 950 Σαμουὴλ
1335 897 1542 952 διαφυγεῖν
1558 896 1812 951 &magr-w

306 979 376 1011 τος
394 961 464 1004 τὸν
485 962 665 1004 κίνδυνον
688 962 874 1021 συνεργία
904 966 976 1004 τοῦ
1005 963 1110 1005 ῗδίου
1136 963 1229 1005 υἱοῦ
1249 964 1435 1019 γενναίως
1458 962 1555 1014 τοὺς
1573 962 1757 1015 ἐπιόντας

303 1027 601 1083 ὑποδεξαμένων
609 1061 624 1082 ,
668 1031 734 1071 καὶ
749 1032 859 1088 ἵππῳ
878 1034 1018 1073 τοῦτον
1037 1028 1346 1085 ἔπιβιβάσαντος
1365 1033 1433 1073 καὶ
1451 1034 1507 1082 εἷς
1525 1031 1570 1075 τὸ
1590 1029 1755 1089 λεγόμε-

253 1106 286 1140 D
310 1114 378 1140 νον
394 1099 608 1154 Πρίλαπον
628 1097 674 1140 τὸ
697 1097 891 1155 φρούριον
907 1097 1195 1155 ἀπαγαγόντος.
1263 1097 1284 1143 ὃ
1306 1101 1349 1142 δὲ
1362 1099 1555 1153 βασιλεὺς
1572 1100 1667 1151 τοὺς
1683 1098 1755 1142 ἕα-

302 1165 482 1216 7.ωκότας
503 1170 583 1208 τῶν
601 1165 849 1222 Βουλγάρων
867 1165 972 1224 ἀμφὶ
993 1166 1069 1217 τὰς
1087 1165 1146 1219 ιε’,
1188 1165 1244 1217 ὥς
1261 1183 1400 1224 φασιν,
1433 1166 1553 1219 ὄντας
1565 1165 1756 1223 χιλιάδας

301 1233 584 1291 ἀπετύφλωσε,
630 1235 697 1276 καὶ
735 1233 906 1289 ἑκάστην
947 1231 1194 1278 ἕκατοντάδα
1224 1236 1518 1292 πεπηρωμέναιν
1549 1233 1630 1293 ὑφ’
1665 1233 1808 1287 {rag-15

298 1300 601 1359 μονοφθάλμου
627 1300 864 1358 ὃδηγεΐσθαι
894 1301 1083 1354 κελεύσας
1116 1305 1172 1354 εἷς
1200 1302 1271 1346 τὸν
1295 1303 1753 1359 Σαμουὴλ-ἀποπέμπει.

299 1370 371 1419 οὓς
392 1372 537 1420 ἐκεῖνος
557 1370 874 1427 ἀφικνουμένους
892 1371 986 1413 κατ’
1012 1372 1193 1428 ἀριθμὸν
1213 1373 1282 1414 καὶ
1304 1370 1417 1423 τάξιν
1433 1370 1651 1426 θεώμενος,
1684 1373 1758 1416 καὶ·

298 1437 344 1480 τὸ
371 1437 508 1488 πάθος
536 1439 608 1479 οὐκ
641 1439 806 1494 ἐνεγκὼν
835 1445 1024 1489 νεανικῶς
1052 1442 1118 1482 καὶ
1150 1438 1340 1495 εὐψύχως
1348 1472 1362 1492 ,
1410 1442 1656 1500 λειποθυμίᾳ
1685 1442 1753 1483 καὶ

297 1504 428 1563 σκότῳ
445 1505 638 1559 βάλλεται
657 1508 723 1548 καὶ
747 1510 802 1556 εἷς
821 1511 897 1562 γῆν
914 1509 1065 1550 πίπτει·
1093 1506 1213 1551 ὕδατι
1234 1509 1279 1550 δὲ
1295 1510 1361 1550 καὶ
1378 1507 1523 1566 μύροις
1539 1508 1578 1550 οἳ
1599 1506 1752 1564 παρόν-

296 1591 362 1624 τες
383 1575 456 1629 τὴν
481 1574 604 1629 πνοὴν
623 1575 748 1616 αὐτοῦ
770 1574 1108 1629 ἀνακαλεσάμενοι
1131 1576 1347 1631 ἀνενεγκεῖν
1372 1575 1516 1634 μικρὸν
1531 1575 1808 1631 πεποιήκοι-20

299 1660 375 1685 σιν.
445 1641 659 1698 ἀνενεγκών
684 1643 727 1684 δὲ
746 1641 857 1700 ὕδωρ
881 1649 981 1685 πιεῖν
1000 1642 1211 1698 ἐπεζήτησε
1229 1642 1404 1701 ψυχρόν.
1469 1644 1609 1698 λαβὼν
1623 1645 1750 1687 δὲκαὶ

297 1710 399 1752 πιὼν
418 1709 580 1767 ἐλήφθη
599 1712 835 1768 καρδιαγμῷ
844 1743 857 1762 ,
886 1713 952 1753 καὶ
973 1711 1077 1766 μετὰ
1098 1711 1170 1754 δύο
1192 1710 1345 1769 ἡμέρας
1366 1710 1547 1766 θνήσκει.
1615 1729 1751 1770 παρα-

299 1777 496 1832 λαμβάνει
528 1780 572 1820 δὲ
603 1778 675 1833 τὴν
695 1777 943 1835 Βουλγάρων
965 1779 1093 1835 ἀρχὴν
1121 1779 1141 1822 ὅ
1168 1780 1255 1830 υἱὸς
1280 1781 1404 1823 αὐτοῦ
1426 1779 1612 1838 Γαβριὴλ
1636 1778 1658 1822 ὃ
1682 1782 1751 1822 καὶ

293 1844 526 1900 Ἱῖυμανός,
562 1845 676 1903 ῥώμῃ
707 1847 780 1900 μὲν
808 1850 874 1888 καὶ
908 1847 1019 1902 ἴσχύϊ
1038 1852 1110 1891 τοῦ
1131 1848 1283 1905 πατρὸς
1303 1847 1523 1903 ὑπερέχων,
1559 1846 1751 1905 φρονήσει

299 1915 343 1956 δὲ
365 1917 430 1957 καὶ
458 1916 616 1973 διανοίᾳ
637 1919 773 1973 πολλῷ
792 1914 1043 1970 λειπόμενος,
1077 1918 1233 1971 τεχθεὶς
1252 1921 1310 1977 τῷ
1328 1916 1523 1972 Σαμουὴλ
1544 1914 1623 1958 ἀπό
1644 1926 1803 1967 τινος25

386 2010 409 2044 4
433 2009 654 2055 βαλασίτζαν
677 2009 708 2043 C
844 2010 867 2045 5
889 2010 1130 2056 ταχυπορίαις
1153 2011 1181 2046 P

295 2100 438 2134 remque
461 2089 618 2124 daturum
640 2094 680 2124 ut
702 2089 854 2125 salutare
876 2090 1007 2136 aliquid
1034 2090 1207 2126 conficiat.
1251 2089 1318 2124 hoc
1340 2090 1442 2125 modo
1473 2100 1514 2124 re
1546 2090 1748 2136 composite,

295 2148 369 2169 cum
396 2136 467 2169 suis
492 2141 639 2173 montem
664 2137 708 2170 ad
731 2136 908 2170 meridiem
932 2136 1091 2171 claustris
1126 2137 1170 2171 iis
1205 2136 1376 2170 obiectum
1408 2135 1654 2180 celsissimum,
1692 2136 1748 2170 cui

293 2181 508 2217 Balathistae
531 2193 666 2226 nomen,
693 2182 825 2227 magnis
849 2182 1031 2216 itineribus
1055 2183 1197 2224 circuit;
1234 2187 1270 2216 et
1290 2182 1335 2217 29
1357 2181 1415 2215 die
1437 2181 1536 2226 Iulii,
1556 2181 1749 2216 indictione

295 2228 350 2269 12,
385 2229 430 2262 de
452 2228 633 2273 superiore
655 2229 732 2261 loco
761 2228 875 2262 subito
898 2228 1033 2272 ingenti
1056 2240 1131 2263 cum
1154 2228 1302 2273 strepitu
1326 2227 1494 2271 Bulgaros
1518 2239 1539 2261 a
1561 2232 1660 2271 tergo
1684 2229 1748 2262 ad-

294 2273 419 2308 oritur.
466 2274 527 2319 qui
551 2285 626 2307 cum
645 2285 683 2307 re
703 2273 881 2318 insperata
903 2274 1082 2319 perterriti
1101 2274 1275 2317 fugerent,
1296 2273 1486 2318 imperator
1505 2272 1747 2307 defensoribus

293 2330 440 2353 vacuum
461 2324 595 2364 septum
620 2319 728 2353 diruit
750 2331 791 2353 ac
812 2319 986 2364 fugientes
1010 2320 1216 2364 insequitur.
1250 2318 1345 2352 multi
1367 2323 1438 2352 tum
1460 2318 1604 2363 Bnlgari
1627 2318 1747 2363 occisi,

293 2365 400 2398 multo
423 2364 539 2410 plures
563 2365 669 2410 capti.
717 2365 794 2411 ipse
826 2365 1006 2400 samuelus
1036 2377 1141 2410 aegre
1172 2365 1287 2399 evasit
1314 2363 1378 2397 filii
1411 2376 1537 2410 opera,
1573 2364 1747 2398 irruentes

292 2410 435 2444 sortiter
456 2410 646 2456 repellente
667 2417 869 2456 patremque
892 2422 981 2455 equo
1007 2412 1203 2456 impositum
1224 2411 1260 2444 in
1285 2410 1461 2444 castellum
1483 2409 1659 2455 Prilapnm
1682 2411 1745 2443 ab·

294 2456 454 2490 «lucente.
502 2457 651 2502 captivis
675 2456 847 2501 Bul‘garis,
873 2458 933 2501 qui
957 2457 1066 2491 fuisse
1089 2458 1134 2492 ad
1160 2456 1202 2491 15
1225 2455 1318 2490 milia
1339 2456 1518 2499 feruntur,
1542 2455 1659 2489 oculos
1679 2455 1745 2488 im—

294 2506 436 2545 perator
458 2503 562 2547 eruit,
586 2503 801 2547 singulisque
825 2503 991 2537 centuriis
1015 2503 1193 2537 unoculum
1219 2501 1390 2546 praeficit,
1414 2507 1519 2545 atque
1543 2500 1597 2534 his
1621 2501 1744 2534 ducto-

293 2545 391 2579 ribus
415 2559 474 2582 eos
498 2549 540 2582 ad
565 2548 759 2582 Samuelnm
783 2549 899 2583 mittit.
933 2560 1019 2593 quos
1040 2548 1218 2582 samuelus
1241 2546 1309 2581 isto
1333 2557 1474 2580 numero
1496 2550 1601 2590 atque
1623 2545 1744 2580 ordine

295 2592 418 2625 venire
452 2593 575 2628 videns
607 2594 711 2628 animi
741 2595 785 2628 ad
820 2594 1046 2629 calamitatem
1070 2606 1143 2628 earn
1167 2592 1308 2626 fortiter
1328 2592 1506 2626 ferendam
1528 2603 1596 2625 non
1623 2591 1746 2625 habuit

295 2637 402 2679 satis,
440 2640 501 2673 sed
534 2641 658 2674 oborta
689 2640 864 2684 vertigine
886 2641 1098 2674 exanimatus
1122 2639 1158 2672 in
1179 2644 1307 2672 terram
1331 2638 1472 2671 corruit.
1519 2648 1610 2682 aqua
1631 2641 1744 2671 autern

295 2688 334 2716 ot
355 2686 538 2727 unguentis
563 2696 583 2719 a
605 2687 847 2730 praesentibus
871 2690 1044 2731 utcunque
1065 2690 1264 2726 recreatus,
1298 2694 1373 2717 cum
1396 2694 1475 2716 sese
1497 2682 1743 2726 aliquantulum

294 2729 509 2775 collegisset,
539 2731 689 2775 frigidae
712 2732 868 2766 haustum
891 2731 1020 2776 petiit3
1051 2742 1195 2775 cumque
1215 2729 1381 2772 bibisset,
1405 2727 1602 2772 cardiagmo
1626 2739 1743 2762 corro—

295 2780 374 2819 1-tus
406 2775 511 2810 biduo
545 2782 626 2821 post
649 2777 748 2811 obiit.
795 2777 964 2811 successit
990 2777 1024 2811 ei
1047 2777 1139 2810 filius
1163 2775 1374 2818 Gabrielus‚
1411 2774 1471 2818 qui
1503 2780 1540 2808 et
1568 2774 1742 2807 Romanus

293 2820 492 2866 dicebatur,
530 2828 630 2867 patre
652 2823 828 2858 robustior
850 2823 920 2868 ille,
953 2824 1014 2858 sed
1038 2820 1223 2869 prudentia
1245 2820 1346 2866 longe
1368 2819 1526 2864 inferior,
1561 2823 1662 2861 natus
1683 2827 1742 2852 ca-
