1890 3236
285 181 385 228 218
756 177 998 224 GEORGII
1032 178 1277 224 CEDRENI

284 292 592 352 στρατοπεδείαν
609 290 762 348 ὀχυρὰν
780 287 1121 349 προστησάμενος.
1166 289 1212 334 ὃν
1233 288 1551 348 κατανοήσαντες
1564 293 1737 356 οἳ-Ίῖαρ-

283 371 366 414 σεῖς
396 365 554 417 ἀμελῶς
580 361 828 414 διακείμενον
856 360 1099 403 ἐπιτίθενται
1120 358 1250 419 τούτῳ
1270 361 1412 412 νυκτὸς
1437 363 1738 421 στρατηγήματι

278 430 527 487 χρησάμενοι
544 427 727 486 τοιούτῳ.
796 428 1123 486 ὄλιγανδροῢντες
1138 428 1215 486 γὰρ
1236 429 1274 472 οἳ
1292 433 1465 473 τοιοῦτοι
1482 433 1526 474 ἐκ
1546 434 1738 492 τῆς-πρὸς

275 499 465 554 Ἀνδρέαν
487 496 610 552 ἥττης
633 498 702 557 καὶ
727 496 786 552 μὴ
818 495 928 548 ὄντες
949 495 1162 552 ἀξιόμαχοι
1193 497 1295 555 πρὸς
1320 496 1560 555 παράταξιν,
1591 503 1740 553 ἵππους

282 564 571 623 συναγαγόντες
599 565 771 619 συχνοὺς
801 567 867 608 καὶ
893 564 1052 623 βύρσας
1080 566 1205 624 ξηρὰς
1230 563 1452 622 ἐξάψαντες
1470 568 1550 611 ἀπὸ
1571 574 1653 612 τῶν
1668 569 1771 616 ἔπι-6

283 636 404 678 πείων
434 634 588 691 οὗρῶν,
635 632 715 692 ὑφ’
749 632 793 676 ἓν
825 634 1088 692 παράγγελμα
1118 635 1223 678 κατὰ
1254 635 1386 678 πολλὰ
1415 641 1491 680 τοῦ
1515 635 1764 692 Ῥωμαῖιωῦ·

283 703 560 760 στρατοπέδου
581 703 777 760 ἐπαφιᾶσι
794 703 911 760 μέρη,
946 703 1117 746 ὄπισθεν
1147 704 1191 746 δὲ
1219 704 1333 746 αὐτοὶ
1359 711 1448 756 ταῖς
1465 703 1653 762 σάλπιγξι
1672 707 1740 749 καὶ

284 779 370 823 τοῖς
390 770 612 826 τυμπάνοις
637 770 972 826 ἐπιδουπήσαντες
999 773 1123 826 μέσον
1149 777 1223 815 τοῦ
1248 771 1432 830 χάρακος
1461 780 1633 830 γυμνοῖς
1658 780 1743 825 τοῖς

286 843 441 898 ’ξίφεσιν
460 838 738 895 εἲσεπήδησαν.
781 845 962 898 ταραχῆς
981 836 1051 884 οὖν
1070 839 1352 896 συμπεσούσης
1367 846 1426 900 τῷ
1442 846 1522 885 τῶν
1534 840 1743 897 Ῥωμαίων

233 918 264 952 C
287 908 582 966 στρατεύματι,
617 910 684 951 καὶ
715 910 840 968 δειλίᾳ
868 910 1228 967 συνταραχθέντων
1258 908 1362 964 ὃμοῦ
1385 911 1453 953 καὶ
1482 915 1564 954 τῶν
1584 911 1742 968 ἀνδρῶν
1752 919 1799 957 10

286 980 354 1021 καὶ
379 982 460 1021 τῶν
475 980 610 1019 ἵππων
631 978 699 1019 καὶ
721 975 909 1032 ἀλλήλοις
927 976 1256 1036 περιπιπτόντων,
1293 978 1440 1034 συνέβη
1465 979 1561 1030 τοὺς
1578 977 1744 1036 βαρβά-

289 1063 387 1103 ρους
417 1047 713 1102 κρατῆσαιψκαὶ
744 1044 869 1103 φόνον
901 1045 1065 1104 ἄπειρον
1096 1044 1406 1104 ἀπεργάσασθαι
1426 1051 1507 1091 τῶν
1520 1045 1744 1103 Ῥωμαίων,

288 1119 369 1158 τῶν
400 1116 594 1157 πλείστων
623 1116 823 1165 δυσκλεῶς
851 1116 1194 1170 συμπατουμένων
1219 1118 1287 1158 καὶ
1312 1116 1640 1172 συμπνιγομένων
1663 1114 1741 1174 ὕφ’

289 1182 455 1226 ἑαυτῶν.
490 1181 595 1225 οὕτω
617 1184 661 1225 δὲ
680 1182 922 1239 παραδόξως
938 1182 1208 1242 κρατήσαντες
1225 1184 1263 1226 οἱ
1278 1188 1453 1241 Ταρσεῖς
1473 1186 1540 1228 καὶ
1557 1185 1632 1240 τὴν
1642 1182 1743 1228 Ῥω-

288 1253 438 1307 μαϊκὴν
460 1251 574 1306 ἰσχὺν
590 1250 896 1306 κατακόψαντες
913 1257 1180 1310 βαρβαρικοῖς
1201 1252 1450 1309 ἀλαλαγμοῖς
1469 1251 1708 1306 ἐπαιάνιζον.
1757 1261 1801 1298 15

426 1322 510 1362 Καὶ
534 1320 586 1362 τὰ
605 1321 678 1374 μὲν
699 1321 800 1376 πρὸς
825 1322 1038 1375 ἀνίσχοντα
1061 1320 1174 1376 ἥλιον
1199 1319 1326 1372 οὕτως
1345 1320 1446 1375 εἶχε,
1491 1321 1544 1364 τὰ
1573 1322 1618 1364 δὲ
1646 1321 1749 1378 πρὸς

289 1388 459 1445 ἑσπέραν
478 1388 610 1431 ἄπεισι
633 1389 754 1439 λέξων
772 1387 793 1431 ὃ
818 1388 947 1445 λόγος.
1001 1391 1068 1432 καὶ
1088 1388 1242 1432 τούτων
1263 1389 1356 1446 γάρ,
1392 1388 1542 1444 ὁμοίως
1557 1397 1641 1440 τοῖς
1661 1393 1748 1432 λοι-

289 1464 402 1509 ποΐς,
436 1458 499 1499 ἐπὶ
522 1458 641 1500 πλέον
665 1458 948 1512 ἀμεληθέντων
969 1458 1032 1500 ἐπὶ
1053 1462 1126 1513 τῆς
1142 1459 1349 1512 βασιλείας
1364 1463 1436 1500 τοῧ
1458 1457 1646 1514 Μιχαήλ,
1679 1459 1748 1501 καὶ

238 1539 269 1573 D
294 1524 426 1580 πάσης
444 1525 587 1580 σχεδὸν
606 1525 680 1581 ὅση
704 1531 752 1583 τῇ
768 1528 954 1587 βασιλεία
966 1525 1175 1580 Ῥωμαίων
1193 1524 1327 1580 ἀνήκει
1343 1525 1538 1578 Ἰταλίας,
1582 1529 1650 1570 καὶ
1667 1530 1748 1570 τῶν

290 1595 486 1637 πλείστων
507 1599 579 1649 τῆς
595 1596 779 1646 Σικελίας
797 1593 875 1638 ὕπὸ
895 1600 968 1651 τῆς
985 1600 1065 1638 τῶν
1083 1596 1372 1651 Καρχηδονίων
1392 1593 1600 1650 δυνάμεως
1621 1603 1804 1638 κατα-20

290 1665 588 1717 πολεμηθείσης
607 1665 675 1704 καὶ
694 1662 907 1721 ὖποφόρου
926 1671 1009 1714 τοΐς
1028 1662 1257 1721 βαρβάροις
1275 1664 1508 1719 γενομένης,
1543 1663 1600 1706 ἔτι
1619 1665 1664 1707 δὲ
1681 1665 1750 1706 καὶ

290 1737 370 1775 τῶν
399 1734 439 1774 ἐν
457 1732 665 1792 Παννονιά
687 1734 754 1774 καὶ
775 1733 996 1792 Δαλμιατι’ᾳ
1028 1735 1095 1775 καὶ
1122 1737 1203 1775 τῶν
1232 1732 1408 1775 ἐπέκεινα
1428 1731 1580 1776 τούτων
1601 1734 1752 1775 διακει-

290 1801 420 1854 μένων
446 1803 635 1853 Σκυθῶν,
682 1800 925 1858 Χρωβάτων
958 1803 1063 1859 φημὶ
1097 1803 1167 1844 καὶ
1199 1801 1366 1859 Σέρβων
1398 1802 1466 1844 καὶ
1500 1800 1751 1856 Ζαχλούβων

383 1919 407 1954 3
429 1916 502 1963 γὰρ
527 1918 563 1953 οὶ
586 1919 752 1953 τοιοῦτοι
774 1932 828 1955 om
852 1921 882 1956 C
999 1922 1043 1956 21
1063 1917 1300 1965 γεγενημένης
1322 1920 1354 1955 C
1462 1921 1510 1956 22
1531 1918 1695 1955 Παιονία
1719 1921 1750 1954 G

382 1966 429 2000 23
454 1963 676 2010 χωροβάτων
700 1966 730 2000 C

293 2070 388 2103 fossa
412 2067 497 2102 satis
521 2079 563 2102 ea
586 2079 698 2112 neque
719 2067 874 2103 excubiis
894 2068 1063 2102 muniens.
1098 2068 1195 2103 cuius
1216 2068 1384 2103 incuriam
1408 2078 1484 2102 cum
1507 2067 1754 2102 observassent

295 2115 512 2157 Tarsenses,
546 2126 609 2159 per
633 2120 765 2148 noctem
790 2126 865 2148 eum
888 2114 1110 2157 adoriuntur,
1135 2115 1199 2149 tali
1221 2119 1411 2150 commento
1435 2113 1503 2155 usi.
1550 2113 1634 2158 quia
1651 2125 1752 2148 ncce-

294 2166 357 2205 pta
391 2161 434 2194 ab
456 2161 595 2194 Andrea
623 2160 720 2194 clade
754 2162 798 2194 ad
831 2160 989 2204 exiguum
1018 2160 1150 2194 redacti
1172 2162 1347 2195 numerum
1370 2171 1507 2205 pugnae
1529 2159 1754 2194 sustinendae

295 2218 398 2251 pares
423 2217 491 2239 non
517 2211 636 2248 erant,
672 2206 785 2240 multis
819 2206 998 2241 conductis
1029 2207 1127 2251 equis
1161 2207 1203 2240 ab
1237 2218 1355 2240 eorum
1391 2205 1511 2239 caudis
1541 2205 1636 2239 sicca
1658 2205 1754 2240 coria

295 2252 523 2296 suspendunt,
547 2252 716 2297 simulque
735 2264 794 2286 eos
819 2253 864 2286 ad
887 2252 1003 2286 varias
1026 2258 1216 2286 castrorum
1241 2254 1472 2286 Romanorum
1495 2256 1613 2295 partes
1636 2251 1753 2285 dimit·-

295 2303 394 2331 tuntz
429 2297 499 2343 ipsi
533 2310 554 2331 a
576 2303 675 2342 tergo
700 2310 839 2342 eorum,
874 2298 966 2332 tubis
991 2310 1032 2331 ac
1053 2298 1227 2342 tympanis
1250 2298 1400 2331 sonitum
1423 2298 1587 2340 edentes,
1620 2297 1754 2332 strictis

296 2355 372 2377 cum
396 2343 519 2386 gladiis
543 2343 580 2377 in
604 2343 716 2377 media
736 2349 851 2378 castra
872 2343 1040 2378 insiliunt..
1089 2351 1164 2378 orta
1187 2344 1334 2388 proinde
1357 2344 1394 2377 in
1417 2343 1574 2377 exercitu
1598 2343 1755 2377 Romano

297 2388 551 2433 trepidatione,
577 2395 612 2423 et
635 2401 697 2435 per
718 2389 896 2423 tumult-um
921 2390 1007 2423 viris
1032 2390 1199 2434 equisque
1221 2390 1258 2423 in
1282 2402 1321 2424 se
1345 2390 1488 2423 confuse
1510 2388 1754 2430 incidentibus,

296 2437 426 2468 sactum
452 2441 504 2468 est
529 2441 566 2469 ut
588 2436 729 2469 barbari
749 2436 932 2469 vincerent
953 2436 1220 2480 immensamque
1234 2437 1462 2470 Romanorum
1487 2434 1626 2468 caedem
1650 2445 1754 2479 pera-

296 2486 430 2523 gerent,
452 2480 627 2525 plerisque
652 2493 671 2514 a
693 2481 766 2515 suis
789 2481 938 2525 inglorie
961 2482 1100 2515 obtritis
1123 2489 1228 2527 atque
1249 2480 1440 2515 suffocatis.
1473 2480 1668 2514 Tarsenses
1690 2479 1755 2514 bac

296 2526 478 2570 inopinata
499 2526 602 2570 potiti
627 2526 796 2570 victoria,
821 2533 857 2561 et
877 2527 1016 2561 conciso
1040 2528 1195 2562 Romano
1218 2527 1386 2570 exercitu,
1409 2525 1593 2560 barbarica
1615 2524 1754 2559 concla-

298 2571 450 2605 matione
474 2578 509 2605 et
531 2572 680 2616 strepitu
704 2585 870 2617 paeanem
888 2573 1103 2608 cecinerunt.

388 2617 458 2651 Hic
490 2623 559 2651 tum
591 2624 703 2652 status
736 2631 851 2653 rerum
883 2619 919 2652 in
951 2619 1099 2653 Oriente
1121 2618 1202 2652 fuit.
1249 2629 1339 2652 nunc
1361 2616 1476 2651 resin
1501 2614 1695 2651 Occidente
1717 2620 1756 2650 ut

296 2662 494 2706 habuerint,
518 2675 742 2707 exponemus.
790 2676 865 2698 cum
889 2665 950 2699 has
972 2676 1130 2709 quoque,
1156 2664 1298 2709 perinde
1320 2675 1362 2697 ac
1384 2666 1501 2696 cetera
1525 2661 1660 2705 omnia,
1684 2661 1757 2696 Mi-

298 2708 438 2742 cliaelus
462 2708 650 2754 imperator
674 2709 903 2754 neglexisset,
939 2711 1048 2744 omnis
1073 2722 1182 2755 prope
1205 2721 1295 2754 quae
1318 2709 1362 2743 ad
1385 2709 1574 2742 Romanum
1602 2708 1756 2751 pertine-

300 2756 363 2788 bat
384 2754 563 2798 imperium
587 2755 692 2788 Italia
721 2761 758 2789 et
779 2756 965 2800 pleraeque
989 2756 1131 2790 Siciliae
1156 2762 1273 2800 partes
1295 2766 1315 2787 a
1338 2753 1670 2798 Carthaginensibus
1694 2754 1757 2787 de-

300 2800 448 2834 bellatae
473 2805 508 2833 et
530 2799 737 2834 tributariae
760 2802 921 2835 barbaris
947 2803 1060 2835 factae
1083 2807 1195 2835 erant.
1254 2800 1296 2834 ad
1318 2800 1407 2834 haec
1429 2799 1606 2842 Scythae,
1640 2798 1698 2844 qui
1720 2798 1757 2832 in

301 2845 479 2880 Pannonia
501 2845 676 2880 Dalmatia
700 2846 991 2892 ulterioribusque
1013 2847 1189 2892 degebant
1211 2845 1435 2891 regionibus,
1470 2845 1672 2880 Chrobatae
1703 2843 1758 2877 in-
