1890 3236
307 194 404 240 350
631 228 637 238 ς
780 190 1016 235 GEORGII
1051 190 1293 234 CEDRENI

305 325 383 358 τας.
404 305 506 350 κατὰ
533 305 662 348 πολλὰ
687 303 789 361 με’ρη
817 307 888 358 τῆς
916 301 1067 354 πόλεως
1093 303 1386 363 πέπομφενηεῖς
1411 304 1754 358 wisc-cimex&

306 371 648 431 ἀντιπραττόντων
678 371 801 429 αὐτῷ.
868 373 934 414 καὶ
954 371 1033 414 ἀπὸ
1055 370 1216 429 πρώτης
1235 371 1345 430 ὥρας
1360 375 1432 428 τῆς
1448 373 1755 432 δευτέραξιῆμέ-

306 460 382 500 ρας
406 442 546 498 μέχρις
571 441 686 495 ἕκτης
712 439 989 496 κατέστρεψαν
1028 442 1096 482 καὶ
1135 439 1384 498 ἓξηδάφισαν
1415 443 1756 494 οἰκίαςπλείηας

303 515 383 553 τῶν
413 513 607 560 πολιτῶν,
642 503 697 551 ὧν
723 508 991 565 ἓπισημοτέρα
1017 503 1066 563 ἦν
1096 506 1122 564 ἡ
1152 513 1224 551 τοῦ
1248 507 1420 566 Ἰωσήφ·
1456 509 1503 552 οὗ
1530 509 1757 568 γὰρκερὄον

303 582 385 621 τῶν
408 578 646 631 ἀντιβαίνειν
665 574 889 619 δοκούντων
911 578 1101 635 ἐμφανῶν
1118 579 1186 619 καὶ
1205 577 1615 635 πολιτικῶν-ἀνδρῶν,
1651 577 1792 634 fflfi
1849 608 1851 610 ·

305 648 372 688 καὶ
402 649 560 688 πολλῶν
587 644 727 689 ἄλλων,
749 645 1050 703 εὐτελεστέρων,
1087 640 1142 688 ὧν
1171 646 1243 688 οὐκ
1275 641 1573 702 ἀριθμητὸνῆν
1590 645 1639 690 τὸ
1657 649 1777 702 1525}-

305 719 407 766 θος,
435 711 771 771 κατεστράφησαν
797 714 939 756 οἰκίαι·
974 709 1007 772 ᾧ
1030 712 1107 770 γάρ
1131 731 1226 757 ποτε
1249 714 1439 771 διαφορὰ
1448 713 1552 768 μετά
1570 718 1679 766 τινος
1694 709 1763 770 ἦν,

307 787 467 838 πλῆθος
490 780 672 824 ἀτάκτων
692 782 793 836 μεθ’
817 781 1223 839 ἓαυτοῦ,ἒπαγό,ιιενυς
1240 782 1412 837 μηδενὸς
1426 781 1652 834 κωλύοντος
1666 786 1771 827 τοίί->

261 858 292 891 C
315 868 384 894 τον
423 850 603 908 ἠφάνιζε.
672 852 812 893 πολλοὶ
843 850 885 893 δ’
921 852 962 893 ἒν
995 855 1045 908 τῇ
1075 850 1241 908 τοιαύτῃ
1275 851 1420 911 ἀταξία
1451 853 1519 893 καὶ
1538 850 1768 909 ριἰίνθραηεοι

314 918 605 977 ἐφονεύθησαν.
673 922 802 962 ταῦτα
835 919 878 962 δὲ
907 924 1112 970 ποιοῦντες
1134 920 1176 962 ἐν
1196 925 1285 970 ταῖς
1305 920 1510 970 πλατείαις
1525 924 1599 975 τῆς
1613 918 1771 970 πόλεως’
1780 927 1824 964 10

315 988 537 1045 λεωφόροις
575 986 616 1030 ἕν
655 1003 697 1029 τε
728 993 818 1037 ταῖς
847 987 1012 1045 ἀγοραῖς
1042 987 1083 1030 ἕν
1111 1005 1153 1030 τε
1180 995 1263 1038 τοῖς
1289 995 1502 1038 στενωποῖς
1529 986 1768 1046 Νικηφόρον

317 1055 573 1113 ἀνευφήμουν
599 1057 854 1099 Καλλίνικον.
921 1061 1039 1099 τοῦτο
1063 1055 1108 1098 τὸ
1132 1056 1245 1111 ἔργον
1264 1054 1392 1112 ἐξάγει
1410 1057 1484 1110 μὲν
1503 1061 1575 1111 τῆς
1593 1055 1773 1112 μεγάλης

316 1126 527 1179 ἐκκλησίας
557 1122 729 1181 Βάρδαν
757 1124 826 1167 τὸν
856 1124 1011 1180 πατέρα
1037 1129 1110 1171 τοῦ
1142 1128 1290 1177 Φωκιῖ,
1326 1122 1491 1181 φυγάδα
1516 1124 1675 1183 οῗκτρᾷν
1701 1125 1779 1177 καὶ

318 1192 412 1237 ὅσον
430 1194 587 1235 οὐδέπω
606 1192 675 1235 τὸν
695 1193 872 1236 κίνδυνοι
897 1190 1155 1247 ἐκδεχόμενον
1162 1225 1175 1245 ,
1204 1193 1274 1236 τὸν
1301 1194 1345 1235 δὲ
1365 1192 1517 1250 Ἰωσὴφ
1543 1193 1614 1236 τὸν
1637 1209 1772 1249 παρα·

316 1260 587 1316 κοιμώμενον,
622 1261 691 1303 τὸν
722 1260 800 1318 πρὸ
835 1260 979 1304 τούτου
1007 1260 1162 1318 μεγάλα
1188 1265 1380 1320 φυσῶντα
1404 1263 1471 1303 καὶ
1499 1259 1772 1317 ἐπαιρόμενον,
1785 1270 1828 1306 15

319 1333 374 1380 εἷς
404 1330 528 1384 αὐτὴν
561 1327 780 1385 ἀντεισάγει
814 1330 944 1385 ἱκέτην
978 1330 1143 1372 ἐλεεινὸν
1174 1332 1241 1373 καὶ
1273 1329 1502 1387 ἀμφίβολον
1533 1328 1674 1384 ἔχοντα
1702 1329 1776 1384 τὴν

319 1394 463 1441 ἑαυτοῦ
505 1399 718 1453 σωτηρίαν.
788 1398 826 1440 οἳ
863 1399 906 1440 δὲ
944 1401 1032 1456 περὶ
1067 1399 1137 1441 τὸν
1173 1396 1533 1454 παρακοιμώμενον
1563 1399 1776 1441 Βασίλειον

320 1465 495 1524 τριήρεις
524 1464 894 1517 κατασκευάσαντες
925 1469 992 1509 καὶ
1020 1467 1091 1509 τὸν
1116 1466 1326 1521 βασιλικὸν
1354 1464 1560 1523 εἰληφότες
1581 1464 1777 1523 >ὁρόμωνα

270 1544 302 1577 Ι)
323 1535 426 1591 μετὰ
446 1535 595 1585 παντὸς
612 1539 685 1577 τοῦ
705 1533 849 1577 στόλου
872 1539 1128 1592 περαιοῦνται
1151 1537 1192 1578 ἕν
1212 1533 1510 1591 Χρυσουπόλει,
1526 1536 1593 1576 καὶ
1611 1535 1680 1577 τὸν
1697 1537 1778 1576 Νι-

321 1602 501 1660 κηφόρον
526 1604 679 1645 ἐκεῖθεν
703 1602 998 1657 ἀναλαβόμενοι
1020 1602 1184 1659 ἄγουσιν
1208 1605 1263 1653 εἷς
1284 1603 1329 1645 τὸ
1346 1602 1570 1656 Ἓβδομον,
1604 1600 1836 1658 ιιῦτόθενω

322 1689 364 1714 τε
390 1672 508 1714 αὐτοί
524 1688 564 1713 τε
590 1672 657 1713 καὶ
678 1675 757 1721 πᾶς
781 1670 801 1713 ὃ
826 1673 955 1726 δῆμος
976 1676 1047 1726 τῆς
1070 1670 1222 1722 πόλεως
1241 1671 1332 1725 μετ’
1358 1672 1564 1728 εὐφημιῶν
1588 1672 1655 1713 καὶ
1683 1668 1789 1726 κρό--

323 1757 404 1783 των
434 1741 501 1782 καὶ
531 1740 758 1795 σαλπίγγων
789 1741 856 1782 καὶ
887 1739 1106 1794 κυμβάλων
1137 1741 1334 1796 δημοσίας
1362 1740 1573 1795 γενομένης
1605 1736 1782 1798 προόδου

415 1847 438 1881 5
462 1846 659 1886 πολιτικῶν
685 1843 832 1892 ἀνδρῶν
855 1845 918 1881 καὶ
939 1843 1114 1891 ἐμφανῶν
1138 1848 1168 1881 C
1259 1848 1281 1882 6
1303 1840 1352 1891 ἦν
1372 1858 1425 1882 om
1443 1845 1474 1880 C
1564 1847 1588 1882 9
1609 1842 1733 1882 στάσει
1753 1843 1784 1878 C

420 1894 464 1927 12
486 1893 691 1927 καλλίνικον
715 1890 953 1938 ἀνευφήμουν
977 1895 1007 1927 C
1119 1890 1275 1937 μεγάλης
1297 1905 1350 1928 om
1369 1894 1399 1927 C
1516 1891 1560 1927 14
1579 1889 1647 1927 τᾶν
1667 1901 1786 1932 παρα-

419 1937 646 1981 κοιμώμενον
669 1950 722 1972 om
746 1940 776 1973 C
882 1940 924 1973 15
947 1937 1020 1981 πρό
1043 1940 1115 1973 τοῦ
1137 1940 1313 1983 φυσῶντα
1336 1935 1475 1982 μεγάλοι
1497 1938 1527 1971 C
1627 1938 1669 1972 18
1692 1937 1789 1980 εἰλη-

422 1982 535 2027 φότες
579 1983 647 2017 τὸν
694 1982 884 2028 βασιλικὸν
925 1975 1100 2028 δρόῗιωνα
1139 1984 1203 2019 καὶ
1238 1983 1400 2030 τριήρεις
1435 1981 1718 2028 καταρτίσαντες
1758 1982 1788 2016 C

426 2031 467 2064 19
491 2030 649 2073 στρατοῦ
672 2030 702 2064 C
840 2029 1058 2075 χρυσοπόλει
1081 2031 1111 2065 C
1359 2041 1361 2043 ·

331 2121 479 2165 iungens
502 2119 669 2166 famulos,
700 2133 763 2167 per
785 2121 908 2156 multas
939 2121 1033 2156 urbis
1055 2125 1174 2168 partes
1200 2121 1344 2156 dimittit
1364 2121 1400 2155 in
1423 2120 1702 2156 adversariorum
1725 2118 1789 2152 do·

332 2178 419 2201 mos.
459 2166 487 2199 ii
510 2178 531 2200 a
554 2168 665 2211 prima
687 2168 757 2202 diei
780 2169 902 2202 Lunae
925 2168 1012 2202 hora
1034 2179 1144 2213 usque
1169 2168 1213 2202 ad
1236 2172 1365 2202 sextam
1387 2167 1553 2213 plurimas
1575 2165 1704 2200 civium
1725 2165 1790 2198 do-

331 2224 426 2256 mos,
462 2212 622 2257 interque
654 2214 715 2248 has
747 2214 889 2259 Iosephi
920 2213 977 2247 vel
1007 2214 1249 2259 praecipuam,
1286 2213 1358 2247 solo
1381 2215 1631 2259 aequaverunt.
1677 2221 1793 2255 neque

331 2263 464 2292 tantum
487 2257 670 2294 illustrium
694 2264 730 2294 et
753 2259 791 2294 in
813 2271 854 2295 re
876 2259 1012 2305 publica
1035 2260 1248 2294 versantium
1280 2260 1407 2302 aedes,
1442 2270 1560 2293 eorum
1582 2256 1644 2302 qui
1666 2256 1794 2291 adver-

333 2304 404 2338 sari
437 2303 667 2349 videbantur,
702 2306 764 2340 sed
798 2312 834 2340 et
865 2306 1060 2340 tenuiorum
1089 2306 1291 2340 innumerae
1322 2305 1561 2339 diruebantur.
1609 2307 1646 2337 et
1675 2302 1707 2336 si
1736 2301 1793 2336 cui

332 2350 411 2384 olim
439 2349 570 2395 aliquid
595 2362 670 2385 cum
694 2351 801 2386 altero
827 2351 1023 2386 discordiae
1046 2351 1322 2394 intercessisset,
1353 2351 1383 2385 is
1411 2356 1483 2385 tum
1504 2350 1640 2384 turbam
1663 2347 1796 2382 incom-

332 2396 481 2441 positam
506 2408 622 2430 secum
646 2398 788 2432 trahens
811 2398 946 2431 nemine
970 2399 1130 2432 obstante
1154 2408 1229 2431 eum
1253 2397 1433 2442 perdebat.
1482 2395 1647 2439 multique
1670 2394 1707 2428 in
1729 2393 1797 2427 hoc

332 2441 479 2475 tumultu
513 2443 617 2476 etiam
649 2443 804 2477 homines
838 2443 953 2477 necati
988 2448 1081 2477 sunt.
1126 2443 1266 2477 interim
1294 2454 1357 2488 per
1379 2441 1476 2476 urbis
1499 2441 1631 2486 plateas
1654 2440 1733 2474 fora
1756 2449 1799 2472 ac

334 2487 537 2531 angiportus
564 2488 800 2533 Nicephorum
823 2488 1027 2523 Callinicum
1061 2489 1276 2535 (praeclaris
1300 2488 1446 2533 potitum
1469 2485 1653 2530 victoriis)
1687 2483 1798 2519 incla-

334 2534 484 2567 mabant.
531 2544 620 2577 quae
655 2535 734 2568 dum
769 2539 952 2579 geruntur,
988 2534 1124 2569 Bardas
1155 2547 1175 2569 e
1208 2535 1356 2579 templo,
1390 2533 1427 2567 in
1461 2533 1554 2577 quod
1579 2531 1682 2577 paulo
1716 2535 1798 2567 ante

337 2577 482 2622 supplex
505 2580 750 2615 miserabiliter
773 2581 978 2625 confugerat
1002 2586 1038 2614 et
1061 2585 1213 2615 extrema
1236 2580 1304 2614 sibi
1327 2579 1504 2614 imminere
1528 2581 1688 2622 putarat,
1716 2587 1799 2621 pro-

339 2622 409 2664 dit3
444 2629 479 2657 et
502 2625 670 2669 Iosephus
694 2626 816 2661 salutis
840 2638 925 2661 suae
947 2631 1018 2661 tum
1042 2626 1217 2670 incertus,
1248 2626 1306 2670 qui
1333 2625 1431 2659 modo
1456 2624 1507 2657 ita
1529 2623 1651 2657 inflate
1675 2633 1800 2667 super-

339 2668 471 2712 bierat,
509 2669 544 2703 in
570 2671 606 2703 id
630 2672 734 2705 miser
759 2680 863 2717 atque
886 2673 1078 2718 deprecans
1101 2672 1208 2706 subit.
1254 2682 1358 2717 porro
1386 2669 1536 2704 Basilius
1569 2667 1802 2702 cubicularius

342 2714 517 2751 cum,suis
540 2715 699 2751 triremes
723 2718 894 2762 adornat,
928 2724 963 2752 et
992 2718 1217 2763 imperatoria
1242 2717 1345 2751 etiam
1371 2715 1487 2750 celoce
1519 2718 1695 2759 assumpta
1725 2723 1801 2746 curn

342 2764 418 2792 tota
441 2759 551 2794 classe
575 2761 806 2808 chrysopolin
830 2764 1031 2808 traiiciunt,
1068 2769 1105 2798 et
1135 2762 1369 2808 Nicephorum
1393 2762 1475 2795 inde
1503 2761 1547 2794 ad
1570 2759 1800 2800 Hebdomum‚

344 2810 449 2849 atque
483 2806 564 2839 hinc
598 2808 690 2841 omni
716 2808 933 2843 multitudine
963 2811 1095 2844 urbana
1120 2809 1312 2843 deducente
1334 2819 1410 2842 cum
1434 2806 1558 2840 faustis
1583 2803 1800 2839 acclamatio—

346 2849 464 2894 nibus,
499 2851 694 2899 plausibus,
729 2855 822 2888 tubis
853 2866 894 2890 ac
924 2856 1089 2899 cymbalis
1112 2854 1251 2902 publica
1272 2864 1396 2899 pompa
1419 2864 1484 2898 Per
1506 2862 1644 2887 auream
1669 2854 1802 2896 ΡΟΓιωῐι

1860 30 1873 66 «ί

1888 207 1890 210 .
1885 167 1890 186 ,κ
1883 112 1890 147 ..e
