1890 3236
0 688 3 701 ’
0 608 6 642 “¹-
0 432 13 587 v·rmv⁷<
0 324 10 420 v-”er-—n-
0 253 7 306 >v-2-
0 221 4 224 -
11 183 13 185 .

680 175 957 221 GLOSSARI
963 176 1056 221 UM.
1491 174 1592 221 939

248 299 334 342 στρ
345 301 436 340 ατη
447 281 570 338 λάτη
582 302 614 334 ς.
673 285 829 326 Glossae
849 286 995 337 cyrilli·
1026 281 1290 339 στρατηλάτης
1307 288 1496 339 magister
1513 288 1592 324 mi-

133 345 266 384 litum.
325 345 379 383 sic
397 346 507 383 etiam
523 344 634 382 vertit
650 343 808 381 lulianus
826 341 1050 382 Antecessor
1065 342 1220 381 Novella
1241 341 1319 384 125
1339 357 1371 383 c.
1395 345 1433 384 1.
1463 344 1592 382 ·-Con

133 402 253 441 cilium
277 401 508 453 Cpolitanum
537 400 605 438 suh
631 401 788 438 Manna:
823 401 1065 439 Βιταλιανου
1091 395 1356 451 στρατηλάτου
1386 397 1512 440 πολλοὶ
1543 398 1593 440 τά

135 458 216 508 ἔτη.
258 458 466 510 interpres:
503 455 703 495 Vitaliani
719 456 932 493 stratelatis
951 456 1070 493 multi
1088 457 1202 493 anni.
1244 456 1468 494 Glossarium
1483 470 1592 496 manu

134 520 341 554 exaratum·
370 511 662 565 στρατηλάτης,
690 509 863 565 ηγεμών,
892 510 1026 564 ι’ίρχων
1045 514 1225 563 στρατοῦ.
1281 513 1379 551 adde
1406 513 1594 553 Zosimum

135 572 158 610 l.
176 574 204 612 2
225 584 264 624 p.
283 571 386 618 688,
426 570 622 608 Eusebium
641 569 739 607 Hist.
763 569 899 608 Eccles.
921 570 947 610 7
977 569 1057 619 32,
1087 569 1487 610 TheodorumL.ect0r
1507 571 1530 611 l.
1557 574 1592 611 1.

134 627 383 668 Damascius‘
373 639 412 664 m
435 626 628 678 Excerptis
653 625 842 664 photianis
864 639 901 678 p.
918 626 1023 668 572·
1065 623 1160 677 μετά
1180 627 1302 665 ταῦτα
1327 624 1351 667 ό
1374 626 1492 678 μέγας
1522 629 1594 678 τῆς

136 683 189 724 ἕω
208 679 475 751 στρατηλάτης
493 682 753 749 ἐπεχείρησεν.
810 683 850 720 S.
868 682 1118 721 Athanasius
1109 696 1144 720 m
1168 682 1325 750 epistola
1342 684 1390 721 ad
1415 683 1509 721 solit.
1527 685 1593 722 vit.

137 745 312 791 agentes.
351 737 376 779 ὅ
393 736 466 791 μὲν
490 734 754 790 στρατηλάτης
772 734 1042 791 Σεβαστιανὸς
1060 742 1144 787 τοῖς
1163 754 1263 778 κατα
1283 734 1406 779 τόπον
1426 755 1594 793 πραιπο-

138 798 263 844 σίτοις
285 794 354 836 καὶ
374 800 668 862 στρατιωτικαῖς
686 794 893 844 ἐξουσίαις
949 795 1156 834 Dorotheus
1172 796 1288 834 doctr.
1309 796 1376 837 23.

251 849 569 904 στρατοπεὸ’
545 867 715 905 αρχης.
772 852 954 903 Georgius
969 852 1165 902 Logothet.
1187 853 1224 890 in
1244 853 1379 891 Chron.
1394 853 1592 893 Constant.

138 909 390 960 menologium
409 922 458 947 rn.
480 910 616 949 Mam:
654 910 859 961 Παυτίλης
879 905 1172 961 ὀνομαζομένης
1191 911 1361 961 jammis·
1381 922 1596 962 στρατοπε-

138 965 288 1018 δάρχυυ
306 961 427 1013 τινός.
485 970 592 1004 erant
615 973 738 1004 autem
763 968 908 1017 plures,
951 971 988 1004 et
1014 967 1109 1004 inter
1139 979 1203 1004 eos
1223 964 1246 1006 ὁ
1264 964 1397 1019 μέγας.
1454 967 1596 1016 Pachy-

138 1024 289 1062 metius.
331 1021 441 1073 αἴρεῖ
469 1019 513 1062 δὲ
545 1037 614 1061 και
643 1019 709 1061 τὸν
728 1019 969 1074 Συναδηνόν
995 1021 1063 1062 καὶ
1095 1020 1217 1074 μέγαν
1238 1020 1593 1075 στρατοπεδάρχην.

138 1079 222 1119 hinc
242 1074 637 1132 στρατοπεδαρχίαι.
663 1079 880 1117 Theodorus
908 1080 1129 1117 Prodromus
1162 1079 1340 1127 (exstat
1331 1093 1368 1118 in
1397 1081 1444 1118 R.
1467 1081 1597 1118 biblio-

137 1136 288 1185 theca)
279 1149 316 1174 in
332 1135 557 1186 Panegyrico
573 1131 671 1188 πρός
689 1133 760 1176 τόν
781 1131 1051 1190 αυτοκράτορα
1066 1130 1258 1187 Ἰωάννην
1275 1151 1346 1176 τον
1362 1139 1476 1188 Κομι
1479 1133 1595 1188 ηνόνι

137 1191 205 1233 καὶ
231 1188 354 1232 πάλιν
379 1189 503 1244 μάχαι
522 1191 590 1232 καὶ
615 1189 775 1242 στρατὸς
803 1192 872 1232 καὶ
897 1192 1262 1246 στρατοπεδαρχίαι.
1318 1206 1353 1234 v.
1384 1192 1599 1243 Meursfflm,

138 1254 175 1290 et
193 1254 270 1288 not.
289 1251 510 1316 posteriores
534 1250 582 1287 ad
605 1262 641 1300 p.
666 1251 761 1291 656.

253 1301 500 1357 στράτωρ.
557 1306 840 1344 Onomastieon:
880 1311 1025 1342 strator
1056 1300 1291 1358 ἆναβολεύς.
1347 1306 1428 1346 Leo
1455 1307 1596 1346 Tactic.

140 1376 171 1402 c.
192 1360 245 1403 14
265 1359 288 1414 ξ
307 1363 381 1403 81·
424 1361 493 1402 καὶ
522 1359 765 1429 στράτωρος
775 1359 867 1411 ἓνός
897 1361 966 1402 καὶ
995 1363 1225 1414 σπαθαρίου
1253 1359 1355 1410 ἕνός.
1413 1364 1598 1414 Georgius

138 1419 423 1470 Pachymerius:
465 1414 495 1470 ἢ
516 1419 727 1471 μαγείρους
745 1434 771 1470 η
794 1414 1027 1471 στράτωρας.
1085 1419 1350 1470 Theophanes.
1382 1435 1477 1471 μετα
1499 1434 1600 1460 σπα-

139 1477 301 1526 θαρίων
328 1489 452 1515 τινων
479 1474 550 1514 καὶ
575 1473 814 1539 στρατοίρων
841 1474 908 1515 καὶ
939 1475 1080 1527 ἑτέρων
1106 1477 1322 1528 βασιλικων
1350 1472 1599 1531 ἀνθρώπων.

139 1532 296 1584 Papias.
333 1538 535 1578 stratores,
574 1533 848 1582 compositores
866 1531 987 1569 sellae
1005 1533 1150 1583 regiae.
1211 1533 1255 1571 B.
1276 1534 1500 1584 Augustinus
1523 1548 1600 1573 ser-

139 1601 250 1628 mone
270 1588 324 1629 2
313 1601 350 1626 ιη
368 1589 494 1627 novis:
520 1595 648 1626 ternos
669 1595 814 1626 strator
815 1602 854 1626 es
874 1603 966 1626 eurr
966 1588 1055 1627 ihus
1075 1590 1327 1640 imposuerat.
1389 1591 1601 1630 Guntherus

137 1644 306 1697 Ligurini
328 1644 354 1686 1.
370 1645 425 1684 2·

308 1707 454 1739 strator
469 1707 554 1738 erat
573 1701 621 1738 de
633 1700 750 1752 plebe
772 1702 948 1753 quidem,
978 1715 1103 1754 neque
1121 1702 1279 1739 nomine
1295 1701 1468 1739 multum.

309 1757 494 1809 vulgato,
522 1758 711 1796 modica
695 1773 738 1796 ιη
758 1760 898 1796 castris
921 1759 1093 1796 mercede
1114 1773 1196 1796 mer
1197 1758 1299 1795 ebat.

141 1814 227 1853 vide
245 1814 351 1853 Voss.
370 1815 418 1853 de
434 1815 499 1853 vit.
517 1827 625 1855 serm.
646 1817 669 1856 1
699 1819 725 1857 7
747 1829 784 1868 p.
802 1817 870 1866 33,
900 1822 938 1855 et
959 1817 1041 1855 Cui.
1060 1816 1086 1859 l.
1109 1819 1161 1858 12
1183 1816 1275 1854 Cod.
1293 1815 1349 1854 tit.
1366 1812 1435 1862 24,
1456 1819 1494 1855 et
1510 1823 1599 1856 ann.

141 1872 191 1910 ad
207 1870 253 1913 P.
276 1870 406 1911 Warn.
428 1873 454 1912 2
473 1885 504 1909 c.
524 1872 563 1911 9.

256 1923 552 1980 σύγκελλος.
611 1927 801 1966 cedrenus
833 1940 872 1979 p.
899 1927 996 1968 775.
1051 1928 1231 1978 syncellus
1262 1926 1488 1981 patriarchae
1516 1941 1601 1966 suc-

142 1995 266 2024 cessor
288 1985 514 2035 designatus.
569 1985 741 2034 Synodus
758 1984 926 2023 Nicaena
946 1987 993 2025 2:
1036 1984 1257 2051 συγκέλλων
1276 1982 1503 2037 γενομένων
1521 1988 1602 2023 τῶν

143 2040 269 2081 ἐκεῖσε
286 2055 553 2093 πατριαρχων.
610 2045 650 2079 et
671 2046 743 2079 act.
763 2044 812 2082 7·
850 2056 1128 2094 πατριαρχικος
1157 2037 1380 2093 συγκελλος.
1437 2041 1603 2079 Historia

145 2098 303 2147 Georgii
327 2098 494 2135 monachi
521 2099 573 2135 sic
600 2098 827 2135 inscribitur:
860 2099 1060 2150 Γεωργίου
1079 2101 1152 2139 τοῦ
1172 2093 1458 2150 εὕλαβεστάτου
1481 2112 1602 2148 μονα-

145 2157 220 2207 χοῦ
244 2153 312 2193 καὶ
337 2153 524 2218 συγγέλου
556 2152 765 2221 γεγονότος
796 2155 991 2207 Ταρασίου
1023 2170 1092 2194 του
1127 2152 1348 2207 οἱγιωτάτου
1382 2150 1601 2194 ἐπισκόπου

146 2206 612 2257 Κωνσταντινουπόλεως
636 2206 831 2258 σύνταξις.
888 2211 940 2248 ita
959 2212 1077 2249 dictus
1096 2213 1196 2262 'quod
1214 2225 1293 2250 cum
1314 2211 1519 2262 patriarcha
1537 2212 1603 2249 de-

146 2272 253 2320 geret
282 2271 322 2306 et
354 2268 460 2317 quasi
487 2269 525 2304 in
550 2268 679 2306 eadem
706 2267 796 2306 cella
827 2274 1119 2307 commoraretur
1176 2268 1374 2307 Concilium
1399 2267 1605 2305 Chalcedo-

147 2337 264 2363 nense
283 2327 351 2362 act.
375 2324 424 2365 3·
465 2319 585 2363 ου’δὲν
605 2321 648 2363 δὲ
673 2317 789 2374 ἦττον
808 2321 876 2363 καὶ
895 2338 976 2363 των
995 2323 1244 2366 ἕκδοθέντων
1263 2320 1357 2376 παρ’
1382 2322 1481 2374 ἐμοῦ
1504 2339 1614 2387 μαρ->

147 2394 296 2431 τυρων,
326 2378 547 2444 συνκέλλων
567 2376 691 2420 αυτοῦ
711 2377 842 2422 ὅντων
859 2379 928 2420 καὶ
946 2380 1300 2434 παραφερομένων,
1328 2380 1454 2418 nihilo
1472 2381 1606 2417 νηί-ηας

149 2444 187 2474 et
195 2449 273 2487 per
293 2437 515 2474 nominatos
534 2451 562 2474 a
583 2450 644 2474 me
666 2444 794 2482 testes,
830 2437 1022 2488 syncellos
1050 2439 1132 2475 eius
1157 2439 1400 2483 constitutos,
1439 2438 1511 2487 qui
1527 2436 1605 2474 Iza-

149 2500 285 2530 etenus
308 2506 400 2530 cum
422 2495 507 2544 ipso
527 2494 666 2545 degere
685 2501 721 2531 et
738 2507 896 2531 manere
915 2494 1113 2533 videntur.
1174 2509 1211 2534 v.
1229 2496 1317 2533 ibid.
1339 2508 1375 2545 p.
1403 2496 1484 2535 239
1505 2507 1526 2532 e
1545 2494 1605 2535 ed.

148 2551 258 2589 Rom.
278 2550 492 2588 Guilielmus
511 2550 646 2600 Tyrius
670 2553 718 2589 de
740 2551 834 2588 bello
853 2563 957 2589 sacro
978 2551 1002 2589 l.
1025 2553 1074 2592 14
1092 2565 1122 2590 c.
1147 2554 1220 2593 12:
1260 2557 1296 2588 et
1319 2551 1508 2602 quoniam
1531 2551 1605 2586 ite-

148 2619 242 2644 rum
270 2606 436 2643 eundem
456 2607 736 2657 patriarcham
764 2607 967 2657 oportebat
997 2607 1140 2645 habere
1169 2615 1329 2660 praeter
1357 2606 1605 2657 supradictos

149 2662 467 2713 metropolitanos
487 2664 722 2715 familiares
750 2663 1026 2716 szffaganeos
1034 2693 1051 2711 ,
1093 2679 1191 2717 quos
1228 2664 1376 2703 Graeci
1408 2663 1605 2702 cancellos

149 2726 306 2756 vocant.
367 2722 566 2758 emendant
588 2721 624 2759 in
650 2734 716 2759 ora
742 2720 946 2772 syncellos.
1008 2724 1131 2761 nescio
1156 2735 1205 2761 an
1233 2722 1366 2761 rectius
1394 2720 1606 2771 legerentur

149 2775 345 2812 conc-ellos
355 2776 412 2814 vel
426 2777 676 2814 concellanos
689 2783 754 2815 aut
765 2777 1046 2815 concellaneos.
1080 2784 1184 2817 erant
1209 2782 1331 2817 autem
1354 2776 1488 2829 plures,
1511 2790 1604 2828 quo-

148 2845 226 2871 rum
248 2832 386 2884 primus
410 2831 758 2888 πρωτοσύγκελλος
779 2834 982 2877 dicebatur.
1013 2837 1096 2876 vide
1115 2848 1225 2889 supra
1247 2836 1284 2874 in
1306 2846 1350 2874 ea
1373 2834 1546 2874 dictione.
