1916 3210
459 156 855 206 HISTORIARUM
891 155 1282 203 coMPENDIUM.
1498 154 1600 203 617

142 271 302 334 μεγάλα
324 271 500 332 τρόπαια
526 269 733 329 στήσαντα
761 270 831 315 καὶ
861 266 939 315 ἀπ’
972 269 1121 314 ἐκείνου
1150 271 1219 314 καὶ
1240 269 1316 322 ἕως
1333 265 1480 314 τούτου
1500 267 1602 316 Ῥω-

142 345 280 402 μαίοις
298 341 439 387 εἷίνουν
457 339 714 401 φαινόμενον.
779 343 1092 399 παρακαλοῦντα
1108 338 1186 398 γὰρ
1206 341 1273 383 καὶ
1291 338 1413 384 αὗτὸν
1430 341 1499 383 καὶ
1519 339 1602 384 ἷκε-

144 410 314 458 τεῦοντα
345 415 420 467 τῆς
453 414 535 455 τῶν
562 411 797 469 μαγίστρων
822 414 941 465 τιμῆς
967 415 1100 464 τυχεῖν
1133 409 1179 452 οὗ
1212 407 1345 464 μόνον
1369 408 1441 452 οὐκ
1461 409 1606 465 ἠξίωσε

147 479 283 539 λόγου,
325 479 432 524 ἀλλὰ
456 481 525 523 καὶ
549 479 679 523 πολλὰ
707 476 913 535 χλευάσας
944 478 1012 521 καὶ
1041 479 1296 535 μυκτηρίσας
1325 477 1608 535 ἀπεπέμψατο.

113 552 216 596 §mi
243 547 374 601 οὕτως
398 543 450 604 ἦν
477 548 614 608 ἀφυὴς
646 549 715 591 καὶ
737 546 1018 605 δυσπρόσοδος
1038 547 1129 604 περὶ
1147 546 1224 598 τὰς
1243 545 1446 599 ἐντεύξεις.
1515 545 1537 592 ὁ
1565 547 1611 591 δὲ

141 618 353 678 Ἔρβὲβιος
362 649 376 671 ,
405 614 474 661 οἷα
492 615 706 676 βάρβαρος
729 617 798 660 καὶ
818 616 893 672 τὴν
912 614 1034 674 ὀργὴν
1053 614 1340 671 ἀκατάσχετος,
1369 615 1417 660 οὗ
1435 617 1609 675 μετρίως

146 687 316 746 ἐνεγκὼν
336 686 413 744 τὴν
446 686 580 744 ὕβριν,
613 686 768 743 ἀγνοῶν
794 685 840 729 δὲ
871 685 941 728 καὶ
972 684 1046 739 τὴν
1075 685 1350 741 μελετωμὲνην
1384 686 1497 744 παρὰ
1526 690 1607 730 τῶν
1628 689 1658 726 P
1680 690 1750 727 795

142 756 353 812 Ῥωμαίων
380 753 594 811 συσκευήν,
629 755 702 798 οὔκ
734 754 1010 812 ἐκαρτέρησεν,
1051 754 1157 797 ἀλλὰ
1183 752 1423 808 σπουδάζων
1452 753 1610 809 ἀμύνα-

148 829 253 870 σθαι
270 824 343 869 τὸν
359 821 569 882 ὑβριστήν,
595 821 905 879 ἐξαιτησάμενος
922 821 988 866 ἐπ’
1014 821 1126 866 οἴκου
1148 827 1401 880 πυρωθῆναι
1418 825 1484 866 καὶ
1505 823 1608 883 ἄφε-

94 899 140 938 to
150 894 262 947 θείς,
292 897 360 953 τῷ
389 896 556 948 βασιλεῖ’
576 892 804 950 προσειπὼν
834 890 887 935 τὰ
913 888 1116 948 ἓξιτήρια,
1154 893 1326 948 ἐξῆλθεν
1355 891 1505 945 εὐθύς,
1539 894 1609 936 καὶ

148 962 252 1019 πρὸς
269 962 345 1018 τὴν
375 958 484 1022 ἑῴαν
501 962 745 1019 περαιωθεὶς
775 960 951 1017 ἀνῆλθεν
980 962 1021 1004 ἐν
1047 964 1099 1018 τῇ
1121 961 1223 1004 κατὰ
1250 961 1321 1005 τὸν
1348 962 1608 1019 Ἀρμενιακὸν

149 1032 258 1092 οἰκίᾳ
286 1030 435 1084 aeros),
481 1035 533 1089 τῇ
560 1028 816 1087 Δαβαράμῃ.
885 1031 953 1072 καὶ
992 1028 1375 1086 κοινολογησάμενός
1409 1048 1490 1081 τισι
1526 1035 1609 1076 τῶν

153 1099 356 1159 Φράγγων
373 1099 498 1144 ἐκεῖσε
515 1098 607 1143 τότε
634 1097 938 1156 διεσπαρμένοις
961 1093 1074 1142 οὖσιν
1093 1100 1149 1150 εἷς
1169 1101 1507 1156 παραχειμασίαν,
1541 1102 1610 1144 καὶ

148 1169 404 1228 τριακοσίους
431 1167 586 1226 ἄνδρας
608 1168 651 1212 ἐκ
675 1167 830 1211 τούτων
845 1165 1128 1226 ὗποφθείρας,
1164 1167 1316 1226 ἀπῆρεν
1336 1169 1501 1222 ἐκεῖθεν,
1542 1171 1611 1213 καὶ

96 1242 140 1280 1⁵
152 1236 338 1282 ἀνελθὼν
357 1238 399 1281 ἐν
417 1239 569 1299 Μηδίᾳ
584 1243 845 1296 κοινοπραγεΐ
860 1241 918 1296 τῷ
938 1236 1109 1292 Σαμούχ
1118 1267 1133 1290 ,
1168 1238 1290 1281 ἐκεῖσε
1310 1238 1612 1296 ἐνδιατριζθοντι,

151 1306 256 1351 ὥστε
271 1310 459 1362 πολεμεῖν
473 1305 701 1361 Ῥωμαίοις.
770 1308 836 1349 καὶ
857 1304 1006 1363 χρόνον
1023 1306 1098 1361 μέν
1115 1322 1205 1350 τινα
1224 1305 1446 1358 ἀσάλευτος
1464 1306 1614 1362 ἔμεινεν

149 1374 177 1432 ἦ
195 1374 407 1433 ὁμολογία·
433 1374 796 1434 προσκρούσματος
816 1375 864 1418 δέ
878 1391 986 1426 τινος
1003 1374 1154 1430 μεταξὺ
1175 1380 1256 1418 τῶν
1279 1374 1482 1433 Φράγγων
1500 1394 1613 1433 γενο-
1633 1380 1664 1417 Β

149 1446 275 1501 με’νου
297 1446 366 1488 καὶ
388 1444 598 1501 Τούρκων,
632 1446 700 1487 καὶ
726 1446 769 1487 ἐκ
792 1441 937 1488 τούτου
963 1443 1302 1498 ἐπιβουλευόντων
1323 1443 1514 1501 ἀλλήλοις
1535 1451 1617 1489 τῶν

150 1518 287 1571 γενῶν,
302 1503 307 1507 .
323 1511 346 1557 ὃ
367 1514 442 1569 μὲν
458 1513 631 1568 Σαμοῦχ
652 1519 927 1571 προσεποιεῖτο
949 1519 1084 1570 τηρεῖν
1110 1513 1162 1556 τὰ
1186 1515 1495 1570 συντεθειμένα,
1526 1513 1548 1558 ὅ
1572 1516 1617 1559 δὲ

96 1583 360 1640 ΞοἘρβέβιος
387 1582 455 1626 διὰ
483 1582 634 1636 παντὸς
663 1576 714 1638 ἦν
741 1582 783 1624 ἓν
812 1579 1019 1632 ὑπονοίαις
1045 1583 1114 1625 καὶ
1148 1583 1353 1642 αἰφνίδιον
1386 1582 1617 1642 προσεδόκα

152 1652 349 1705 ἐπίθεσιν,
376 1651 560 1704 καὶτοὺς
582 1650 798 1710 Φράγγους
818 1648 1034 1708 παρεκάλει
1055 1651 1114 1706 μὴ
1143 1651 1291 1704 ἀνέτως
1320 1652 1414 1695 ἀλλ’
1446 1654 1511 1696 ἐπὶ
1536 1658 1617 1697 τῶν

152 1720 288 1765 ὃπλων
303 1718 532 1765 καθεύδειν.
598 1725 718 1764 ‘cozzo
737 1720 782 1763 δὲ
799 1721 919 1763 ε’ποίει
940 1722 1141 1778 κρυφίως,
1165 1722 1368 1777 μηδεμίαν
1386 1723 1616 1779 ‹warocio-921·-

153 1806 219 1835 σιν
237 1790 379 1841 διδοὺς
397 1794 456 1850 τῷ
478 1786 670 1846 Σαμοῦχ,
704 1790 779 1841 ἕως
807 1782 954 1841 ἐκεῖνος
982 1787 1200 1834 λανθάνειν
1228 1791 1384 1846 οἰηθεὶς
1410 1790 1615 1835 ἀνακαλύ-

244 1909 269 1946 4
298 1907 480 1945 ἀπέλυσεν
572 1902 704 1954 οὗτος,
744 1909 870 1944 lacuna
906 1905 1042 1954 media,
1078 1908 1123 1944 C.
1171 1908 1358 1944 tollendum
1393 1910 1514 1956 utique
1551 1909 1615 1945 uod

243 1956 268 1991 6
292 1952 414 2000 ὁρμὴν
437 1955 468 1990 C
592 1957 613 1991 8
636 1953 848 2000 ἀμύνεσθαι
871 1953 901 1989 C
1025 1955 1069 1991 12
1092 1953 1288 2002 δαγαρᾶβη
1313 1956 1343 1990 C
1461 1958 1505 1993 13
1530 1951 1615 1992 οὖσι

242 2003 324 2044 τοῖς
345 1999 525 2048 φράγγοις
547 2001 600 2043 εἰς
622 2002 653 2037 C
790 2002 838 2038 23
859 1999 951 2042 δοὺς
972 2000 1003 2036 C

152 2116 256 2153 paea,
279 2109 317 2141 et
341 2104 468 2141 exinde
489 2103 527 2139 in
552 2115 630 2140 eum
652 2115 764 2151 usque
786 2104 876 2139 dlem
901 2102 955 2138 rei
978 2103 1155 2139 Romanae
1177 2103 1371 2140 studuerat.
1412 2103 1504 2139 hunc
1526 2104 1616 2140 enim

152 2152 318 2199 precibus
340 2163 362 2186 a
384 2164 424 2187 se
446 2152 714 2187 contendentem
737 2155 777 2186 ut
798 2148 995 2196 magisterii
1016 2150 1148 2185 honore
1173 2156 1378 2195 ornaretur,
1412 2162 1481 2186 non
1515 2153 1616 2186 modo

154 2210 223 2234 non
247 2203 302 2233 est
323 2198 487 2243 dignatus
509 2209 665 2242 assensu,
691 2198 752 2232 sed
777 2197 882 2232 etiam
906 2197 1154 2231 subsannatum
1177 2197 1278 2231 varie
1297 2208 1452 2242 nasoque
1471 2209 1621 2243 suspen-

156 2255 232 2279 sum
254 2244 404 2279 dimisit=
438 2244 526 2278 adeo
558 2243 764 2278 inhumanus
798 2249 874 2278 erat
896 2247 932 2278 et
955 2242 992 2277 in
1015 2243 1262 2288 congressibus
1283 2243 1453 2278 difficilis.
1500 2244 1619 2278 Erbe-

156 2290 256 2334 bius,
280 2290 411 2336 quippe
432 2291 601 2325 barbarus
624 2295 660 2324 et
682 2290 757 2324 irae
779 2289 971 2336 impotens,
996 2301 1065 2324 non
1088 2290 1266 2325 moderate
1288 2290 1369 2325 tulit
1391 2302 1467 2325 eam
1494 2295 1620 2325 contu-

155 2336 316 2378 meliam;
355 2337 568 2381 ignarusque
599 2347 718 2371 eorum
751 2347 843 2380 quae
871 2336 1019 2371 Romani
1043 2335 1347 2382 machinabantur,
1383 2337 1428 2371 de
1461 2336 1621 2371 vindicta

156 2383 345 2427 cogitavit3
381 2387 642 2428 commeatuque
682 2382 817 2416 domum
855 2382 1006 2417 abeundi
1045 2383 1089 2417 ab
1122 2382 1334 2428 imperatore
1367 2382 1551 2428 impetrato
1583 2383 1622 2418 in

155 2429 336 2463 Orientem
359 2428 510 2472 transiit,
535 2440 576 2463 ac
600 2429 736 2463 domum
760 2440 856 2463 suam
878 2429 1105 2463 Dabaramam
1129 2428 1165 2463 in
1189 2430 1396 2464 Armeniaca
1417 2429 1516 2464 sitam
1537 2440 1623 2474 pro-

153 2475 274 2510 vincia
296 2487 335 2510 se
359 2474 526 2517 contulit3
561 2480 596 2509 et
629 2486 669 2509 re
700 2486 775 2509 cum
798 2476 1002 2521 quibusdam
1029 2475 1178 2510 Francis
1208 2475 1476 2520 communicata,
1507 2474 1559 2510 ibi
1582 2474 1622 2510 in

153 2522 303 2556 hiberna
325 2521 470 2565 divisis,
503 2522 573 2556 300
594 2533 712 2555 eorum
737 2522 911 2569 corruptis
934 2522 970 2556 in
994 2522 1146 2556 Mediam
1169 2522 1258 2557 abiit
1278 2522 1322 2556 iis
1347 2522 1550 2566 comitatus,
1586 2526 1623 2556 et

154 2579 230 2602 cum
251 2568 424 2602 Samucho
448 2573 531 2602 tunc
554 2567 681 2602 ibidem
709 2567 859 2612 degente
882 2568 966 2604 belli
987 2568 1024 2602 in
1047 2568 1223 2603 Romanos
1248 2569 1393 2614 gerendi
1416 2568 1621 2603 societatem

155 2615 252 2651 coiit.
301 2625 346 2648 ea
373 2614 524 2649 societas
557 2625 632 2649 cum
659 2613 870 2659 aliquamdiu
893 2615 1073 2658 durasset,
1107 2615 1264 2650 offensae
1286 2615 1379 2650 inter
1402 2615 1560 2650 Francos
1585 2619 1623 2649 et

155 2660 294 2695 Tui-cos
318 2660 528 2704 inciderunt,
553 2672 596 2695 ac
618 2660 778 2696 nationes
800 2662 951 2696 invicem
974 2661 1042 2697 sibi
1065 2661 1226 2696 insidiari
1250 2666 1452 2707 coeperunt.
1485 2673 1527 2696 ac
1550 2661 1620 2695 Sa-

154 2706 300 2741 muchus
329 2706 468 2751 quidem
502 2707 616 2752 pactis
647 2719 686 2742 se
717 2713 812 2743 stare
843 2708 1048 2752 simulabat,
1086 2708 1263 2744 Erbebius
1294 2720 1381 2743 vero
1414 2719 1551 2753 semper
1581 2707 1619 2741 in

153 2753 414 2798 suspicionibus
437 2759 525 2797 erat,
550 2754 772 2799 subitumque
789 2755 992 2790 Turcorum
1015 2754 1164 2800 aliquem
1189 2754 1224 2789 in
1248 2767 1287 2790 se
1308 2755 1473 2800 impetum
1491 2765 1620 2798 exspe-

154 2800 292 2841 ctabat;
315 2799 467 2845 ideoque
487 2811 569 2835 suos
594 2801 801 2836 hortabatur
824 2813 870 2836 ne
891 2812 1015 2837 secure
1032 2800 1095 2835 sed
1115 2801 1237 2836 armati
1257 2812 1396 2847 semper
1414 2800 1617 2835 dormirent.

153 2845 292 2882 interim
314 2852 429 2882 tamen
450 2847 623 2882 Samucho
645 2845 772 2883 nullum
794 2848 988 2895 praebebat
1008 2858 1147 2883 suarum
1170 2847 1418 2894 cogitationum
1439 2846 1617 2882 indicium.
