1916 3210
427 161 820 207 HISTORIARUM
852 159 1241 206 COMPENDIUM.
1469 158 1570 205 575

111 279 362 336 παραχρῆμα
390 276 580 335 τρέπουσι
608 276 655 320 τὸ
681 273 958 319 ἀνυπόστατον
979 275 1039 332 μὴ
1067 271 1296 332 ἐνεγκόντας
1311 278 1384 330 τῆς
1397 270 1572 329 Ῥωμαϊ-

109 350 186 403 κῆς
203 343 348 402 ὁρμῆς.
413 346 545 391 πίπτει
563 345 639 400 μέν
658 339 730 388 οὖν
749 349 910 402 πρῶτος
927 343 950 388 ὃ
963 343 1086 388 {iactr
1105 345 1149 387 ἓν
1168 349 1254 395 τοῖς
1272 341 1447 402 πρώτοις
1465 342 1572 400 ἀγω-

107 412 334 470 νιζόμενος,
368 415 500 458 πίπτει
520 414 566 456 δὲ
583 415 651 457 καὶ
671 412 768 457 ὅσον
787 413 959 469 ἄλκιμον
980 417 1054 456 τοῦ
1073 416 1262 471 στρατοῦ.
1332 411 1369 455 οἱ
1394 412 1439 454 δὲ
1458 429 1572 469 περι-

6 511 13 531 2.
108 483 312 535 σωθέντες
343 483 435 526 λίαν
469 482 597 539 ὀλίγοι
634 484 701 525 καὶ
737 483 880 539 γυμνοὶ
917 480 987 527 διὰ
1025 485 1106 526 τῶν
1142 481 1269 540 ὀρέων
1308 481 1351 532 ἐς
1385 479 1461 532 τὰς
1491 485 1572 525 τῶν

0 560 7 608 {2
69 552 424 610 εΠερσαρμενίων
450 548 714 604 διασώζονται
739 548 888 603 πόλεις.

0 613 7 637 ³³
234 617 286 664 ‘O
304 620 349 664 δὲ
365 618 585 671 σουλτάνος
603 619 672 662 διὰ
690 623 770 662 τῶν
788 615 1054 677 ἀποδράντων
1070 617 1325 674 μεμαθηκὼς
1341 617 1388 661 τὸ
1409 618 1572 673 συμβὰν

105 686 295 746 ἀτύχημα
323 690 380 740 εἷς
405 686 584 746 μεγάλην
610 687 788 732 ἐνέπεσεν
821 687 994 744 ἀγωνίαν
1003 718 1018 740 ,
1051 688 1121 730 καὶ
1147 687 1190 731 ἓν
1217 688 1376 745 σπουδῇ
1400 688 1567 730 ἐποιεῖτο

103 757 214 809 ὅπως
240 756 292 801 ἂν
315 757 390 814 τὴν
417 758 630 815 γενομένην
654 755 993 813 ἐπανορθώσηται
1024 756 1233 813 ἄκληρίαν.
1300 758 1367 798 καὶ
1390 756 1440 811 δὴ
1465 756 1564 799 λαὸν
1584 764 1618 800 D

102 826 317 871 ἕπίλεκτον
330 823 636 882 συστησάμενος
655 824 698 869 ἔκ
716 843 759 869 τε
782 823 978 882 Τούρκων
997 826 1065 868 καὶ
1085 825 1303 882 Καβείρων
1323 827 1391 867 καὶ
1409 826 1567 879 Λιμνι-

49 907 93 943 10
103 900 184 938 τῶν
210 896 302 953 περὶ
325 894 402 946 τὰς
426 893 464 951 ρ’
487 891 700 951 χιλιάδας,
748 895 816 938 καὶ
844 893 1053 952 Ἀβραμίῳ
1080 892 1218 948 Ἀλεὶμ
1245 898 1303 952 τῷ
1331 891 1572 951 ἕτεροθαλεΐ

101 964 270 1023 ἀδελφῷ
288 962 413 1006 αὐτοῦ
433 962 645 1020 παραδοῧς
666 962 840 1015 ταύτας,
875 962 979 1005 κατὰ
993 960 1204 1017 Ῥωμαίων
1219 962 1421 1017 ἐκπέμπει.
1491 963 1567 1019 ἆγ-

98 1033 314 1090 γελθείσης
342 1031 388 1075 δὲ
414 1036 487 1088 τῆς
514 1030 691 1090 ἐφόδου,
725 1030 944 1083 ἕνωθέντες
971 1029 1094 1075 πάλιν
1123 1031 1162 1074 οἶ
1187 1030 1348 1075 ἄνωθεν
1374 1031 1566 1090 ῥηθέντες

99 1101 289 1158 ἄρχοντες
309 1105 390 1145 τῶν
410 1098 723 1159 στρατευμάτων
736 1101 891 1156 βουλὴν
907 1102 1184 1159 προετίθεσαν
1193 1102 1262 1144 καὶ
1279 1102 1563 1145 διεσκοποῦντο

99 1171 146 1215 τὸ
177 1170 388 1228 πρακτέον.
456 1171 523 1213 καὶ
549 1174 609 1229 τῷ
629 1170 704 1224 μὲν
722 1170 969 1228 Κεκαυμένῳ
989 1168 1118 1213 ἐδόκει
1137 1169 1241 1226 μετὰ
1261 1173 1333 1225 τῆς
1355 1168 1565 1227 παρούσης

46 1246 90 1283 15
101 1237 310 1295 δυνάμεως
333 1236 560 1295 ὑπαντῆσαι
587 1245 673 1290 τοῖς
697 1237 900 1297 Τούρκοις
919 1238 1073 1290 ἔξωθεν
1094 1243 1174 1282 τῶν
1188 1236 1423 1293 Ῥωμαϊκῶν
1441 1237 1564 1296 ὅρων,

96 1307 255 1352 κάκεῖσε
277 1308 622 1365 διαγωνίσασθαι,
658 1306 715 1351 ἔτι
738 1311 819 1352 τῶν
841 1307 1035 1351 πλειόνων
1052 1305 1280 1351 ἀντιπάλων
1297 1306 1476 1351 ἆνίππων
1495 1306 1565 1351 ὅν-

96 1394 178 1420 των
203 1378 272 1420 καὶ
302 1381 375 1433 τῆς
402 1375 529 1432 ι’ίλλης
559 1374 769 1431 δυνάμεως
790 1378 1034 1433 κεκμηκυιάς
1055 1376 1135 1419 ἀπὸ
1157 1381 1229 1431 τῆς
1247 1378 1434 1432 πλείστης
1453 1375 1564 1420 ὁδοι-

96 1446 262 1504 πορίας,
301 1443 607 1488 ἐπιλελοιπότων
638 1445 683 1488 δὲ
712 1446 780 1488 καὶ
807 1447 1000 1502 σιδηρίων
1025 1451 1110 1496 τοῖς
1142 1443 1362 1502 Τούρκοις,
1399 1443 1460 1496 οἷς
1488 1445 1563 1496 τὰς

90 1513 225 1571 χηλὰς
254 1518 337 1559 τῶν
367 1511 478 1573 ζῴων
510 1512 682 1558 εἰώθασι
716 1514 1008 1571 περιστέλλειν,
1042 1514 1274 1571 ἐπηρμένων
1306 1515 1350 1557 δὲ
1381 1516 1448 1558 καὶ
1481 1519 1561 1558 τῶν
1583 1519 1613 1554 P
1638 1522 1705 1557 772

38 1579 301 1639 ξῡῬωμαίων
327 1584 398 1626 καὶ
426 1583 671 1641 θαρραλέων
696 1581 823 1627 ὄντων
856 1582 937 1626 ἀπὸ
968 1587 1041 1639 τῆς
1070 1584 1405 1640 προηγησαμένης
1437 1584 1561 1639 νίκης,

95 1653 164 1695 καὶ
192 1653 543 1710 προθυμουμένων
573 1654 776 1706 συμμῖξαι
806 1657 891 1703 τοῖς
920 1653 1138 1707 πολεμίοις.
1206 1652 1437 1695 τούναντίον
1465 1654 1509 1696 δὲ
1537 1651 1558 1696 ὃ

88 1719 248 1780 Ἀαρὼν
274 1721 541 1780 ἀπεφαίνετο,
586 1721 738 1776 ἐπέχων
763 1720 838 1772 τὰς
866 1718 1080 1776 δυνάμεις,
1122 1721 1247 1777 λέγων
1277 1719 1486 1779 ὀχυρῶσαί
1514 1739 1557 1765 τε

93 1788 169 1842 τὰς
191 1787 329 1842 πόλεις
349 1793 417 1833 καὶ
445 1791 497 1833 τὰ
525 1788 704 1848 φρούρια
724 1791 791 1832 καὶ
813 1789 907 1833 εἴσω
929 1794 1071 1845 τειχῶν
1091 1793 1319 1846 συγκλεῖσαι
1339 1790 1390 1834 τὰ
1409 1790 1555 1843 πάντα,

92 1860 274 1916 μηνῦσαί
295 1876 340 1903 τε
367 1863 426 1920 τῷ
453 1862 618 1914 βασιλεῖ
642 1861 710 1902 καὶ
738 1859 797 1916 μὴ
829 1858 925 1902 ἄνευ
951 1858 1114 1916 γνώμης
1133 1860 1283 1902 ἐκείνου
1303 1860 1407 1915 μετὰ
1429 1859 1556 1903 δυνά-

180 1991 205 2028 9
238 1989 447 2035 διλιμνιτῶν
474 1990 524 2036 C,
558 1988 747 2037 Σαβήρων
778 1989 842 2026 καὶ
870 1990 1091 2035 Διλιμνιτῶν
1123 1990 1248 2026 Golius
1279 1990 1351 2035 (ad
1373 1990 1554 2036 Alfergani

181 2035 352 2072 eiementa
376 2036 606 2073 astronomica
628 2049 665 2082 p.
688 2036 757 2073 205
780 2038 837 2074 ed.
862 2037 1052 2073 Amstelod.
1079 2037 1193 2082 1669)
1225 2043 1368 2072 auctore
1402 2038 1556 2082 Agathia

179 2082 206 2118 4
228 2084 272 2119 17
295 2088 332 2119 et
356 2084 399 2120 18
423 2083 557 2119 monuit
576 2083 772 2120 Wilkenus.
894 2084 938 2120 18
961 2081 1123 2129 σιδήρων
1145 2083 1175 2117 Ρ
1288 2084 1336 2120 22
1358 2081 1500 2128 ἐπέχειν
1524 2085 1556 2118 O

89 2196 342 2234 vehementiam
365 2195 422 2233 sni
442 2197 592 2243 impetus
617 2208 687 2233 non
710 2197 954 2233 subsistentes.
1000 2196 1096 2232 cadit
1124 2195 1218 2231 inter
1243 2195 1373 2243 primos
1394 2205 1558 2251 pugnans

88 2245 204 2287 Asan,
229 2248 267 2279 et
287 2243 458 2290 quidquid
479 2244 517 2278 in
540 2255 583 2278 eo
607 2244 763 2279 exercitu
787 2245 881 2280 forte
900 2244 969 2279 fuit
991 2245 1232 2278 obtruncatur.
1278 2242 1427 2288 reliqun,
1450 2244 1556 2289 pauci

87 2290 269 2327 admodum
290 2289 318 2324 ii
339 2295 445 2336 atque
468 2289 572 2334 nudi,
599 2300 665 2335 per
687 2294 821 2325 montes
842 2291 880 2326 in
901 2289 1166 2325 Persarmeuiae
1189 2288 1295 2323 urbes
1318 2288 1484 2325 evadunt.

178 2335 235 2372 Ab
269 2335 324 2372 his
355 2336 400 2371 de
431 2341 575 2382 accepta
599 2335 698 2371 clade
724 2336 866 2372 edoctus
889 2336 1044 2371 sultanus
1064 2334 1101 2369 in
1127 2346 1282 2379 magnam
1305 2335 1447 2370 devenit
1468 2335 1556 2370 soli-

88 2381 291 2419 citudinem.
338 2389 378 2418 nt
408 2388 522 2417 autem
545 2381 635 2415 banc
656 2382 884 2418 calamitatem
907 2381 1115 2426 resarciret,
1150 2393 1171 2416 e
1192 2380 1320 2416 Turcis
1344 2380 1493 2417 Caberis
1517 2386 1555 2418 et

85 2428 252 2464 Limnitis
275 2427 444 2469 deiectum
467 2427 657 2463 exercitum
681 2429 725 2463 ad
751 2430 885 2464 100000
906 2427 1087 2472 conducit,
1114 2438 1260 2472 eumque
1281 2427 1368 2462 duce
1389 2426 1554 2463 Abramio

85 2475 224 2520 Alimo,
258 2474 371 2510 fratre
394 2486 439 2509 ex
460 2474 571 2509 altero
594 2479 739 2520 parente
762 2486 847 2519 suo,
884 2480 1007 2510 contra
1029 2474 1204 2508 Romanos
1227 2473 1346 2509 mittit.
1394 2474 1552 2509 nuntiato

85 2522 312 2557 barbarorum
334 2521 507 2564 adventu,
530 2521 647 2555 Aaron
671 2526 708 2556 et
732 2522 918 2556 Ambustus
942 2520 1049 2555 unitis
1072 2530 1206 2555 rursum
1231 2519 1443 2555 exercitibus
1465 2520 1552 2565 quid

85 2568 258 2612 agendum
290 2566 338 2602 sit
366 2566 574 2602 consultant.
629 2567 804 2602 sententia
831 2566 1053 2602 Catacalonis
1089 2571 1165 2601 erat
1199 2577 1275 2600 cum
1307 2566 1550 2612 praesentibus

85 2612 334 2654 occurrendum
358 2613 487 2648 Turcis
509 2625 588 2648 esse
610 2619 710 2648 extra
732 2613 908 2649 Romanos
930 2614 1031 2657 fines,
1054 2612 1176 2658 ibique
1189 2613 1446 2656 decertandum,
1470 2623 1548 2648 cum

84 2659 198 2695 adhue
221 2659 331 2694 maior
351 2658 501 2694 hostium
526 2671 606 2705 pars
629 2660 729 2705 equis
753 2665 912 2703 careret,
945 2665 982 2694 et
1011 2658 1138 2704 reliqui
1167 2660 1270 2694 etiam
1294 2658 1396 2703 longo
1420 2658 1550 2694 itinere

84 2711 204 2740 essent
231 2705 433 2751 defatigati,
466 2705 641 2751 soleisque
673 2706 800 2740 ferreis
832 2705 942 2741 Turci
972 2709 1134 2740 carerent
1162 2705 1289 2750 quibus
1316 2704 1463 2749 ungulae
1487 2716 1549 2740 ar·-

83 2757 238 2795 mantur,
270 2751 418 2788 Romani
439 2757 551 2788 autem
574 2753 708 2787 recenti
730 2752 879 2787 victoria
902 2752 986 2786 elati
1009 2751 1142 2786 alacres
1164 2758 1303 2795 essent,
1327 2762 1547 2797 pugnamque

83 2803 302 2843 expeterent.
348 2803 471 2835 contra
492 2798 607 2833 Aaron
632 2798 880 2845 pronuntiabat
901 2797 1145 2837 continendum
1178 2797 1387 2841 exercitum,
1420 2798 1548 2832 urbes-

85 2855 154 2891 que
187 2850 225 2881 ot
254 2844 397 2884 castella
428 2844 647 2883 muniendum
676 2851 783 2893 atque
809 2845 924 2882 omnia
945 2844 1052 2882 muris
1073 2843 1337 2881 includendam
1369 2844 1414 2881 de
1434 2855 1475 2880 re
1498 2844 1544 2882 ad
