1890 3236
494 163 889 210 HISTORIARUM
923 165 1311 212 COMPENDIUM.
1570 167 1636 218 65

173 295 296 334 μενον
311 283 384 323 τοῦ
405 275 598 336 ἐδάφους.
665 277 967 338 περιεργότερον
997 280 1042 323 δὲ
1067 281 1308 337 προσελθὼν
1332 278 1539 326 ἐπεσκόπει
1564 283 1635 327 τὸν

172 345 374 403 Μιχαήλ,
414 348 451 391 εἰ
469 345 567 403 ὅπερ
587 350 700 404 φιλεῖ
717 349 760 391 ἐν
776 354 861 399 τοῖς
877 351 1183 403 κυμαινομὲνοις
1200 352 1268 393 καὶ
1286 350 1358 406 τὴν
1377 350 1480 406 ζωὴν
1502 351 1633 410 ἀμφί-

170 419 298 471 βολον
316 415 452 472 ἔχουσι
468 417 675 472 γίνεσθαι,
710 415 944 460 ἐπιπόλαιόν
963 429 1057 461 τινα
1081 420 1148 460 καὶ
1177 419 1418 476 ἐμμέριμνον
1437 417 1633 464 ὖπνῶττει

172 483 301 529 ὕπνον
322 483 352 540 ἢ
377 484 610 528 τούναντίον
635 483 864 543 ἄφρόντιδα
892 486 961 528 καὶ
989 483 1105 540 ἡδύν.
1173 485 1230 538 ὥς
1261 488 1303 530 δ’
1338 481 1450 545 εὗρεν
1483 489 1631 542 ἀνέτως
1653 500 1682 536 Ρ
1705 501 1773 540 494

137 550 374 597 ὄῦπνοῦντα
395 552 482 608 (καὶ
499 553 577 611 γὰρ
597 553 690 596 οὐδ’
711 551 976 612 ἐπαφώμενος
994 553 1116 596 αὐτὸν
1136 556 1339 598 διυπνῖσαι
1359 556 1554 613 ἴσχυσεν),
1576 561 1634 611 εἰς

169 622 332 678 μείζονα
363 619 533 679 ἀνήφθη
563 621 703 677 θυμὸν
727 629 811 674 τοῖς
840 622 941 679 παρ’
973 623 1116 665 ἐλπίδα
1143 621 1303 674 τούτοις
1322 624 1528 680 θεάμασι,
1563 630 1632 670 καὶ

170 687 291 748 ἀπῄει
309 690 415 734 κατὰ
435 687 598 746 σχολήν,
636 690 764 734 δεινὸν
794 693 868 735 οὐκ
896 690 1008 749 αὐτῷ
1035 688 1161 746 μόνον
1189 691 1294 734 ἀλλὰ
1323 694 1391 735 καὶ
1417 698 1475 752 τῷ
1501 698 1632 758 παπίᾳ

170 758 346 802 εὖσείων.
415 761 483 802 καὶ
513 763 642 802 ταῦτα
665 760 740 814 μέν
762 757 784 802 ὅ
803 758 1008 815 βασιλεύς.
1078 759 1151 803 οὐκ
1175 759 1300 804 ἔλαθε
1324 762 1368 804 δὲ
1388 766 1516 806 ταῦτα
1537 764 1632 815 τοὺς

168 829 260 885 περὶ
289 827 361 872 τὸν
390 828 558 879 nanim,
606 827 711 870 ἀλλά
736 846 797 880 τις
823 833 904 872 τῶν
931 830 1152 885 προκοίτων
1180 834 1253 873 τοῦ
1278 831 1453 887 Μιχαὴλ
1480 831 1523 874 ἐκ
1552 838 1632 876 τῶν

114 899 361 954 ίθφοινικῶν
388 894 684 954 φωρασάμενος
709 894 900 955 ἐμβάδων
932 895 1141 954 ἀπήγγειλε
1174 897 1305 942 πάντα
1343 903 1500 957 σαφῶς.
1571 899 1633 954 οἷς

167 965 456 1015 ἐκπαθεῖςκαὶ
484 969 634 1022 μικροῦ
662 967 743 1008 δεῖν
771 965 963 1024 ἔκφρονες
994 967 1032 1009 οἳ
1057 969 1146 1025 περὶ
1166 967 1240 1011 τὸν.
1256 969 1410 1011 παπιάν
1429 967 1632 1025 γενόμενοι

165 1033 399 1076 ἐσκέπτοντο
429 1038 516 1085 πῶς
545 1032 595 1076 ἄν
626 1033 697 1077 τὸν
725 1035 909 1078 κίνδυνον
941 1034 1188 1092 διαφύγοιεν.
1267 1035 1499 1092 ὑπέλαμπεν
1537 1038 1631 1096 ἄρτι

163 1099 316 1159 ἡμέρα,
343 1103 413 1145 καὶ
430 1103 640 1146 σκέπτεται
658 1108 812 1159 σκῆψιν
834 1101 992 1147 τοιάνδε
1014 1102 1035 1147 ὅ
1057 1102 1234 1161 ΒἸιχαήλ
1245 1137 1260 1158 ,
1295 1103 1350 1156 ὡς
1369 1105 1549 1161 ψυχικάς
1567 1125 1630 1151 τι-

163 1187 238 1221 νας
257 1172 427 1227 κηλῖδας
446 1169 641 1225 βούλεταί
655 1189 732 1214 τινι
758 1177 838 1215 τῶν
858 1175 1064 1231 θεοφίλων
1083 1175 1340 1232 ἐξαγορεῦσαι
1367 1175 1437 1218 διὰ
1462 1175 1628 1220 Θεοκτί-

109 1244 154 1282 15
165 1256 278 1292 στου,
304 1239 350 1283 ὃν
370 1240 473 1295 μετὰ
493 1245 624 1284 ταῦτα
646 1246 704 1300 τῷ
722 1245 797 1284 τοῦ
817 1244 1039 1285 κανικλειόυ
1059 1243 1264 1298 τετίμηκεν
1286 1242 1497 1299 ἀξιώματι.
1532 1246 1623 1288 ἐπε-
1653 1255 1684 1291 Β

161 1308 360 1363 τέτραπτο
390 1312 488 1365 γοῦν
516 1314 636 1352 τοῦτο
667 1311 855 1366 γενέσθαι
890 1311 1003 1367 παρὰ
1034 1311 1247 1364 βασιλέως.
1325 1309 1348 1354 ὅ
1379 1313 1423 1355 δέ
1450 1314 1626 1370 Μιχαὴλ

161 1377 302 1430 ἀδείας
322 1375 547 1432 λαβόμενος
568 1379 671 1435 λε’γει
692 1378 795 1436 πρὸς
812 1379 884 1422 τὸν
908 1378 1148 1422 Θεόκτιστον
1167 1377 1360 1436 “καιρός,
1396 1375 1430 1423 ὦ
1455 1380 1625 1425 &eduu-

161 1462 251 1498 στε,
285 1451 371 1496 τοῖς
389 1443 644 1500 συνωμόταις
667 1447 953 1502 ἐπαπειλῆσαι,
999 1445 1056 1498 ὥς
1085 1450 1119 1490 εἲ
1141 1448 1200 1504 μὴ
1222 1447 1362 1503 τάχιον
1381 1447 1623 1494 σπεύσουσιν

0 1532 16 1606 f*
159 1514 368 1566 ἐξελέσθαι
388 1518 462 1558 τοῦ
479 1513 664 1559 κινδύνου
683 1513 806 1571 ἡμᾶς,
840 1515 973 1559 πάντα
993 1516 1044 1560 τὰ
1063 1521 1136 1572 τῆς
1157 1516 1340 1575 πράξεως
1358 1517 1622 1574 ἀνακαλύψω

103 1587 218 1642 mugi
234 1582 440 1637 βασιλεῖ’.”
511 1585 580 1627 καὶ
597 1588 673 1627 τοῦ
697 1585 940 1628 Θεοκτίστου
962 1583 1018 1636 ὥς
1037 1585 1254 1642 ἐκελεύσθη
1277 1585 1539 1642 ποιήσαντος,
1567 1591 1623 1640 εἷς

157 1651 332 1709 ἀγωνίαν
353 1653 402 1695 οὗ
421 1651 496 1708 τὴν
513 1658 717 1708 τυχοῦσαν
735 1654 917 1699 ἐνέπεσον
937 1655 975 1698 οἱ
993 1656 1234 1713 συνίστορες,
1254 1657 1321 1698 καὶ
1338 1657 1620 1700 διεσκοποῦντο

156 1725 244 1772 πῶς
263 1719 314 1764 ἂν
331 1721 453 1764 αὐτοί
467 1738 510 1764 τε
529 1726 699 1766 σωθεῖεν
728 1725 796 1766 καὶ
825 1723 896 1767 τὸν
927 1722 1023 1768 ὅσον
1052 1724 1210 1768 οὐδέπω
1239 1728 1383 1767 θανεῖν
1411 1725 1619 1769 κινδυνεύ-

155 1806 285 1834 σαντα
303 1788 557 1834 διασώσαιεν.
624 1789 844 1849 ράπτουσιν
873 1787 944 1836 οὖν
971 1793 1127 1847 βουλὴν
1146 1792 1234 1848 ἥτις
1256 1793 1406 1844 αὐτούς
1429 1811 1470 1837 τε
1496 1794 1617 1852 ἐρρύ-

155 1875 257 1903 σατο
288 1860 355 1902 καὶ
384 1863 444 1919 τῷ
458 1859 636 1916 Μιχαὴλ
654 1860 756 1919 πρὸς
773 1866 822 1919 τῇ
838 1864 1026 1923 βασιλείᾳ
1053 1863 1119 1904 καὶ
1145 1861 1219 1918 τὴν
1248 1862 1354 1918 ζωὴν
1386 1863 1617 1920 ἐχαρίσατο.

0 1160 13 1205 ζ’

0 1208 14 1271 ἓ

0 1285 9 1388 ᾗ

153 1967 351 2003 eumbente.
398 1967 640 2014 curiosiusque
672 1981 879 2025 aggressus,
914 1975 954 2008 ut
987 1969 1268 2017 deprehenderet
1298 1981 1377 2005 num
1408 1969 1616 2015 Michaelus‚

152 2013 247 2060 quod
279 2013 394 2049 solent
426 2014 523 2050 anxii
558 2021 595 2050 et
618 2015 655 2050 in
678 2023 773 2051 vitae
798 2015 998 2051 discrimine
1021 2016 1214 2060 constituti,
1250 2028 1405 2051 somnum
1429 2017 1615 2062 ancipitem

151 2071 195 2096 ac
218 2059 312 2095 curis
332 2059 470 2107 plenum
492 2073 538 2096 an
562 2067 684 2097 contra
706 2073 864 2097 securum
896 2068 1002 2109 atque
1032 2075 1173 2098 suavem
1199 2063 1362 2108 duceret,
1398 2062 1508 2098 sensit
1537 2074 1614 2097 eum

150 2105 326 2152 profundo
352 2106 472 2152 sopori
498 2107 665 2153 deditum,
690 2109 778 2143 adeo
801 2113 840 2143 ut
861 2120 906 2143 ne
927 2109 1174 2144 contrectando
1198 2109 1335 2154 quidem
1359 2120 1436 2142 eum
1459 2108 1616 2154 potuerit

150 2152 319 2187 excitare.
367 2152 435 2187 hoc
456 2158 526 2187 tam
549 2153 728 2200 insperato
751 2155 952 2200 spectaculo
975 2155 1029 2190 ira
1051 2155 1166 2191 acrius
1188 2155 1330 2190 incensa
1354 2154 1527 2199 discessit,
1551 2166 1615 2199 per
1681 2157 1683 2161 ’

151 2197 260 2234 otium
283 2210 354 2234 non
377 2198 552 2234 Michaelo
574 2205 707 2235 tantum
731 2201 794 2236 sed
817 2201 888 2247 ipsi
910 2212 1050 2247 quoque
1072 2213 1116 2246 pa
1144 2201 1199 2236 iae
1230 2201 1373 2235 exitium
1403 2205 1612 2235 structurus.

151 2255 267 2289 neque
288 2244 454 2280 haec‘res
476 2245 615 2292 papiam
640 2246 788 2292 fefellit,
823 2247 917 2293 quod
949 2248 1088 2292 quidam
1118 2214 1284 2282 K‘lichaeli
1307 2246 1545 2280 excubitorum
1569 2257 1613 2281 ex

150 2289 310 2336 puniceis
341 2291 519 2326 cothurnis
552 2291 797 2339 imperatorem
830 2298 1043 2338 agnoverat,
1084 2293 1224 2338 ipsique
1256 2291 1341 2338 quid
1371 2297 1485 2326 actum
1517 2296 1612 2327 esset

148 2335 336 2382 perspicue
358 2336 588 2372 iudicaverat.
635 2338 756 2384 itaque
784 2339 908 2393 papias
935 2350 1011 2374 cum
1048 2339 1121 2373 suis
1152 2339 1266 2373 animo
1298 2337 1503 2382 gravissime
1526 2348 1609 2382 per-

148 2381 303 2426 turbati,
335 2393 376 2416 ac
410 2393 522 2428 prope
554 2388 655 2418 extra
687 2397 728 2419 se
755 2391 869 2429 rapti,
903 2386 948 2419 de
977 2384 1132 2430 periculo
1163 2383 1362 2430 effugiendo
1398 2383 1608 2419 deliberant.

147 2427 287 2473 iamque
308 2427 545 2473 illucescebat,
568 2439 644 2463 cum
667 2429 860 2464 Michaelus
883 2431 950 2464 hoc
974 2429 1110 2464 consilii
1132 2430 1239 2476 capit.
1287 2428 1426 2464 simulat
1442 2441 1481 2465 se
1499 2441 1609 2476 opera

146 2473 361 2517 Theootisti,
385 2485 486 2520 quem
509 2480 633 2520 postea
653 2476 696 2510 ad
719 2476 866 2510 caniciei
888 2475 1092 2521 dignitatem
1118 2476 1249 2520 evexit,
1285 2476 1449 2521 quasdam
1473 2477 1608 2510 animae

144 2530 232 2555 suae
261 2521 402 2555 mendas
435 2521 639 2566 quibusdam
672 2521 847 2566 religiosis
870 2522 1065 2557 hominibus
1089 2522 1182 2557 velle
1204 2522 1357 2568 aperire.
1403 2533 1547 2567 cumque
1569 2521 1607 2556 id

143 2565 336 2612 imperator
353 2566 582 2613 permisisset,
601 2567 775 2602 licentiam
795 2573 916 2603 nactus
933 2567 1140 2603 Theoctisto
1159 2568 1291 2603 indicat
1308 2573 1440 2613 tempus
1458 2579 1607 2613 poscere

144 2618 183 2647 ut
204 2612 310 2647 sociis
333 2612 585 2648 coniurationis
608 2614 778 2658 minetur,
815 2613 883 2650 nisi
916 2613 1029 2660 ipsum
1061 2614 1239 2650 celerrime
1273 2613 1463 2649 discrimini
1487 2613 1606 2659 eripe-

143 2663 235 2703 rent,
258 2670 299 2694 se
320 2663 428 2694 totam
450 2671 523 2694 rem
545 2659 749 2705 imperatori
774 2660 1042 2698 enuntiatarum.
1080 2661 1147 2696 hoo
1172 2661 1367 2696 mandatum
1393 2664 1606 2705 exsequente

144 2703 663 2751 Theoctistffisonspiratiouis
693 2707 879 2753 populares
912 2718 982 2741 non
1016 2706 1200 2742 mediocris
1230 2706 1375 2742 incessit
1394 2705 1604 2749 sollicitudo,

143 2750 318 2796 anxieque
338 2751 623 2787 consultaverunt
648 2754 819 2798 quomodo
848 2758 884 2788 et
913 2763 1009 2788 suam
1041 2758 1077 2788 et
1099 2753 1264 2789 Michaeli
1295 2752 1362 2788 iam
1386 2752 1423 2786 in
1447 2757 1602 2786 extremo

142 2795 188 2830 de
210 2795 285 2831 vita
307 2808 371 2833 sua
390 2797 545 2844 periculo
572 2799 747 2836 versantis
774 2798 919 2834 salutem
945 2804 1203 2835 conservarent.
1260 2799 1399 2834 tandem
1423 2796 1603 2832 consilium

141 2842 370 2889 componitur,
405 2845 499 2891 quod
522 2849 559 2881 et
578 2845 675 2891 ipsos
698 2845 886 2882 incolumes
910 2844 1064 2882 reddidit
1087 2851 1123 2882 et
1143 2844 1317 2883 Michaelo
1341 2855 1416 2879 oum
1439 2843 1513 2878 vita
1537 2843 1602 2877 im-

199 2894 331 2942 aeon-g.
360 2896 535 2933 Cadmus
562 2902 643 2936 tom.
673 2898 722 2934 11.
1300 2893 1326 2934 5
