1916 3210
327 173 424 222 848
743 169 1038 215 XYLANDRI
1069 170 1142 213 ET
1177 163 1350 214 GOARI

327 287 462 325 duntur
481 282 665 329 rationes,
696 275 855 333 γενικόν
874 279 1006 318 vocari.
1065 275 1218 319 εἰδικόν
1245 278 1357 329 igitur
1381 282 1527 336 γενικᾳῖ
1546 281 1770 332 respondeat
1839 273 1845 282 ’”

326 343 493 394 oportet,
521 340 612 377 sicut
637 337 765 387 generi
790 336 927 388 species
954 339 992 374 et
1012 335 1192 387 privatum
1213 335 1406 374 communi.
1459 341 1499 376 at
1514 335 1595 377 leve
1607 341 1685 386 est,
1711 338 1770 376 in-

327 398 430 448 quis,
457 406 627 441 acumen,
656 393 719 431 ubi
739 392 935 430 auctoritas
958 391 1015 430 vel
1036 404 1080 430 ex
1094 391 1247 430 historia
1266 392 1366 430 locus
1388 392 1521 431 deficit.
1576 396 1769 446 utrumque

324 455 421 490 dicto
438 453 597 489 facturus
623 449 734 487 fidem
754 449 943 500 depromo.
983 446 1089 486 Leon
1110 453 1147 486 et
1166 449 1429 486 Constantinus
1448 448 1516 487 AA
1531 449 1606 488 suis
1621 450 1770 501 inlegi-

324 510 390 547 bus
410 511 510 545 tomo
532 509 560 546 2
583 504 674 543 Iuris
699 503 982 543 Graecoromani
1012 504 1157 542 insertis
1181 504 1313 542 aerarii
1338 505 1521 542 ministros
1549 506 1770 554 instructori,

322 564 539 615 praecipuos
558 565 759 600 memorant
777 559 883 598 titulo
903 560 944 608 7,
977 564 1221 610 quaestorem,
1252 556 1324 600 τὸν
1342 555 1598 609 ἐνδοξότατον
1614 556 1770 614 κόμητα

324 622 404 659 τῶν
426 618 551 658 θείων
573 617 773 665 εἰσοδίων,
803 616 1100 666 gloriosissimum
1127 617 1291 655 comitem
1320 628 1505 656 sacrarum
1524 615 1769 670 largitionum,
1795 662 1798 665 ,

324 676 387 726 qui
411 674 603 725 logotheta
624 677 679 712 est
696 674 770 713 τοῦ
795 673 977 725 γενικοῦ,
1019 672 1076 710 cui
1096 685 1182 711 mox
1199 673 1403 723 adiungunt
1423 669 1496 714 τὸν
1515 669 1770 723 ἐνδοξότατον

324 729 481 782 κόμητα
504 732 586 770 τῶν
609 731 736 769 θείων
765 728 946 775 εἰδικοὸν,
986 728 1285 778 gloriosissimum
1306 730 1473 769 comitem
1493 742 1676 770 sacrarum
1695 730 1772 783 pri-

325 792 488 826 vatarum
499 814 512 835 ,
539 799 622 826 eum
640 786 688 824 de
706 786 833 836 quoin
849 785 1034 836 praesenti
1053 786 1217 835 quaestio
1235 789 1412 828 movetur.
1468 785 1604 825 solidas
1619 799 1666 826 ex
1681 798 1772 826 auro

326 843 528 891 machinas,
561 843 727 892 arbores,
756 841 943 890 animalia,
971 841 1107 880 variam
1130 841 1383 894 supellectilem
1405 837 1591 892 repererat
1605 842 1772 883 recondi-

324 904 400 938 tam
419 900 457 937 in
473 899 651 937 thesauris
667 899 837 950 profusus
854 897 1028 936 Michael:
1056 911 1223 936 nummos
1245 911 1290 937 ex
1307 911 1351 937 ea
1365 899 1588 937 conflaturus
1605 894 1775 952 χαράξαι

328 954 499 995 δέδωκεν
528 957 581 1008 τῷ
613 955 803 1008 βασιλικῷ
834 954 1007 1007 ταμιείῳ.
1059 955 1342 1007 παραπλησίως
1362 952 1406 994 δὲ
1430 953 1624 1008 ἐποίησεν,
1653 954 1774 1006 inquit

326 1016 451 1051 auctor
471 1025 510 1064 p.
529 1010 624 1058 556,
642 1010 709 1050 καὶ
729 1010 774 1051 ἐν
790 1013 875 1057 ταῖς
895 1012 1048 1058 στολαῖς
1067 1011 1305 1062 βασιλικαῖς,
1334 1004 1390 1051 ὧν
1411 1010 1456 1050 αἱ
1471 1008 1543 1062 μὲν
1559 1005 1665 1064 ἦσαν
1682 1007 1772 1053 ὁλό-

326 1080 483 1120 χρυσοι,
513 1066 557 1106 αἱ
586 1065 630 1108 δὲ
657 1062 974 1119 χρυσοῧφαντοι,
1005 1064 1186 1114 δεδωκώς
1211 1069 1268 1122 τῷ
1294 1067 1410 1122 ἰδικῷ
1435 1064 1547 1121 (lego
1573 1069 1771 1107 correctam

327 1125 489 1178 εἰδικῷ)
503 1120 601 1163 ὥστε
624 1122 691 1164 καὶ
711 1119 856 1170 ταύτας
874 1125 1082 1174 χωνεῦσαι.
1139 1122 1226 1161 cui?
1253 1123 1322 1162 nisi
1339 1125 1387 1163 de
1405 1136 1479 1175 quo
1495 1136 1612 1175 nuper
1628 1124 1773 1164 dixerat

328 1179 474 1220 δέδωκε
491 1182 548 1235 τῷ
573 1181 760 1235 βασιλικῷ
783 1179 969 1234 ταμιείῳ,
1007 1184 1049 1217 ut
1077 1179 1291 1218 vocabulum
1317 1179 1600 1232 παραπλησίως
1626 1192 1772 1220 sensum

327 1237 481 1275 eundem
499 1234 750 1287 consequatur.
805 1248 880 1274 non
900 1237 1002 1274 fuere
1021 1239 1145 1274 tamen
1163 1237 1319 1286 signata,
1348 1249 1466 1287 eaque
1483 1236 1639 1277 Basilius
1653 1237 1772 1288 impe-

325 1294 418 1331 rium
436 1293 595 1342 adeptus
619 1292 770 1343 reperit.
799 1290 890 1329 ubi?
919 1291 962 1332 ἐν
984 1291 1114 1346 εἰδίξῳ
1135 1293 1260 1330 scribit
1278 1294 1493 1341 Cedrenus,
1520 1291 1640 1332 velut
1662 1304 1774 1345 supe-

324 1350 398 1386 rius
422 1347 464 1388 ἐν
488 1348 622 1402 ἰδικῷ,
651 1348 890 1400 Curopalates
918 1347 961 1388 ἐν
981 1347 1128 1404 εἰδικῷ.
1183 1361 1257 1387 uno
1278 1350 1392 1388 verbo
1410 1349 1448 1387 in
1466 1350 1612 1401 privato
1631 1349 1774 1388 aerario

323 1405 383 1443 vel
402 1406 629 1452 conflatorio,
672 1418 745 1455 quo
765 1404 937 1456 principis
958 1400 1063 1452 εἶδος
1084 1405 1230 1454 speeies
1252 1409 1290 1444 et
1311 1405 1449 1443 vultus
1464 1408 1634 1444 monetae
1648 1404 1776 1457 impri-

324 1461 444 1499 mitur.
482 1461 603 1511 paucis
622 1461 806 1499 Zonaras:
836 1459 1007 1501 δέδωκεν
1029 1460 1085 1508 εἰς
1103 1457 1148 1501 τό
1166 1463 1340 1512 κοπῆναι
1359 1459 1455 1514 νόμι
1511 1477 1536 1501 α
1554 1456 1610 1501 δι’
1630 1456 1774 1509 αότῶν,

323 1513 441 1556 ἅτινα
469 1515 620 1556 ἐκείνου
651 1515 878 1568 φθαρέντος
916 1516 972 1557 ἔτι
1000 1513 1201 1569 σωζόμενα
1234 1515 1258 1558 o‘
1284 1513 1368 1570 μετ’
1394 1514 1517 1559 αὐτον
1537 1513 1776 1571 βασιλεύσας

322 1573 528 1619 Βασίλειος
548 1568 822 1624 ἀνεκομίσατο.
879 1573 1018 1613 GoAR.

433 1632 459 1665 t.
478 1628 511 1666 11
538 1641 578 1679 p.
596 1629 678 1668 203
696 1642 730 1667 v.
752 1630 818 1669 10.
874 1628 1198 1678 instrumentum]
1235 1629 1411 1667 musicum
1441 1631 1551 1679 pum,
1588 1624 1774 1681 ὄργανον,

323 1685 387 1721 εἰη
423 1683 546 1735 Orgel
570 1684 663 1721 oder
690 1685 945 1723 Instrument.
1016 1685 1065 1725 de
1094 1686 1235 1724 Genico
1266 1689 1482 1725 annotatum
1513 1687 1571 1723 est
1596 1684 1775 1737 principio

321 1736 464 1793 operis.'
512 1741 614 1778 XYr..

434 1799 463 1833 t.
480 1795 514 1834 11
541 1810 576 1848 p.
594 1794 677 1838 204
696 1808 731 1834 v.
751 1796 793 1836 8.
849 1792 894 1837 τό
920 1790 1133 1848 λεγόμενον
1157 1791 1320 1852 γενικόν
1346 1795 1448 1835 locus
1468 1795 1507 1835 in
1524 1807 1599 1847 qno
1627 1792 1677 1836 τοὶ
1705 1795 1776 1848 δη-

325 1848 446 1905 μόσιοι
468 1851 557 1904 τέλη
580 1847 890 1905 εἰσπράττονται.
947 1854 1088 1892 Gom.
1581 1861 1584 1864 '

437 1907 492 1945 ib.
525 1922 560 1947 v.
591 1910 632 1949 9.
687 1905 796 1961 παρα
814 1911 889 1950 τοῦ
907 1907 1120 1962 δημοσίου]
1146 1920 1170 1946 a
1186 1908 1334 1960 publico
1351 1913 1539 1945 exactore.
1579 1908 1718 1950 GOAR.

438 1963 493 2002 ib.
524 1977 559 2003 v.
591 1966 658 2005 11.
713 1963 770 2012 εἷς
795 1963 870 2017 τήν
899 1964 1111 2018 εἰρημένην
1138 1962 1368 2016 διατριβήν]
1403 1963 1539 2002 nullum
1564 1964 1622 2003 hic
1639 1976 1774 2003 nomen

327 2021 515 2071 proprium
542 2020 690 2072 proprie
718 2020 883 2071 loquenti
909 2021 1121 2071 Xylandro:
1148 2020 1288 2058 iudicii
1320 2021 1448 2058 locum
1476 2020 1617 2070 absque
1639 2021 1775 2059 iudicio

325 2080 454 2124 notat,
481 2078 518 2115 in
533 2078 619 2115 ficta
633 2076 812 2116 Diatriba.
866 2077 995 2130 planus
1016 2077 1174 2117 auctoris
1195 2089 1334 2116 seusus.
1391 2076 1450 2113 ad
1473 2074 1603 2114 locum
1627 2089 1775 2114 memo-

264 2174 269 2179 ·
326 2138 476 2178 ratam,
503 2128 663 2186 γενικόν
683 2133 861 2183 nimirum,
889 2135 937 2173 de
954 2147 1027 2185 quo
1043 2135 1093 2173 illi
1110 2146 1228 2173 sermo
1244 2137 1336 2172 erat.
1393 2133 1528 2171 Gom.

435 2193 461 2227 t.
483 2188 516 2227 11
545 2203 580 2240 p.
602 2191 685 2231 206
703 2202 738 2228 v·
760 2192 824 2230 11.
886 2190 1106 2243 Τεφρικῆς]
1158 2191 1246 2242 urbs
1283 2190 1374 2229 haec
1402 2193 1441 2228 et
1470 2200 1707 2239 quaecunque
1734 2188 1775 2226 in

323 2246 559 2294 sequentibus
577 2245 657 2284 loca
675 2251 875 2286 memorata
890 2252 976 2285 sunt
986 2246 1139 2286 Cilicum
1160 2259 1285 2286 versus
1304 2245 1512 2285 Armeniam
1530 2249 1568 2284 et
1583 2243 1776 2283 Armeniae

322 2301 470 2338 minoris
490 2300 579 2340 loca.
636 2302 763 2341 Gom.

435 2361 461 2395 t.
483 2357 516 2394 Il
545 2371 583 2409 p.
606 2358 690 2400 209
720 2372 755 2397 v.
784 2358 850 2398 13.
906 2357 1137 2406 ταινιωθεὶς
1164 2354 1400 2409 στεφάνοις]
1440 2355 1553 2396 semel
1574 2355 1775 2406 suscipiens

322 2412 525 2462 imperium,
555 2417 594 2451 et
611 2416 770 2454 secundo
788 2416 1012 2466 quandoque
1028 2415 1254 2467 triumphans
1268 2443 1280 2463 ,
1308 2413 1549 2452 coronabatur
1565 2412 1776 2462 imperator.

322 2469 461 2518 primae
479 2471 719 2508 coronationis
748 2472 890 2521 insigne
920 2470 1068 2523 στέμμα
1097 2477 1154 2510 est
1173 2471 1341 2517 Codino‚
1375 2469 1522 2508 alterius
1550 2467 1655 2504 huius
1683 2479 1777 2518 τρο-

322 2525 510 2575 παιουχία
531 2526 648 2564 eidem
669 2540 701 2566 c.
719 2529 756 2569 6.
784 2527 837 2565 ita
856 2528 1039 2578 Georgius
1060 2528 1233 2566 Coresius
1248 2528 1287 2565 in
1304 2524 1486 2577 Epistolis.
1501 2524 1640 2561 GoAn.

433 2585 462 2617 t·
482 2581 514 2617 Π
542 2595 578 2632 p.
597 2584 679 2623 210
693 2595 730 2620 v.
747 2581 786 2623 4.
843 2586 918 2623 τοῦ
937 2581 1188 2636 Χαρσιανοῦ]
1216 2582 1477 2634 Cappadociae
1496 2579 1579 2618 loci.
1637 2578 1775 2619 GoAR.

435 2639 463 2672 t.
482 2637 513 2673 11
535 2650 571 2687 p.
593 2640 676 2680 212
697 2651 733 2680 V.
750 2642 788 2681 6.
845 2652 921 2677 non
941 2640 1162 2690 assequebar
1186 2640 1276 2689 quid
1305 2638 1375 2676 sibi
1399 2637 1488 2675 illud
1508 2630 1672 2686 πάτρων
1693 2633 1774 2672 vel-

328 2688 398 2737 let,
433 2703 480 2728 an
504 2697 672 2741 parentes
690 2694 746 2733 vel
766 2696 919 2734 maiores
933 2724 944 2744 ‚
973 2697 1075 2747 quod
1098 2696 1158 2734 vix
1178 2695 1359 2746 quadrat,
1391 2706 1473 2732 cum
1491 2692 1539 2729 ab
1558 2692 1639 2742 ipso
1654 2690 1776 2740 Chry-

329 2745 470 2783 sochire
494 2752 621 2798 captus
644 2751 784 2789 dicatur
806 2751 976 2800 Pulades,
1004 2764 1050 2789 an
1074 2756 1268 2803 patronum
1290 2750 1527 2800 significaret,
1555 2747 1677 2796 itaque
1693 2756 1775 2785 eum

330 2798 532 2852 σαρκᾶζων
553 2806 767 2857 appellaret.
822 2808 948 2859 itaque
965 2809 1079 2850 omisi.
1107 2808 1212 2848 Χῑῑ..
1268 2804 1541 2856 Chrysocheiris
1558 2803 1644 2841 olim
1659 2801 1777 2852 capti-
