1916 3210
315 165 412 212 668
713 166 936 210 IOANNIS
971 166 1360 211 CUROPALATAE

313 276 431 334 3'02903
457 281 663 334 προσεχῶς
692 282 933 333 προσβαλεῖν
961 280 1029 322 καὶ
1060 278 1190 337 ἄρδην
1217 279 1442 337 ἀνατρέψαι
1464 281 1537 336 τὴν
1553 281 1762 339 Ῥωμαίων

311 347 378 387 καὶ
409 348 607 387 καθελεῖν.
648 383 650 385 .
675 343 697 386 ὃ
727 346 772 388 ὑὲ
795 346 986 399 βασιλεὺς
1010 347 1180 404 στρατὸν
1200 346 1442 403 ἐπαγόμενος
1460 349 1535 404 οὔχ
1551 344 1641 394 οἷον
1658 352 1762 404 εῗκός

311 412 381 454 τὸν
402 412 572 466 βασιλέα
592 410 822 466 Ῥωμαίων,
863 415 956 456 ἀλλ’
981 412 1067 458 οἷον
1082 422 1268 472 παρεῖχεν
1287 414 1308 458 ὃ
1329 415 1470 473 καιρὸς
1486 416 1529 460 {Se
1549 418 1758 463 ’τε-’Μακε-

309 478 436 523 δόνων
460 481 526 521 καὶ
551 479 798 537 Βουλγᾶρων
816 484 883 525 καὶ
900 485 1187 527 Καππαδοκῶν
1203 486 1268 526 καὶ
1290 483 1430 538 Ου’ζων
1447 486 1516 528 καὶ
1530 490 1610 529 τῶν
1627 477 1759 540 ἄλλως

261 556 289 589 Β
314 546 623 604 παρατυχόντων
655 550 825 593 ἐθνικῶν
835 582 851 602 ,
891 551 994 607 πρὸς
1024 552 1068 595 δὲ
1099 554 1169 595 καὶ
1200 550 1400 609 Φράγγων
1425 555 1492 596 καὶ
1519 544 1791 612 Βαρᾶγγωνρ

308 619 381 670 τῆς
415 613 511 658 ὁδοῦ
545 618 775 668 σπουδαίως
804 616 1011 676 ἐφήψατο.
1078 622 1145 663 καὶ
1178 618 1441 676 συνήχθησαν
1472 621 1522 664 δὲ
1546 622 1586 665 οἱ
1615 620 1760 676 πάντες
1811 669 1814 672 ,

309 682 518 738 κελεύματι
536 688 733 744 βασιλικῷ
750 686 792 728 ἓν
807 691 858 744 τῇ
878 688 1038 748 Φρυγία
1052 687 1141 744 ἤτοι
1157 692 1217 747 τῷ
1234 690 1384 744 θέματι
1401 694 1482 733 τῶν
1501 689 1762 745 ἀνατολικῶν,

309 751 411 794 ἔνθα
434 753 501 794 καὶ
519 747 570 807 ἦν
589 754 687 796 ἰδεῖν
703 754 749 796 τὸ
770 754 1023 813 παράδοξον,
1056 757 1152 808 τοὺς
1172 756 1412 812 διαβοήτους
1427 755 1664 814 προμάχους
1678 763 1763 803 τῶν

302 818 509 875 Ῥωμαίων
533 825 615 864 τῶν
643 826 779 866 πᾶσαν
801 823 875 879 τὴν
897 823 1001 882 ἑῴαν
1023 827 1089 867 καὶ
1112 825 1185 881 τὴν
1205 824 1375 882 ἑσπέραν
1395 827 1758 883 καταδουλωσαμέ-

304 905 385 930 νιον
419 890 461 939 ἐξ
493 888 634 945 ὀλίγων
664 892 941 947 συγκειμένους
967 893 1147 949 ἀνδρῶν,
1177 895 1243 936 καὶ
1270 893 1422 937 τούτων
1450 889 1756 953 ουγκεκυφότὼν
1768 900 1812 938 10

305 961 356 1013 τῇ
387 957 501 1017 πενία
532 959 599 1000 καὶ
630 961 824 1020 κακουχίᾳ
844 963 911 1003 καὶ
928 963 1149 1013 πανοπλίας
1166 963 1455 1019 ἓστερημένων,
1488 963 1577 1006 ἀντὶ
1603 976 1757 1018 μαχαιιό

307 1029 389 1080 ρῶν
412 1026 480 1067 καὶ
504 1024 636 1068 ἄλλων
658 1022 838 1084 ὃργᾶνων
857 1033 1082 1083 πολεμικῶν
1090 1062 1105 1082 ,
1135 1029 1181 1073 τὸ
1202 1035 1275 1085 τῆς
1295 1036 1459 1088 γραφῆς
1481 1031 1583 1088 ἐρεῖν
1593 1063 1607 1084 ,
1643 1030 1757 1086 {1392}-

253 1105 282 1139 c
306 1111 379 1143 νας
405 1095 471 1135 καὶ
498 1094 676 1150 ὁρέπανα
704 1095 776 1138 οὒκ
803 1097 845 1139 ἐν
872 1101 1001 1155 καιρῷ
1031 1095 1188 1155 εἰρήνης
1218 1099 1486 1155 ἐπαγομένους
1491 1130 1506 1151 ,
1548 1101 1679 1143 ιἵππου
1710 1117 1754 1144 τε

303 1165 522 1216 πολεμικοῦ
552 1164 618 1205 καὶ
645 1167 716 1219 τῆς
740 1163 866 1221 ἄλλης
893 1171 1150 1223 παρασκευῆς
1182 1167 1329 1218 ἐνδεῶς
1355 1166 1542 1222 ὲβςοντας,
1587 1165 1657 1211 ἅτε
1692 1168 1753 1224 μὴ

301 1231 648 1287 στρατευσαμένου
676 1233 876 1286 βασιλέως
905 1235 948 1276 ἔκ
978 1238 1157 1286 πολλοῦ,
1194 1237 1262 1278 καὶ
1299 1235 1369 1278 διὰ
1398 1239 1517 1278 τοῦτο
1545 1231 1601 1286 ὥς
1625 1233 1752 1293 ἂχρή-
1765 1241 1809 1277 15

299 1315 406 1341 στων
433 1300 500 1341 καὶ
530 1301 756 1343 ἀσυντελῶν
782 1304 850 1344 καὶ
875 1302 945 1345 τὸν
965 1302 1168 1357 ὂψωνικόν
1189 1303 1323 1346 αὐτῶν
1341 1304 1669 1360 παραιρεθέντων
1687 1305 1754 1347 καὶ

296 1367 343 1410 τὸ
364 1366 560 1410 ἀνέκαθεν
580 1369 816 1426 σιτηρέσιον.
885 1372 1009 1414 δειλοὶ
1027 1371 1105 1429 γὰρ
1124 1373 1189 1414 καὶ
1208 1372 1417 1422 ἀναλκίδες
1433 1373 1501 1414 καὶ
1519 1371 1621 1428 πρὸς
1638 1372 1754 1415 οὗδέν

297 1441 474 1491 γενναῖον
510 1437 822 1493 χρησιμεύοντες
862 1441 1170 1497 κατεφαίνοντο,
1218 1441 1285 1482 καὶ
1318 1439 1448 1491 αὐτᾶς
1474 1439 1549 1491 τὰς
1577 1441 1755 1496 σημαίας

296 1508 511 1560 σιωπηρῶς
537 1504 873 1563 ἀποφθέγγεσθαι
900 1508 1071 1564 πιναρὰς
1098 1506 1307 1565 ὁρωμένας
1326 1507 1460 1565 ῶσπερ
1487 1507 1567 1550 ἀπὸ
1595 1507 1753 1564 λιγνύος

297 1572 551 1629 ἕζοφωμένας
589 1575 769 1627 καπνοῦ,
809 1576 878 1617 καὶ
917 1575 1095 1629 ὀπαδοὺς
1130 1575 1300 1631 ἐχούσας
1342 1573 1643 1632 εὐαριθμήτους
1681 1578 1810 1619 amizo

295 1639 518 1696 πενιχρούς.
548 1647 688 1686 ταῦτα
709 1648 792 1694 τοῖς
812 1647 1009 1699 παροῦσιν
1027 1641 1211 1700 δρώμενα
1230 1644 1381 1700 πολλὴν
1399 1644 1582 1698 ἀθυμίαν
1597 1648 1752 1701 προσῆ-

296 1724 368 1764 γον
395 1710 463 1751 καὶ
491 1709 711 1763 ἕνεποίουν,
746 1711 1088 1768 ἀναλογιζομένοις
1114 1713 1157 1764 ἐξ
1186 1714 1284 1755 οἵων
1308 1719 1384 1756 ποῖ
1405 1709 1673 1768 κατηντήκασι
1698 1712 1754 1756 τοὶ

385 1837 434 1873 20
455 1835 688 1883 ἕζοφωμένου
712 1840 741 1875 Ρ

297 1964 341 1987 ex
371 1953 567 1997 propinquo
599 1958 719 1998 posset
748 1953 919 1988 invadere·
947 1957 984 1988 et
1012 1954 1150 2000 penitus
1182 1954 1413 1988 Romanorum
1443 1965 1502 1988 res
1527 1956 1686 1989 evertere
1708 1966 1754 1989 ac

295 1997 466 2032 demoliri.
514 1998 703 2044 imperator
733 2004 847 2034 autem
878 1999 1053 2034 adducens
1088 2001 1299 2044 exercitum,
1336 2011 1406 2034 non
1438 1999 1572 2054 qualem
1604 2001 1752 2035 decebat

295 2045 526 2078 Romanorum
568 2044 830 2090 imperatorem,
868 2046 928 2080 sed
969 2046 1104 2091 qualem
1137 2057 1304 2091 praesens
1336 2047 1474 2080 occasio
1508 2045 1672 2092 praebuit
1704 2057 1750 2080 ex

295 2089 548 2124 Macedonibus
572 2095 608 2124 et
630 2090 792 2135 Bnlgaris
814 2097 851 2125 et
872 2092 1138 2137 Cappadocibus
1161 2097 1197 2127 et
1219 2091 1306 2126 Uzis
1328 2095 1364 2126 et
1387 2090 1483 2135 aliis,
1515 2096 1554 2125 ut
1584 2092 1659 2125 fors
1689 2095 1747 2126 tu-

294 2135 404 2180 lerat,
428 2135 648 2180 nationibus,
674 2136 885 2182 insuperque
910 2149 929 2172 e
951 2138 1099 2172 Francis
1124 2143 1160 2172 et
1181 2137 1370 2182 Barangis,
1398 2137 1554 2172 studiose
1570 2137 1641 2172 iter
1657 2137 1748 2171 arri-

292 2182 392 2227 puit,
428 2186 464 2216 et
486 2182 602 2218 coacti
626 2187 706 2216 sunt
726 2182 946 2228 imperatoris
973 2183 1069 2218 iussu
1093 2195 1210 2218 omnes
1242 2184 1302 2228 qui
1328 2187 1428 2217 erant
1449 2184 1487 2216 in
1509 2182 1607 2227 Phry
1631 2182 1666 2218 ia
1685 2193 1748 2218 seu

317 2226 474 2261 rovincia
494 2227 739 2262 Orientalium.
787 2228 847 2263 ubi
870 2240 1014 2263 cernere
1036 2234 1177 2275 poterat
1196 2229 1314 2263 nescio
1337 2229 1421 2274 quid
1442 2228 1612 2262 incredibi
1626 2240 1663 2272 e,
1688 2239 1747 2263 ee-

290 2239 405 2307 febres
430 2273 510 2307 illos
531 2273 775 2319 antesignanos
799 2275 1051 2320 Romanorum,
1085 2276 1145 2320 qui
1168 2286 1300 2309 omnem
1322 2280 1358 2309 et
1379 2274 1559 2309 Orientem
1582 2278 1617 2308 et
1640 2273 1747 2308 Occi-

291 2320 427 2353 dentem
451 2318 489 2352 in
511 2319 715 2354 servitutem
739 2321 967 2365 redegerant,
996 2333 1039 2356 ex
1062 2320 1181 2367 paucis
1205 2320 1291 2355 viris
1315 2319 1494 2364 collectos,
1520 2319 1636 2364 iisque
1657 2331 1748 2365 peu-

289 2370 427 2410 pertate
451 2368 488 2399 et
509 2365 694 2399 vexatione
718 2365 875 2400 demissis
899 2373 1004 2412 atque
1025 2367 1118 2402 omni
1138 2377 1309 2401 armorum
1328 2377 1457 2411 genere
1478 2365 1654 2411 spoliatiS,
1682 2377 1746 2411 pro

289 2411 413 2455 gladiis
446 2415 482 2445 et
516 2411 593 2445 aliis
626 2411 762 2445 bellicis
795 2411 916 2456 armis,
948 2417 986 2447 ut
1018 2414 1191 2459 scriptura
1214 2412 1316 2456 dicit,
1351 2410 1465 2446 iacula
1487 2416 1523 2446 et
1545 2410 1653 2445 falces
1677 2422 1747 2445 non

289 2462 445 2500 tempore
468 2456 564 2502 pacis
588 2456 862 2502 adducentibus,
886 2463 921 2493 et
941 2458 1065 2493 bellico
1090 2459 1247 2504 equitatu
1271 2457 1407 2502 alioque
1425 2455 1663 2501 indigentibus
1680 2467 1746 2502 up-

288 2507 434 2546 paratu,
471 2502 602 2548 quippe
638 2514 714 2538 cum
746 2502 937 2549 imperator
958 2504 1041 2539 illuc
1065 2516 1140 2539 cum
1167 2503 1322 2538 exercitu
1343 2503 1544 2548 iampridem
1567 2502 1746 2548 profectus

289 2559 358 2580 non
379 2552 491 2591 esset,
515 2554 551 2582 et
573 2548 639 2582 hac
662 2549 707 2583 de
730 2560 835 2584 causa
856 2549 924 2584 iuis
946 2554 1108 2595 tanquam
1131 2550 1310 2584 inutilibus
1332 2549 1492 2594 adempta
1512 2551 1628 2582 essent
1648 2547 1746 2582 ciba-

289 2593 343 2627 ria
367 2597 403 2626 et
426 2593 485 2638 qui
508 2594 671 2638 praeberi
693 2601 922 2630 consueverat
944 2601 1169 2631 commeatus:
1194 2595 1306 2629 timidi
1330 2593 1420 2629 enim
1445 2598 1481 2628 et
1499 2592 1687 2627 imbecilles
1710 2596 1746 2627 et

290 2638 334 2671 ad
358 2639 484 2672 nullam
505 2651 578 2674 rem
601 2644 776 2675 strenuam
799 2641 878 2675 usui
901 2643 1151 2685 censebantur3
1189 2641 1239 2676 ita
1271 2646 1311 2675 ut
1342 2640 1444 2674 etiam
1472 2639 1550 2684 ipsa
1572 2638 1672 2683 signa
1693 2638 1742 2672 si—

292 2684 400 2717 lentio
431 2685 702 2731 responderent,
739 2687 880 2721 sordida
911 2693 1114 2733 conspecta,
1146 2691 1308 2732 tanquam
1341 2686 1385 2720 ab
1417 2685 1588 2719 exstincto
1618 2683 1744 2719 lumine

293 2729 476 2764 obscurato
506 2730 622 2776 fumo,
657 2736 693 2766 et
723 2744 853 2777 paucos
883 2733 1049 2768 habentia
1078 2733 1253 2767 ministros
1277 2742 1406 2776 eosque
1428 2741 1614 2776 pauperes.
1658 2729 1744 2763 haec

291 2773 337 2807 iis
362 2774 421 2819 qui
444 2776 591 2811 aderant
613 2778 832 2813 cernentibus
855 2790 958 2814 causa
982 2784 1084 2814 erant
1105 2783 1144 2813 ut
1167 2777 1305 2812 multum
1327 2777 1581 2821 desponderent
1597 2774 1741 2808 animum

293 2826 331 2854 ct
352 2826 566 2867 metuerent,
592 2823 787 2869 cogitantes
811 2835 855 2859 cx
876 2836 944 2871 quo
969 2830 1062 2862 statu
1082 2824 1121 2860 in
1144 2835 1243 2871 quem
1264 2822 1399 2859 redacti
1422 2821 1494 2857 sint
1514 2821 1743 2856 Romanorum
