1916 3210
317 183 414 230 48⁸2
786 182 1021 227 GEORGII
1046 183 1288 227 CEDRENI

317 299 383 340 καὶ
396 293 687 351 Ἀσπρακανίας
695 325 708 347 ,
741 293 812 337 τὸν
842 295 910 336 καὶ
935 293 987 337 τὰ
1011 291 1230 351 πρόσχωρα
1248 290 1502 346 ὕποτάξαντα
1523 293 1647 353 ἔθνη,
1689 296 1751 340 δι’

317 365 447 407 αι’τίαν
466 364 538 416 μὲν
558 361 718 418 εὔλογον
739 361 942 417 οὐδεμίαν,
974 367 1047 416 τῆς
1065 363 1108 404 δὲ
1127 363 1271 420 ἀρετῆς
1287 360 1502 420 φθονήσας
1516 363 1756 423 ἀπετῦφλω-

315 449 397 483 σεν,
431 429 608 486 ἔγκλημα
623 427 752 488 τούτῳ
774 428 1060 481 καθοσιώσεως
1079 428 1304 486 ἐπενεγκών.
1371 424 1488 481 οὗτος
1504 430 1583 489 γὰρ
1596 431 1756 476 πολλά-

316 516 376 548 κις
395 495 717 552 συμπλεκόμενος
736 503 819 547 τοῖς
837 499 1006 554 γείτοσιν
1031 499 1073 541 ἐν
1092 500 1240 558 Μηδία
1262 500 1533 554 Σαρακηνοῖς,
1575 500 1644 542 καὶ
1660 499 1756 551 τούς

265 575 297 609 D
319 565 464 609 ἑαυτοῦ
485 563 733 622 στρατιώτας
748 566 1086 621 μαλακιζομένους
1106 564 1211 623 ὁρῶν
1228 567 1295 609 καὶ
1316 565 1367 609 τὰ
1385 569 1493 609 νῶτα
1512 566 1788 624 στρέφοντας-5

310 632 502 688 ἀκόσμως
519 635 587 676 καὶ
607 632 847 690 φεύγοντας,
880 636 947 677 καὶ
971 635 1024 676 τὰ
1048 634 1123 688 μὲν
1145 634 1354 687 ὀνειδίζων,
1390 633 1442 676 τὰ
1466 634 1512 676 δὲ
1534 635 1602 677 καὶ
1623 650 1757 692 παραμ-
1801 673 1804 676 ,

316 705 449 745 καλῶν
475 700 533 756 μὴ
564 700 669 744 οὕτω
698 699 855 758 φεύγειν
877 703 1054 759 αῗσχρῶς
1076 701 1171 744 ἀλλ’
1190 704 1388 746 ἵστασθαι
1408 701 1512 744 κατὰ
1540 705 1622 745 τῶν
1647 702 1758 746 ἅντι-

312 767 452 812 πάλων
478 770 684 824 γενναίως,
729 768 857 813 ἔπεισε
880 771 1230 825 συγκαταθέσθαι.
1299 768 1354 820 ὡς
1382 770 1427 812 δὲ
1453 770 1521 812 καὶ
1550 768 1759 824 ἐνωμότως

312 838 387 890 τὴν
412 835 631 880 κατάθεσιν
656 842 881 891 βεβαιῶσαι
901 832 1019 889 οὗτος
1039 837 1178 895 ἀπῄτει
1187 870 1200 890 ,
1236 836 1296 881 ὅτι
1315 838 1389 882 σὺν
1408 836 1517 896 αὐτῷ
1537 841 1758 882 θανοῦνται

313 902 532 960 μαχόμενοι
560 905 662 963 πρὸς
683 905 777 956 τοὺς
804 907 1040 961 πολεμίους,
1075 906 1275 964 ἔγγραφον
1302 904 1543 949 ἕκδεδώκασι
1567 922 1759 963 γραμμα-
1769 912 1814 948 10

313 979 431 1025 τεῖον,
465 971 834 1027 παλαμναιοτάταις
851 974 966 1032 ἄραΐς
984 977 1050 1017 καὶ
1069 972 1405 1032 φρικωδεστάτοις
1421 971 1556 1030 ὅρκοις
1578 974 1760 1028 ἐμπεδω-

315 1040 480 1096 σάμενοι
500 1046 641 1096 στῆναι
661 1041 877 1098 ῥωμαλέως
896 1043 938 1085 ἓν
955 1046 1006 1099 τῇ
1033 1041 1251 1099 παρατάξει
1279 1044 1345 1084 καὶ
1365 1042 1584 1085 ἀποθανεῖν
1610 1041 1761 1100 our-‘up'

316 1114 542 1167 στρατηγῷ.
607 1114 725 1153 τοῦτο
746 1108 801 1160 ὥς
821 1105 947 1166 ἦλθεν
979 1113 1034 1161 εἷς
1063 1105 1148 1152 ὦτα
1174 1115 1247 1153 τοῦ
1267 1111 1592 1162 Κωνσταντίνου,
1625 1127 1760 1167 παρα-

317 1175 454 1219 λύεται
481 1178 554 1231 μὲν
583 1177 710 1228 εὐθὺς
739 1182 812 1233 τῆς
842 1178 970 1235 ἀρχῆς
998 1176 1275 1235 ὅΝικηφόρος
1297 1180 1363 1220 καὶ
1395 1180 1450 1228 εἷς
1478 1177 1551 1232 τὴν
1568 1178 1760 1231 βασιλίδα

317 1243 538 1301 εἰσάγεται,
572 1244 777 1302 κριτήριόν
805 1263 847 1289 τε
881 1248 948 1289 καὶ
977 1250 1093 1300 βῆμα
1122 1241 1245 1303 ἦρτο,
1283 1248 1350 1289 καὶ
1376 1243 1680 1298 καταδικάζεται
1705 1244 1762 1295 ὥς
1773 1254 1814 1291 15

317 1311 642 1368 συνομοσάμενος
676 1314 780 1357 κατὰ
810 1319 883 1369 τῆς
918 1315 1146 1369 βασιλείας,
1193 1316 1260 1357 καὶ
1297 1315 1371 1364 τὰς
1399 1312 1520 1368 ὄψεις
1549 1306 1761 1371 πηροῦται.

170 1395 204 1426 P·
229 1394 300 1429 721
322 1382 490 1436 ἒγκοτῶν
510 1382 553 1423 δὲ
570 1383 637 1423 καὶ
657 1380 805 1440 Βάρδᾳ
826 1383 1021 1440 πατρικίῳ
1041 1388 1098 1440 τῷ
1112 1381 1262 1441 ἐκγόνῳ
1281 1387 1355 1425 τοῦ
1374 1384 1595 1439 μαγίστρου
1613 1379 1762 1438 Βάρδα

317 1454 389 1492 τοῦ
411 1452 535 1491 Φωκᾶ
553 1450 625 1491 καί
642 1466 743 1492 τισιν
765 1449 923 1502 ἄλλοις,
957 1449 1097 1507 ῥάπτει
1125 1449 1193 1492 διά
1219 1467 1327 1501 τινος
1350 1454 1429 1493 τῶν
1452 1449 1763 1508 παρατρεφομέ-
1813 1440 1818 1443 ’

317 1533 396 1560 νων
418 1521 679 1573 συκοφαντῶν
694 1520 927 1574 τυραννίδος
944 1519 1124 1561 ἐπίθεσιν
1145 1519 1241 1560 κατ’
1265 1519 1403 1570 αὐτοῦ,
1432 1520 1498 1560 καὶ
1517 1518 1643 1568 εὐθὺς
1659 1517 1763 1560 ἀπο-

318 1588 470 1642 τυφλοΐ
486 1589 627 1627 τοῦτον
649 1588 716 1627 καὶ
739 1585 832 1636 τούς
853 1586 1222 1640 συνδιαβληθέντας
1243 1587 1364 1644 αὐτῷ.
1429 1588 1498 1627 καὶ
1521 1584 1698 1635 στάσεως
1716 1584 1816 1630 δὲ20

317 1653 529 1708 γενομένης
565 1653 607 1694 ἐν
635 1658 685 1709 τῇ
715 1652 949 1712 Ναυπάκτῳ
978 1654 1081 1697 κατὰ
1114 1655 1315 1710 Γεωργίου
1345 1658 1417 1696 τοῦ
1447 1657 1763 1711 στρατηγοῦντος

320 1720 466 1775 ωὗτῆς,
502 1719 547 1762 ὃν
571 1722 642 1762 καὶ
661 1720 985 1778 Μωρογεώργιον
1005 1720 1172 1765 ἐκάλουν
1193 1722 1262 1764 διὰ
1291 1721 1336 1765 τὸ
1360 1721 1534 1765 ἄστατον
1561 1726 1634 1777 τῆς
1659 1719 1763 1778 γνώ-

319 1806 399 1843 μης
408 1820 423 1841 ,
470 1788 689 1845 ἀναιρεῖται
708 1789 781 1843 μὲν
800 1788 821 1832 ὅ
844 1789 1087 1847 στρατηγός,
1127 1788 1390 1847 διαρπάζουσι
1413 1790 1540 1833 δὲκαὶ
1560 1789 1612 1832 τὰ
1633 1805 1764 1847 προσ-

406 1907 432 1941 9
453 1905 658 1987 μαχοῦντιέι
672 1904 773 1951 ’πρός
793 1905 883 1948 τοὺς
903 1907 1099 1951 πολεμίους
1119 1905 1319 1954 μαχόμενοι
1336 1907 1367 1942 C
1504 1907 1548 1945 17
1568 1905 1638 1942 τοῦ
1660 1904 1765 1952 μαγί-

410 1961 522 1996 στρου
539 1963 599 1986 οιιι

319 2053 456 2089 dentem
488 2064 530 2088 ac
559 2053 689 2088 virtute
720 2056 755 2089 et
783 2054 987 2090 fortitudine
1022 2054 1173 2090 inclitum
1187 2081 1197 2100 ,
1228 2054 1291 2100 qui
1312 2053 1545 2100 Aspracaniae
1566 2053 1766 2100 praefectus

319 2099 468 2134 finitima
491 2100 694 2147 subegerat,
725 2099 848 2134 nullam
865 2102 916 2135 ob
938 2101 1061 2136 iustam
1081 2113 1240 2145 cansam,
1275 2101 1337 2135 sed
1359 2100 1481 2135 virtuti
1502 2099 1648 2134 hominis
1671 2098 1763 2133 invi-

320 2146 427 2188 dens,
458 2145 648 2180 maiestatis
677 2157 772 2180 reum
807 2146 892 2180 fecit
913 2159 953 2182 ac
974 2147 1158 2181 lumin-ibus
1181 2146 1330 2181 orbavit.
1376 2146 1408 2180 ie
1431 2145 1520 2180 enim
1542 2144 1764 2189 Nicephorus

321 2201 429 2235 saepe
449 2202 523 2225 cum
545 2190 671 2226 vicinis
693 2191 729 2225 in
749 2192 868 2226 Media
889 2193 1074 2228 Saracenis
1100 2203 1317 2237 congressus,
1338 2203 1415 2226 cum
1437 2191 1574 2226 videret
1592 2201 1675 2225 suos
1698 2189 1763 2224 mi-

320 2235 401 2270 lites
424 2236 516 2271 hosti
538 2237 687 2283 turpiter
708 2242 807 2281 terga
824 2237 997 2282 obiicere,
1023 2239 1260 2283 exprobrando
1285 2238 1334 2272 eie
1357 2236 1551 2280 mollitiem,
1577 2235 1766 2270 hortando-

314 2292 389 2326 que
415 2293 460 2316 ne
488 2283 573 2326 fuga
600 2282 695 2328 turpi
716 2284 777 2317 sed
800 2284 940 2318 fortiter
962 2285 1144 2329 pugnando
1168 2296 1206 2318 se
1228 2288 1428 2324 tuerentur,
1459 2283 1507 2317 ad
1529 2280 1765 2316 fortitudinem

320 2327 503 2362 excitavit.
550 2339 694 2373 cumque
725 2330 769 2363 ab
792 2329 836 2363 iis
869 2330 971 2364 etiam
994 2330 1215 2364 iureiurando
1239 2329 1308 2364 sibi
1333 2328 1488 2374 promitti
1510 2331 1670 2372 posceret
1691 2337 1765 2360 cum

319 2371 399 2417 ipso
424 2374 468 2407 ad
491 2379 634 2408 mortem
656 2385 765 2418 usque
789 2386 827 2409 se
853 2374 890 2409 in
913 2376 1044 2410 hostem
1067 2382 1299 2421 pugnaturos,
1329 2374 1460 2420 scripto
1485 2372 1599 2408 libello
1624 2372 1670 2407 ad
1699 2371 1765 2406 hoc

322 2429 362 2452 se
386 2417 604 2463 obligavere3
638 2419 674 2454 in
697 2431 764 2463 quo
789 2420 971 2455 dirissimis
994 2434 1071 2456 sese
1097 2422 1316 2455 devovebant
1337 2418 1662 2465 imprecationibus,
1698 2417 1766 2452 nisi

321 2463 463 2498 sortiter
487 2464 523 2499 in
547 2476 662 2510 pugna
685 2471 818 2500 starent
842 2473 877 2500 et
900 2468 943 2501 ad
966 2473 1105 2502 mortem
1131 2478 1238 2511 usque
1271 2477 1346 2500 cum
1376 2466 1464 2500 duce
1486 2468 1766 2510 perseverarent.

322 2507 390 2542 hoc
411 2509 472 2543 ubi
494 2511 639 2545 rescivit
661 2510 922 2556 Constantinus,
947 2512 1040 2547 illico
1063 2513 1297 2557 magistratum
1320 2511 1496 2545 Comneno
1519 2511 1683 2555 abrogat,
1707 2519 1766 2543 re-

321 2554 529 2600 ductumque
552 2556 677 2601 Cpolin
699 2557 736 2591 in
756 2557 885 2592 iudicio
909 2558 1176 2604 conspirationis
1201 2562 1320 2591 contra
1347 2557 1588 2601 imperatorem
1616 2557 1765 2597 accusat,

324 2599 552 2645 damnatoque
574 2602 726 2637 criminis
749 2602 864 2638 oculos
888 2604 992 2638 eruit.
1038 2604 1174 2638 Bardae
1197 2604 1299 2637 etiam
1319 2602 1484 2647 patricio,
1516 2600 1634 2635 Barda
1655 2600 1766 2644 magi-

323 2648 396 2677 stro
420 2645 537 2681 Phoca
560 2654 739 2693 prognato,
774 2648 930 2684 infensus
954 2660 996 2683 ac
1019 2650 1187 2684 nonnullis
1210 2648 1297 2692 aliis,
1324 2659 1429 2693 opera
1452 2646 1626 2681 cuiusdam
1649 2646 1766 2680 dome-

321 2689 484 2742 eticorum
516 2703 652 2727 suorum
686 2694 964 2729 calumniatorum
991 2695 1103 2729 dolum
1127 2694 1254 2739 nectit,
1288 2699 1535 2737 accusatosque
1565 2690 1764 2725 insidiarum

319 2737 519 2779 imperatori
554 2744 759 2775 structarum
789 2740 905 2775 statim
937 2740 1044 2775 oculis
1072 2740 1202 2775 multat.
1256 2740 1320 2774 sub
1351 2739 1388 2773 id
1419 2744 1552 2783 tempus
1581 2737 1763 2781 Naupacto

320 2786 484 2824 praeerat
508 2783 701 2830 Georgius,
724 2797 824 2830 quem
847 2787 890 2820 ob
914 2786 1017 2821 animi
1040 2784 1304 2821 inconstantiam
1325 2783 1626 2829 Morogeorghnn,
1650 2781 1687 2816 id
1710 2784 1765 2814 est

320 2825 453 2860 fatuum
477 2828 684 2875 Georgium,
717 2831 950 2878 appellabant.
996 2832 1027 2867 is
1060 2843 1137 2867 cum
1168 2830 1360 2877 oppidanos
1382 2834 1528 2866 vexaret
1550 2837 1678 2872 0⁰⁸qu⁶
1701 2836 1763 2860 ⁰¹·
