1890 3236
293 186 391 234 294
765 185 1003 231 GEORGII
1030 185 1273 230 CEDRENI

293 303 362 344 καὶ
385 306 435 357 τῇ
459 301 650 356 σφραγῖδι
676 298 795 342 ταῦτ’
817 296 1054 352 ἕμπεὸώσας
1072 296 1174 353 μετά
1195 315 1303 350 τινος
1321 297 1739 358 γυναικόςὲταιρίδος,

292 370 344 425 ἣν
364 369 432 411 διὰ
459 367 531 421 τὴν
555 364 743 421 τοιαύτην
767 365 986 424 ὑπηρεσίαν
1011 369 1078 409 καὶ
1097 367 1321 422 Βασιλικὴν
1345 365 1513 426 ὕστερον
1535 366 1740 426 προσηγό-

294 453 453 494 ρευσαν,
492 435 533 476 ἓν
551 439 617 492 ’τῷ
640 439 713 476 τοῦ
728 435 912 485 Λέοντος
935 436 1193 494 στρατοπέδῳ
1213 435 1431 490 ἐξέπεμψε,
1465 437 1534 479 καὶ
1562 436 1739 494 ἕτεραδὲ

290 502 392 560 μετά
419 519 525 552 τινος
552 506 742 558 κληρικοῦ
762 503 937 558 Μιχαὴλ
963 502 1200 558 ὑποσχέσεσι
1220 507 1347 558 τιμῶν
1369 505 1439 547 καὶ
1466 505 1629 562 δωρεῶν
1646 505 1742 549 ὅκο-

170 583 181 602 ·
293 572 515 629 φθείροντα
537 571 631 621 τοὺς
652 575 731 614 τῶν
751 569 964 627 ταγμάτων
983 571 1177 629 ἐξάρχους
1194 574 1260 615 καὶ
1277 571 1348 615 τὸν
1369 570 1484 616 λαόν.
1549 571 1644 615 ἀλλ’
1667 565 1773 616 οό-5

291 657 359 690 τος
377 639 450 693 μὲν
479 637 500 680 ὃ
519 639 694 694 Μιχαὴλ
713 642 924 697 φωραθεὶς
943 638 1021 683 ὑπὸ
1043 644 1116 684 τοῦ
1135 643 1262 683 (Deoua
1285 642 1351 682 καὶ
1373 641 1547 698 τυφθεὶς
1567 639 1743 696 ἀνηλεῶς
1761 672 1764 675 -

291 705 508 762 ἀπετμήθη
529 708 580 750 τὰ
603 702 709 750 ὦτα·
744 707 870 750 ἔλαθε
899 710 941 750 δ’
972 707 998 764 ἦ
1030 708 1127 764 γυνὴ
1147 709 1188 750 ἓν
1212 713 1269 767 τῷ
1294 712 1455 766 στρατῷ
1475 709 1743 766 διασπείρασα

292 775 319 818 ἃ
347 775 526 831 ἐπήγετο.
593 781 751 831 πρῶτον
772 772 842 819 οὖν
864 774 884 820 ὃ
908 782 981 820 τοῦ
1003 778 1161 834 Βαρέος
1179 777 1352 832 ΖΙζὶιχαὴλ
1372 777 1463 828 υἱός
1483 778 1744 820 Κωνσταντΐ-

290 861 379 895 νος,
414 848 489 887 τοῦ
507 840 711 899 τάγματος
728 843 865 901 ἄρχων
883 849 963 888 τῶν
986 844 1196 897 ἱκανάτων,
1236 845 1470 889 καταλιπὼν·
1485 845 1558 889 τὸν
1576 845 1744 888 Λέοντα

242 923 273 958 D
296 917 354 970 τῷ
369 911 567 970 Ῥωμανῷ
589 910 912 971 προσεχώρησεν·
955 908 990 973 ᾧ
1009 916 1085 957 τινὶ
1110 916 1178 957 καὶ
1200 911 1221 956 ὅ
1244 912 1470 965 Βαλάντιος
1497 914 1565 956 καὶ
1587 910 1612 957 ὅ·
1630 911 1744 970 λεγό-
1755 915 1800 952 10

291 998 410 1035 μενος
431 979 680 1037 Ἄτζμωρος,
713 980 966 1039 τουρμάρχαι
996 984 1062 1025 καὶ
1081 981 1207 1040 ἄμφω
1228 981 1359 1034 ὄντες,
1398 979 1745 1038 ἐπηκολούθησαν.

291 1049 417 1093 Λέων
442 1050 486 1092 δὲ
519 1048 629 1103 ὅμως
656 1048 677 1092 ὅ
708 1053 858 1100 Φωκᾶς
883 1050 956 1104 τὴν
983 1049 1245 1107 Χρυσόπολιν
1276 1048 1533 1104 καταλαβών,
1577 1051 1646 1093 καὶ
1673 1049 1746 1093 τὸν

293 1117 392 1160 λαὸν
408 1116 654 1174 ’παρατάξας
683 1118 787 1161 κατὰ
809 1118 881 1174 τὴν
902 1119 1115 1176 ἀντιπέραν
1133 1120 1175 1162 ἓν
1193 1122 1253 1177 τῷ
1273 1119 1374 1161 κίονι
1399 1118 1615 1174 ἱσταμένην
1635 1118 1747 1161 λιθί-

291 1203 365 1241 νην
386 1184 573 1238 δάμαλιν,
604 1184 784 1243 ἐξεφόβει
808 1187 902 1236 τοὺς
924 1189 964 1229 ἐν
984 1191 1035 1245 τῇ
1054 1186 1179 1230 πόλει.
1240 1184 1448 1241 Ῥωμανὸς
1464 1187 1508 1230 δὲ
1527 1186 1630 1241 μετὰ
1647 1183 1747 1243 δρό-

292 1270 426 1309 μωνος
444 1254 512 1296 τὸν
531 1255 595 1297 ἐπὶ
612 1259 685 1298 τοῦ
702 1256 922 1298 κανικλείου
936 1255 1103 1310 Συμεών
1120 1257 1330 1309 ἐκπέμψας
1346 1255 1447 1314 πρὸς
1463 1255 1534 1298 τὸν
1550 1258 1624 1298 τοῦ
1642 1254 1745 1299 ἄπο-
1758 1258 1802 1296 15

293 1321 455 1382 στοὶτου1
472 1323 572 1365 λαὸν
602 1326 670 1366 καὶ
696 1322 1001 1380 χρυσόβουλλον
1031 1324 1375 1379 ἐνσεσημασμένον
1399 1323 1513 1380 παρὰ
1531 1327 1605 1366 τοῦ
1623 1327 1749 1377 βασι-

293 1392 393 1440 λέως
410 1391 638 1449 ἐνεχείρισεν
660 1393 770 1450 αὐτῷ
779 1423 792 1444 ,
836 1394 903 1434 καὶ
928 1391 1184 1449 παρηγγύησε
1202 1391 1333 1435 πάντα
1349 1390 1498 1448 τρόπον
1520 1389 1750 1435 σπουδάσαι

293 1463 351 1515 τῷ
371 1463 458 1517 λαῷ
475 1464 593 1502 τοῦτο
613 1458 906 1516 ὑπαναγνῶναι.
974 1459 995 1503 ὁ
1019 1462 1064 1503 δὲ
1092 1465 1165 1504 τοῦ
1190 1459 1498 1516 χρυσοβούλλου
1525 1463 1621 1510 νοῦς
1648 1457 1750 1514 εἶχεν

295 1525 435 1577 οὕτως.
470 1525 526 1582 “ἥ
546 1530 731 1582 βασιλεία
750 1546 830 1582 μου
853 1527 1018 1586 φύλακα
1038 1529 1163 1584 αὐτῆς
1181 1527 1506 1586 ἔγρηγορῶτατον
1524 1529 1592 1570 καὶ
1607 1525 1749 1571 πιστό-

153 1603 183 1637 Ρ
208 1603 274 1640 618
297 1612 418 1638 τατον
447 1596 590 1638 οὐδένα
619 1602 700 1640 τῶν
724 1595 803 1638 ὑπὸ
828 1603 946 1654 χεῖρα
977 1596 1003 1653 ἢ
1030 1595 1235 1652 Ῥωμανὸν
1266 1595 1461 1653 εὖροῦσα,
1493 1593 1623 1654 ’τούτῳ
1644 1595 1805 1650 pervim

295 1664 396 1706 θεὸν
415 1663 488 1719 τὴν
511 1663 658 1719 ἑαυτῆς
682 1666 868 1722 φυλακὴν
894 1666 1193 1717 κατεπίστευσε,
1233 1666 1300 1707 καὶ
1332 1665 1419 1707 ἀντὶ
1444 1663 1597 1722 πατρὸς
1626 1663 1748 1706 αὐτὸν

297 1733 443 1788 κρίνει,
486 1732 694 1789 σπλάγχνα
722 1733 897 1790 πατρικὰ
927 1734 1028 1790 πρὸς
1058 1733 1183 1789 αὐτὴν
1214 1731 1518 1787 ἐνδεικνύμενον.
1583 1732 1752 1775 Λέοντα

299 1800 343 1843 δὲ
366 1800 436 1843 τὸν
459 1803 608 1844 <Deouana
628 1802 688 1844 ἀεὶ
712 1800 838 1858 ταύτῃ
860 1805 1216 1859 προσπολεμοῦντα
1237 1803 1305 1844 καὶ
1326 1797 1648 1855 ἐπιβουλεύοντα,
1682 1801 1751 1843 καὶ

296 1872 366 1911 νῦν
398 1868 470 1923 τὴν
497 1870 771 1925 κρυπτομένην
803 1870 928 1913 αὐτοῦ
959 1873 1152 1928 πονηρίαν
1170 1868 1480 1928 φανερώσαντα,
1515 1867 1605 1912 οὔτε
1629 1867 1751 1924 δομὲ-

392 1954 436 1989 10
455 1951 640 1999 βαλάντης
661 1954 692 1989 C
831 1954 875 1991 18
897 1951 1016 2002 τούτῳ
1041 1955 1072 1989 C
1207 1955 1254 1990 22
1274 1951 1502 1998 πνευματικὰ
1526 1953 1556 1988 Ρ

298 2021 388 2055 toris
412 2022 599 2067 munitum,
624 2023 816 2058 meretricis
838 2023 1013 2058 cuiusdam
1035 2034 1161 2068 opera,
1185 2033 1285 2067 quam
1310 2023 1354 2057 ab
1380 2022 1447 2057 hoc
1468 2020 1662 2056 ministerio
1683 2020 1750 2055 im·-

299 2067 508 2112 peratoriam
531 2075 653 2114 postea
675 2070 913 2113 nominarunt,
939 2069 987 2103 *in
1009 2074 1125 2103 castra
1147 2068 1278 2103 Leonis
1302 2068 1426 2112 mittit,
1456 2067 1612 2112 aliasque
1631 2065 1751 2101 literas

301 2124 364 2157 per
383 2113 590 2149 Michaelum
614 2116 781 2160 quendam
803 2114 982 2150 clericum:
1005 2114 1051 2148 iis
1074 2114 1204 2149 animos
1228 2115 1351 2149 ducum
1374 2125 1416 2148 ac
1437 2112 1581 2148 militum
1628 2111 1752 2146 romis-

300 2158 458 2192 sionibus
483 2171 656 2195 munerum
681 2167 718 2195 et
741 2162 907 2195 honorum
929 2161 973 2195 ad
995 2160 1226 2195 defectionem
1248 2159 1457 2194 solicitabat.
1494 2157 1559 2193 sed
1619 2157 1754 2192 ichaelo

299 2203 381 2237 huic
405 2216 426 2238 a
448 2205 568 2243 Phoca
589 2206 806 2253 deprehenso
831 2212 867 2241 et
896 2206 1064 2241 atrociter
1090 2207 1276 2240 verberato
1304 2216 1406 2240 aures
1434 2209 1516 2240 sunt
1540 2207 1755 2248 amputatam

299 2250 464 2284 meretrix
487 2263 551 2296 per
574 2261 687 2287 castra
709 2252 877 2298 dispersit
898 2263 988 2297 quae
1010 2251 1105 2286 iussa
1129 2257 1218 2288 erat.
1267 2251 1414 2298 primum
1444 2261 1530 2295 ergo
1551 2249 1756 2284 Constanti-

302 2306 366 2328 nus
389 2295 536 2340 legionis
560 2298 809 2333 Hicanatorum
833 2298 923 2341 dux,
946 2297 1114 2332 Michaeli
1137 2296 1268 2332 Gravis
1290 2297 1403 2340 filius,
1426 2307 1448 2330 a
1468 2295 1589 2330 Leone
1613 2296 1660 2330 ad
1681 2296 1757 2330 Ro-

302 2352 436 2375 manum
469 2343 614 2388 transit,
648 2343 774 2378 deinde
796 2343 976 2379 Balantius
1011 2347 1047 2377 et
1069 2343 1252 2385 Atzmorus
1281 2342 1500 2378 turmarchae
1529 2351 1605 2376 eum
1634 2342 1757 2375 subse-

304 2394 468 2431 quuntur.
515 2389 589 2424 Leo
613 2396 727 2424 tamen
752 2390 795 2424 ad
819 2388 1055 2434 Chrysopolin
1076 2388 1244 2432 accessit3
1279 2388 1503 2432 exercituque
1534 2386 1579 2422 ad
1601 2385 1758 2421 buculam

303 2443 454 2477 saxeam,
479 2445 570 2478 quae
589 2435 626 2470 in
644 2436 802 2470 columna
821 2441 894 2470 stat
917 2448 936 2469 e
957 2435 1102 2479 regione
1124 2435 1232 2478 urbis,
1257 2434 1446 2469 constituto
1469 2444 1514 2478 op
1539 2432 1662 2467 idanos
1682 2437 1757 2467 ter-

303 2478 386 2511 ruit.
416 2485 453 2513 at
471 2480 644 2515 Romanus
668 2482 864 2516 Simeonem
887 2480 1041 2515 canicleo
1065 2481 1280 2525 praefectum
1301 2479 1418 2515 celoce
1438 2478 1546 2514 mittit
1566 2478 1611 2512 ad
1627 2476 1758 2512 Leonis

305 2524 491 2569 exercitus,
515 2538 590 2561 cum
612 2527 723 2561 literis
746 2538 848 2561 manu
870 2527 1091 2572 imperatoris
1113 2525 1320 2571 obsignatis,
1343 2536 1428 2579 quas
1450 2534 1654 2569 quacunque
1673 2535 1758 2569 pos-

307 2574 363 2602 set
388 2569 524 2606 ratione
553 2573 691 2607 omnino
720 2573 765 2607 iis
797 2572 1070 2607 auscultantibus
1100 2571 1279 2606 recitaret.
1334 2569 1529 2624 diplomatis
1561 2568 1649 2603 haec
1682 2573 1758 2605 erat

307 2615 494 2650 sententia.
538 2614 637 2652 “cum
672 2619 798 2653 nullum
830 2618 932 2652 alium
965 2617 1032 2652 mei
1062 2617 1200 2663 imperii
1219 2616 1471 2661 vigilantiorem
1494 2619 1599 2660 atque
1620 2614 1757 2649 fidelio-

309 2670 381 2693 rem
405 2662 580 2697 custodem
601 2664 693 2698 inter
717 2676 834 2705 omnes
857 2675 953 2698 meos
975 2663 1151 2698 ministros
1173 2662 1364 2697 invenirem
1387 2661 1560 2705 Romano,
1596 2659 1676 2695 huic
1699 2671 1758 2694 se—

310 2706 456 2740 cundum
478 2707 578 2742 deum
603 2710 677 2744 eius
699 2710 841 2745 tutelam
866 2709 1039 2751 commisi,
1074 2709 1257 2753 ipsumque
1288 2706 1399 2754 patris
1428 2706 1505 2740 loco
1528 2706 1662 2751 habeo,
1698 2705 1758 2751 qui

306 2757 487 2795 paternam
513 2754 616 2788 animi
640 2767 724 2800 erga
746 2768 799 2790 me
820 2756 1040 2790 affectionem
1069 2766 1108 2789 re
1138 2753 1302 2788 ostendit.
1349 2753 1502 2787 Leonem
1526 2756 1640 2786 autem
1664 2751 1759 2786 Pho-

308 2807 394 2839 cam,
421 2798 480 2842 qui
503 2810 672 2844 nunquam
693 2813 761 2835 non
779 2801 964 2835 insidiatus
987 2806 1042 2835 est
1064 2804 1101 2835 et
1121 2800 1327 2834 adversatus
1348 2803 1468 2832 nostro
1489 2797 1649 2843 imperio,
1668 2808 1759 2832 nunc

309 2842 472 2878 malitiam
495 2855 591 2880 suam
613 2845 673 2881 diu
695 2847 898 2882 occultatam
920 2846 1071 2892 detegit,
1102 2856 1216 2891 neque
1241 2843 1465 2881 domesticum
1485 2854 1566 2880 esse
1591 2843 1670 2879 volo
1694 2854 1757 2878 ne—
