1916 3210
304 165 404 213 798
728 162 1020 208 XYLANDRI
1047 162 1120 205 ET
1148 161 1323 206 GOARI

304 278 447 330 partem
472 273 632 322 Veneto,
659 271 701 310 id
717 274 777 311 est
795 271 982 322 menneo,
1009 271 1129 311 colore
1154 284 1178 311 a
1192 271 1347 311 prasina
1366 271 1472 311 viridi
1493 265 1685 326 conspicua
1702 272 1760 311 di-

305 331 566 383 gnoscendam.
623 328 775 367 duarum
806 328 965 381 partium
994 328 1220 368 residuarum
1238 329 1329 367 haec
1350 327 1464 378 albis,
1506 328 1626 370 altera
1643 329 1759 368 roseis

307 387 509 439 insignibus
537 385 716 423 utebatur.
771 384 973 432 factiones,
1011 388 1053 423 ut
1084 397 1200 437 nuper
1227 385 1395 424 diximus.
1450 379 1773 436 singulamndie·

307 446 422 491 bant,
450 445 489 480 et
507 453 552 480 ex
574 440 816 490 aurigantium
839 440 952 479 curuli
975 440 1172 480 certamine
1189 444 1230 480 et
1249 441 1298 480 de
1316 441 1530 493 pernicitate
1547 439 1671 481 αιιιιιι
1690 441 1779 481 ‹le-j

308 499 525 539 certantium
554 497 682 535 studiis
709 497 803 536 inter
828 509 870 536 se
888 497 1178 562 discrepantibus
1195 498 1460 538 conflabantur.
1515 508 1561 536 ex
1582 497 1761 549 emitis

308 567 396 594 vero
425 553 594 592 ludorum
621 545 919 592 aemulationibus
948 554 1116 604 graviora
1141 567 1209 606 per
1234 554 1415 593 civitatem
1441 552 1593 592 dissidia
1603 564 1771 595 m.

311 612 464 658 bantur,
505 621 599 660 quae
627 608 723 648 cives
746 610 798 648 ad
827 621 929 648 arma
951 608 1147 649 seditiones
1171 613 1211 649 et
1230 610 1390 649 nefanda
1417 618 1594 661 quaeque
1600 609 1765 649 facinora
1788 656 1791 659 Δ

310 666 559 719 impellebant
610 665 775 717 exempla
795 669 972 717 suggeret
988 668 1114 705 auctor
1132 666 1321 705 Iustiniani
1339 678 1436 705 anno
1457 666 1514 707 22
1529 678 1570 718 Ρ.
1589 665 1686 714 375,
1701 665 1764 709 86

312 737 353 776 p.
374 724 478 770 387,
508 721 673 760 Mauricii
692 723 818 761 ultimo
835 735 873 774 Ρ.
891 721 986 764 403.
1042 722 1245 762 simocatta
1270 721 1453 774 plerisque
1477 720 1651 762 historiae
1675 732 1767 761 suae

315 779 418 818 locis.
476 773 674 830 δήμαρχοι.
704 782 809 817 erant
835 791 963 817 eorum
994 778 1116 830 capita
1144 783 1182 818 et
1208 779 1342 828 duces,
1385 790 1478 830 quos
1506 778 1656 831 propria
1675 788 1767 817 voce
1791 810 1793 812 .

315 836 483 875 tribunos
509 847 683 882 vocares,
720 829 1004 887 δημοτεύοντες
1033 835 1163 885 singuli
1190 836 1327 886 quique
1351 835 1448 901 parti
1472 834 1611 873 addicti
1634 837 1675 874 et
1698 834 1767 873 ad-

315 892 454 943 scripti.
509 903 544 929 v.
564 895 784 930 memoratus
800 891 999 930 Simocatta
1018 893 1044 934 8
1073 894 1112 934 7.
1168 891 1271 940 hinc,
1300 904 1392 943 quos
1405 880 1448 930 in
1463 890 1767 930 lastinianum

316 950 371 990 31
396 961 434 999 Ρ.
459 949 540 990 386
571 950 679 986 vocat
708 952 839 987 auctor
866 943 1058 999 κοσμικιὶς
1086 947 1373 1000 δημοκρατίας,
1413 947 1521 986 unius
1548 947 1588 986 in
1613 945 1768 986 alteram

313 1008 480 1056 partem,
515 1015 591 1042 non
620 1002 684 1042 ΟΡ
713 1005 824 1043 modo
854 1004 923 1044 sed
946 1008 987 1043 et
1014 1004 1100 1043 alibi
1130 1006 1288 1056 passim,
1311 1003 1518 1056 generale-⁹
1541 1002 1763 1055 conflictus.

316 1064 357 1099 et
383 1059 531 1099 verbum
557 1060 719 1099 eiusdem
751 1055 1005 1111 δημοτεύειν,
1043 1061 1146 1112 qnod
1172 1065 1231 1100 est
1250 1060 1450 1112 populum
1467 1072 1547 1111 per
1576 1058 1704 1098 tribus
1729 1065 1767 1097 et

312 1123 447 1168 partes
479 1129 673 1153 recensere
708 1129 752 1156 ac
786 1117 922 1157 deinde
946 1122 1091 1156 ceterae
1115 1117 1261 1157 militiae
1287 1129 1533 1158 annumerare.
1588 1116 1768 1157 videndus

316 1173 465 1212 omnino
484 1172 709 1211 Balsamon
699 1186 738 1211 m
758 1186 837 1212 can.
859 1172 914 1216 24
936 1171 1160 1213 Trullanum.
1216 1174 1354 1214 GoAn.

427 1242 464 1281 Ρ.
493 1231 576 1271 639
604 1241 641 1268 v.
664 1231 704 1271 9.
760 1230 810 1269 de
829 1230 1027 1269 Homeritis
1045 1229 1223 1269 videndus
1240 1229 1395 1282 Niceph.
1411 1231 1438 1272 8
1465 1226 1520 1272 8⁵
1547 1230 1588 1268 et
1615 1229 1668 1270 17
1697 1229 1769 1276 82,

317 1286 379 1336 qui
403 1284 593 1324 historiam
617 1284 774 1325 Arethae
804 1290 918 1337 atque
936 1286 1148 1325 Elesbaanis
1172 1285 1286 1325 fusius
1303 1287 1420 1326 habet
1444 1285 1686 1337 descriptam,
1714 1285 1768 1327 17

318 1345 358 1383 6.
416 1342 484 1380 sed
502 1341 630 1394 populi
646 1343 847 1393 agitatores
866 1343 980 1390 verti,
1007 1344 1071 1393 qui
1090 1346 1175 1381 sunt
1193 1339 1349 1395 δήμιοι.
1378 1346 1470 1395 Ριιιο
1493 1341 1596 1392 loqui
1615 1353 1698 1380 eum
1719 1341 1770 1380 de

317 1398 479 1436 factione
508 1398 663 1437 Veneta.
720 1399 768 1438 de
794 1398 994 1437 Homeritis
1023 1399 1135 1438 etiam
1161 1398 1363 1453 Procopius
1389 1398 1469 1441 1.1
1500 1396 1597 1437 belli
1610 1396 1769 1438 Persici:

316 1459 442 1493 noster
460 1454 578 1503 infra,
606 1455 670 1493 ubi
691 1455 739 1493 de
758 1455 983 1494 Mahometo.
1037 1456 1129 1493 er..

432 1509 487 1547 ib.
518 1523 556 1549 v.
582 1512 652 1552 23.
715 1511 869 1548 Scirtus
889 1511 1021 1549 amnis
1041 1509 1223 1563 saltabit]
1263 1511 1364 1564 apud
1391 1477 1651 1576 Nicephorum
1661 1511 1714 1552 17
1742 1511 1770 1551 3

321 1567 360 1605 in
388 1567 553 1616 margine
574 1566 782 1605 hexameter
801 1568 967 1606 Graecus
986 1572 1044 1607 est
1061 1568 1282 1620 adscriptus:
1325 1568 1494 1619 Σκίρτος
1512 1560 1711 1619 σκιρτήσει
1730 1579 1772 1606 τε

321 1617 447 1662 κακὸν
468 1622 662 1674 σκίρτημα
682 1624 873 1671 πολίταις.
929 1637 1000 1674 ego
1029 1637 1098 1675 pro
1124 1638 1166 1664 τε
1194 1625 1386 1662 scriberem
1410 1638 1467 1670 τι,
1505 1622 1579 1660 nisi
1602 1623 1697 1660 forte
1723 1623 1773 1660 de

322 1678 444 1717 multis
460 1679 624 1717 versibus
645 1679 704 1718 hic
723 1693 815 1718 unus
835 1683 911 1727 est,
949 1693 1023 1731 quo
1040 1681 1194 1733 copulae
1210 1681 1258 1719 sit
1272 1680 1396 1719 locus:
1436 1679 1591 1731 affiget
1613 1678 1774 1716 miseros

328 1734 450 1772 Scirti
466 1734 626 1771 ,ςαίίαίιο
646 1737 762 1773 cives.
821 1736 914 1773 er..

435 1804 474 1842 p.
504 1789 585 1832 641
616 1804 650 1829 v.
680 1792 718 1833 5.
774 1790 937 1843 ἐπέχον]
975 1791 1058 1843 lego
1087 1787 1245 1844 ἀπέχον.
1309 1791 1478 1844 planities
1504 1804 1591 1830 vero
1617 1789 1702 1839 illa,
1750 1802 1775 1829 a

325 1847 482 1900 septimo
504 1847 626 1898 lapide
643 1861 717 1898 quo
736 1848 871 1896 distat,
900 1849 1031 1886 dicitur
1046 1845 1260 1901 Ἕβδομος.
1316 1849 1364 1887 de
1382 1862 1455 1900 qua
1472 1860 1594 1899 supra.
1632 1847 1772 1886 GoAn.

439 1901 493 1939 ib.
525 1915 560 1942 v.
591 1906 656 1945 20.
714 1903 1008 1956 Hypapantae]
1052 1906 1152 1956 quod
1190 1906 1354 1944 nimirum
1388 1906 1494 1956 quasi
1521 1905 1560 1942 in
1586 1916 1773 1942 occursum

325 1959 535 2012 prodiretur
560 1960 705 1998 Christo
736 1962 774 1999 in
800 1961 939 2012 templo
960 1961 1177 2000 dedicando.
1234 1966 1290 2000 est
1314 1962 1410 2000 enim
1429 1961 1637 1999 solemnitas
1663 1971 1773 2010 quam

324 2016 456 2054 usitate
474 2015 734 2066 purificationis
750 2018 912 2058 dicimus,
969 2018 1069 2068 quod
1094 2019 1209 2069 primo
1233 2031 1277 2057 ex
1296 2018 1447 2056 Martini
1470 2016 1598 2055 Poloni
1619 2015 1774 2054 Chroni-

326 2072 378 2110 cis
392 2071 511 2120 didici,
533 2073 595 2122 qui
606 2079 731 2112 tamen
746 2075 861 2124 pestis
879 2086 986 2112 causa
1003 2074 1202 2112 institutam
1220 2075 1307 2113 dicit
1324 2074 1390 2112 sub
1411 2073 1609 2113 Iustiniano
1618 2083 1775 2122 magno3

327 2128 431 2178 quod
450 2128 546 2167 idem
561 2133 617 2167 est
630 2131 728 2180 apud
747 2129 990 2181 Nicephorum
1014 2133 1065 2172 17
1087 2132 1154 2171 28.
1211 2135 1251 2170 et
1265 2131 1461 2179 consentit,
1483 2130 1583 2180 quod
1595 2126 1774 2179 Sigeber·

324 2189 384 2222 tus
401 2183 581 2235 perhibuit
598 2185 636 2223 id
656 2187 769 2224 fuisse
785 2198 882 2225 anno
899 2200 921 2225 a
941 2187 1074 2226 Christi
1091 2186 1269 2226 natalibus
1289 2185 1385 2236 542,
1412 2199 1485 2238 quo
1503 2198 1592 2224 sane
1611 2190 1776 2236 tempore

328 2240 483 2278 [ustinus
503 2240 720 2290 decesserat,
747 2242 803 2280 vel
823 2244 905 2294 ipso
922 2244 1092 2282 Cedreno
1111 2247 1215 2284 teste.
1258 2244 1423 2282 meminit
1440 2242 1572 2281 Paulus
1591 2241 1776 2281 Diaconns

326 2295 351 2334 l.
372 2298 424 2336 16
445 2308 514 2334 rer.
531 2297 639 2336 Rom.
694 2300 918 2338 mansionem
943 2298 1130 2350 Augustae
1155 2300 1265 2339 credo
1293 2299 1446 2350 intelligi
1469 2298 1728 2339 monasterium
1753 2310 1777 2336 a

323 2351 514 2391 Pulcheria
533 2355 730 2393 conditum.
786 2355 878 2393 er..

437 2421 474 2458 P
505 2407 586 2450 642
615 2423 649 2448 v.
677 2412 715 2452 8.
773 2411 1068 2462 Euphraemias
1083 2410 1330 2463 Amidenus]
1359 2410 1471 2451 fuisse
1491 2409 1651 2449 Orientis
1670 2421 1778 2462 prae·

326 2463 461 2502 fectum
479 2463 497 2512 (
505 2466 605 2515 quod
625 2466 683 2505 hic
701 2462 824 2520 κόμης
846 2469 994 2519 dieitur,
1021 2471 1171 2519 comes)
1197 2470 1285 2508 satis
1315 2469 1428 2520 liquet
1445 2480 1490 2507 ex
1506 2466 1668 2517 Euagrio
1692 2465 1720 2508 4
1749 2467 1776 2507 6

331 2523 370 2559 et
384 2519 592 2571 Nicephoro
614 2525 664 2564 17
688 2526 727 2564 3.
785 2525 881 2564 Χιιι..

445 2575 498 2613 ib·
532 2590 567 2616 v·
597 2581 661 2620 13.
718 2576 922 2633 χαροπόν]
962 2581 1067 2618 truci
1093 2579 1208 2618 vulta
1236 2581 1405 2632 exposuit
1423 2577 1648 2629 Xylander,
1660 2589 1683 2615 a
1704 2589 1777 2628 quo

335 2642 445 2668 sensu
475 2632 584 2682 longe
610 2647 679 2673 vox
704 2637 833 2684 abest,
870 2638 918 2676 de
942 2638 1053 2676 oculis
1081 2641 1219 2676 tantum
1247 2635 1543 2688 interpretanda,
1582 2634 1720 2671 caesii-s·
1743 2639 1779 2670 et

336 2685 578 2726 volubilibus
594 2690 719 2729 oculis
738 2693 969 2744 spectabilem
986 2694 1223 2732 Iustinianum
1244 2694 1514 2732 commendans.
1544 2691 1682 2729 Goan.

450 2743 505 2781 ib.
538 2746 666 2787 v.15.
721 2746 935 2800 ὑπατείαν]
974 2750 1118 2801 epulum
1146 2751 1293 2802 putavi,
1342 2753 1406 2787 aut
1438 2747 1584 2787 missilia
1617 2748 1716 2786 dona
1740 2745 1779 2783 in

278 2847 282 2852 Ι
338 2800 511 2853 populum
529 2801 576 2840 de
597 2814 707 2843 more.
715 2806 899 2855 coniecta,
926 2805 984 2845 vel
1001 2806 1122 2847 ludos.
1178 2807 1268 2845 vide
1274 2806 1381 2846 infra.
1437 2804 1530 2843 er..
