1890 3236
321 233 418 280 166
786 226 1019 273 GEORGII
1053 227 1294 273 GEDRENI

318 342 557 402 ἀνηβᾶσκειν
576 341 619 385 αἱ
640 341 853 397 ἐπιστῆμαι
874 339 1061 398 ἤρξαντο.
1128 342 1249 386 τοῦτο
1269 341 1315 385 τὸ
1333 340 1449 400 ἵργον
1467 338 1681 388 κάλλιστον
1698 348 1768 390 ὁκαὶ

318 412 556 470 περιβόητον
584 408 630 452 ὃν
665 409 738 452 οὐκ
775 410 935 464 ἴσχυσεν
973 408 1201 452 ἀποπλῦναι
1236 409 1311 462 τὰς
1346 411 1514 462 ἓνοῦσας
1547 410 1673 464 ἄλλας
1707 417 1769 474 τῷ

316 480 464 539 Βάρδα
486 479 665 534 κηλῖδας.
730 482 803 532 τῆς
821 478 895 532 μὲν
920 472 990 521 οὖν
1016 479 1259 535 φιλοσοφίας
1278 479 1451 536 ἐξηγεῖτο
1474 480 1601 523 Λέων
1621 481 1768 534 hudhe,-

315 547 336 591 ὅ
359 548 483 603 μέγας
511 563 553 589 τε
580 547 647 589 καὶ
676 545 921 604 φιλόσοφος,
966 546 1134 601 ἀνεψιὸς
1163 545 1220 589 ὢν
1243 547 1376 602 Ἰαννῆ
1402 552 1475 592 τοῦ
1499 545 1765 607 πατριάρχου,

176 627 206 662 P
229 624 295 661 548
315 615 360 667 ὃς
383 617 450 658 καὶ
476 615 547 657 τὸν
571 612 724 672 θρόνον
747 614 864 670 ἔλαχε
889 619 961 670 τῆς
982 615 1302 671 Θεσσαλονίκης,
1338 615 1429 675 ἄρτι
1450 617 1495 659 δὲ
1513 620 1597 660 τῶν
1614 618 1798 663 etum-5

312 682 455 740 μάχων
475 683 802 739 καθαιρεθέντων
825 683 1116 741 συγκαθῃρέθη
1139 686 1206 726 καὶ
1226 682 1369 736 αὐτός,
1403 687 1470 727 καὶ
1489 682 1694 740 σχολάζων
1710 687 1767 737 εἷς
1781 709 1800 714 ··

313 750 463 807 ταύτην
487 750 770 809 προεβιβάζετο
793 750 866 806 τὴν
887 751 1051 806 σχολήν.
1118 752 1266 807 ἐγένετο
1291 753 1335 795 δὲ
1352 750 1545 811 πρότερον
1562 751 1766 811 γνώριμος

315 820 506 878 Θεοφίλῳ
526 823 583 877 τῷ
599 823 764 873 βασιλεῖ’
777 824 918 863 τοῦτον
939 820 1010 862 τὸν
1026 817 1189 877 τρόπον.
1247 819 1381 872 πάσας
1396 821 1474 879 γὰρ
1495 818 1766 879 κατορθώσας

311 888 386 939 τὰς
412 886 633 943 ἐπιστήμας
663 886 718 938 ὡς
745 888 837 931 οὐδὲ
865 889 962 943 μίαν
991 888 1144 945 ἕτερος,
1190 890 1230 932 ἓν
1251 889 1401 932 εὐτελεῖ
1415 891 1489 932 τινὶ
1509 888 1762 944 καταλύματι

313 955 463 1013 διάγων
488 957 583 1007 τοὺς
612 957 883 1011 βουλομένους
911 956 1178 1013 ἕμυσταγώγει
1202 955 1343 1000 ὁποίαν
1371 959 1538 1009 ἕκαστος
1557 956 1759 1012 βούλοιτο.
1773 965 1817 1001 10

312 1023 368 1076 ὥς
398 1024 441 1067 δ’
473 1023 552 1080 ἤδη
577 1023 725 1082 χρόνος
751 1025 998 1082 παρετείνετο
1030 1026 1097 1067 καὶ
1132 1027 1272 1068 πολλοὶ
1303 1025 1407 1069 κατὰ
1438 1026 1513 1077 τὰς
1539 1025 1762 1082 ἐπιστήμας

310 1093 568 1150 προέκοπτον,
603 1093 749 1148 συνέβη
771 1092 867 1136 ,τινὰ
894 1094 1051 1136 νεανιάν
1077 1097 1150 1149 τῆς
1177 1098 1442 1152 γεωμετρικῆς
1465 1092 1684 1150 ἐπιστήμης
1705 1097 1762 1147 εἰς

311 1160 436 1218 ἄκρον
453 1160 673 1215 ε’ληλακότα
690 1160 927 1219 ὗπογραφεά
944 1161 1133 1218 γενέσθαι
1149 1162 1255 1213 τινὸς
1272 1166 1511 1220 στρατηγοῦ.
1578 1158 1627 1206 οὗ
1646 1179 1758 1220 γενο-

308 1229 431 1284 μένου
457 1228 560 1272 κατά
582 1247 671 1272 τινα
691 1228 865 1284 πόλεμον
884 1232 1012 1272 εἵπετο
1030 1232 1097 1272 καὶ
1116 1230 1260 1282 αὐτός,
1294 1233 1361 1274 καὶ
1379 1234 1529 1288 τροπῆς
1549 1231 1759 1287 γενομένης

260 1304 290 1340 Β
314 1300 519 1355 ζωγρεῒται
550 1299 622 1340 καί
642 1315 717 1340 τινι
744 1303 823 1341 τῶν
853 1299 1058 1356 ἐπιφανῶν
1084 1299 1140 1350 εἲς
1168 1300 1351 1341 δουλείαν
1380 1300 1594 1354 ἐκδίδοται.
1659 1297 1682 1342 ὃ
1712 1298 1758 1343 δὲ
1769 1306 1812 1342 15

310 1366 414 1408 κατὰ
445 1364 558 1408 τόνδε
589 1366 658 1408 τὸν
687 1366 826 1422 καιρὸν
854 1371 934 1410 τῶν
955 1368 1217 1422 Ἰσμαηλιτῶν
1238 1366 1452 1424 κατάρχων
1469 1366 1759 1423 Μαμοὺμὶἅλ-

310 1438 396 1484 λοις
423 1450 464 1476 τε
493 1433 737 1489 μαθήμασιν
762 1433 1006 1490 Ἑλληνικοῖς
1036 1434 1241 1490 σχολάζων
1260 1437 1326 1478 καὶ
1348 1435 1399 1490 δὴ
1426 1437 1493 1478 καὶ
1517 1437 1759 1493 γεωμετρίας

311 1500 584 1559 διαφερόντως
604 1501 830 1557 ἐξεχόμενος
846 1498 908 1557 ἦν.
980 1500 1099 1559 λόγου
1125 1504 1171 1546 δέ
1189 1520 1282 1546 ποτε
1304 1504 1534 1559 κινηθέντος
1553 1504 1666 1561 παρὰ
1685 1508 1759 1546 τοῦ

308 1570 379 1614 τὸν
397 1572 552 1613 νεανίαν
571 1570 728 1626 ἔχοντος
747 1570 942 1614 δεσπότου
961 1573 1049 1628 περὶ
1074 1576 1146 1627 τῆς
1175 1573 1231 1622 εἷς
1257 1571 1309 1614 τὰ
1328 1570 1558 1627 μαθήματα
1577 1573 1758 1627 σπουδῆς

307 1642 381 1682 τοῦ
401 1639 663 1695 ἆμερμουμνῆ
683 1641 748 1681 καὶ
770 1645 841 1695 τῆς
861 1641 950 1695 περὶ
971 1639 1043 1695 τὴν
1061 1641 1304 1698 γεωμετρίαν
1323 1641 1544 1695 ἐπιμελείας
1551 1672 1565 1692 ,
1597 1638 1809 1687 “cincii-20

309 1724 378 1750 σαι
398 1705 574 1750 τούτου”
613 1707 717 1751 εἶπεν
740 1707 760 1750 ὃ
781 1710 937 1758 νεανίας
964 1706 1185 1763 “bustuarii
1211 1710 1278 1751 καὶ
1304 1713 1383 1752 τῶν
1410 1708 1535 1751 αὐτοῦ
1558 1707 1756 1752 διδασκά-

309 1778 402 1827 λων,
437 1777 502 1818 καὶ
530 1774 580 1831 ἣν
610 1775 742 1830 ἔχουσι
770 1779 859 1834 περὶ
888 1776 962 1832 τὴν
982 1777 1226 1834 γεωμετρίαν
1253 1782 1498 1832 κατανοῆσαι
1524 1774 1752 1832 σπουδήν.”

309 1841 437 1897 ἔζιιαθε
461 1849 579 1887 τοῦτο
608 1843 630 1887 ὅ
648 1843 862 1899 ΙΙΙαμοῦμ,
909 1846 976 1887 καὶ
1004 1845 1105 1900 μετὰ
1135 1847 1389 1902 περιχαρείας
1419 1847 1656 1889 εἶσκαλεῖται
1684 1845 1755 1888 τὸν

309 1912 396 1954 νέον
416 1916 585 1969 πολλῆς,
629 1915 695 1956 καὶ
729 1912 1050 1972 παραγενόμενον
1079 1911 1324 1957 ἐπυνθάνετο
1356 1915 1391 1957 εἰ
1414 1917 1560 1970 γνῶσιν
1578 1912 1656 1968 ἔχει
1682 1917 1755 1969 τῆς

398 2020 442 2055 19
460 2021 652 2056 νεανίσκον
674 2022 704 2056 C

307 2109 552 2146 stantissimum
575 2112 642 2146 hoc
660 2116 696 2147 et
713 2111 969 2147 celeberrimum
992 2112 1120 2147 factum
1139 2110 1236 2147 vitiis
1253 2110 1389 2146 Bar-dae
1411 2110 1568 2146 eluendis
1587 2109 1752 2146 nonmus-

305 2156 404 2190 fecit.
450 2157 699 2204 philosophiam
731 2159 878 2193 docebat
906 2170 1048 2204 magnus
1080 2158 1139 2192 ille
1169 2157 1394 2203 philosophus
1426 2158 1499 2192 Leo
1525 2153 1752 2192 consobrinus

305 2201 423 2236 Iannis
446 2204 678 2248 patriarchae.
726 2204 783 2239 hic
807 2204 880 2238 Leo
905 2205 1088 2250 episcopus
1111 2215 1186 2238 cum
1210 2209 1303 2238 esset
1323 2202 1606 2247 Thessalonicae,
1627 2202 1751 2248 imagi-

305 2247 464 2292 niperdis·
485 2250 651 2284 submotis
674 2249 751 2295 ipse
774 2261 910 2295 quoque
934 2261 1073 2285 munere
1091 2261 1154 2284 suo
1176 2249 1352 2296 privatus,
1384 2259 1459 2283 cum
1487 2249 1524 2282 in
1547 2248 1620 2283 otio
1643 2249 1752 2293 dege-

305 2299 379 2335 ret,
413 2293 492 2329 huic
515 2295 583 2330 suit
605 2296 743 2340 negotio
770 2295 957 2333 adhibitus.
1012 2307 1131 2330 verum
1153 2301 1234 2330 ante
1259 2295 1297 2328 in
1319 2293 1538 2341 imperatoris
1561 2293 1753 2339 Theophili

306 2339 463 2373 notitiam
486 2340 552 2376 hoc
571 2343 671 2376 modo
692 2347 912 2387 pervenerat.
959 2353 1033 2376 cum
1057 2340 1166 2376 omnis
1189 2339 1410 2375 scientiarum
1432 2339 1572 2385 generis
1593 2341 1753 2387 perfecta

306 2386 505 2427 cognitione
537 2400 605 2422 non
636 2389 778 2422 haberet
811 2387 879 2421 sibi
909 2399 1046 2433 parem,
1083 2387 1146 2421 vili
1175 2387 1322 2432 quodam
1352 2386 1389 2420 in
1419 2385 1594 2420 domicilio
1625 2385 1751 2430 quibus

307 2429 454 2475 quisque
487 2433 591 2469 vellet
623 2434 755 2468 artibus
786 2433 941 2468 homiues
973 2433 1189 2468 instituebat.
1242 2431 1340 2477 lapso
1374 2431 1550 2477 aliquanto
1579 2437 1750 2486 tempore,

306 2485 382 2509 cum
406 2477 503 2511 multi
524 2478 560 2512 in
582 2479 736 2514 scientiis
759 2491 962 2525 progressus
983 2480 1074 2514 haud
1098 2478 1324 2525 poenitendos
1340 2477 1516 2520 fecissent,
1540 2477 1632 2511 sorte
1649 2487 1750 2510 iuve-

308 2520 362 2553 nis
393 2523 528 2566 quidam
559 2526 650 2571 apud
682 2536 757 2559 eum
787 2537 947 2559 summam
979 2531 1101 2560 nactus
1129 2523 1338 2569 geometriae
1368 2523 1529 2569 peritiam
1557 2521 1673 2556 scriba
1706 2521 1750 2556 fit

307 2565 481 2602 cuiusdam
504 2571 612 2616 ducis,
644 2582 786 2615 cumque
809 2583 851 2605 eo
874 2571 910 2604 in
933 2571 1054 2606 bellum
1074 2571 1263 2617 profectus,
1294 2568 1379 2603 susis
1400 2577 1537 2602 suorum
1557 2567 1668 2612 copiis
1690 2566 1748 2600 vi-

307 2621 371 2645 vus
395 2613 430 2646 in
455 2613 601 2650 hostium
625 2623 829 2662 potestatem
851 2618 1023 2662 pervenit,
1047 2624 1083 2652 et
1100 2617 1293 2650 Sarraceno
1314 2614 1447 2648 cuidam
1467 2612 1593 2647 illustri
1613 2612 1651 2646 in
1670 2622 1749 2656 ser-

305 2657 447 2692 vitutem
475 2660 623 2695 deditur.
662 2662 909 2697 Ismaelitarum
933 2675 974 2697 eo
998 2669 1154 2717 tempore
1174 2661 1336 2707 princeps
1357 2659 1549 2693 Mamumus
1571 2668 1646 2692 cum
1668 2657 1749 2692 aliis

306 2702 451 2739 Graecis
473 2706 664 2751 disciplinis
685 2710 843 2752 vacabat,
867 2714 937 2742 tum
961 2719 1147 2754 praecipue
1167 2703 1377 2755 geometriae
1397 2708 1472 2738 erat
1489 2703 1640 2738 deditus.
1688 2714 1748 2738 ac-

305 2748 392 2784 cidit
414 2750 597 2796 aliquando
621 2759 659 2786 ut
682 2753 768 2796 eius,
802 2754 846 2787 de
866 2765 934 2798 quo
959 2754 1118 2798 diximus,
1141 2751 1278 2787 iuvenis
1299 2750 1455 2785 dominus
1478 2750 1523 2784 de
1545 2760 1747 2784 amermum-

305 2806 371 2829 nae
394 2796 429 2830 in
453 2797 658 2831 mathemata
683 2804 718 2832 et
739 2799 962 2843 geometriam
986 2799 1100 2834 studio
1123 2797 1328 2832 mentionem
1355 2796 1500 2830 faceret.
1546 2794 1597 2829 ibi
1620 2805 1748 2840 cupere

304 2852 342 2875 se
365 2853 440 2876 eum
463 2842 643 2888 ipsiusque
666 2843 825 2878 doctores
849 2843 968 2878 audire
992 2844 1128 2880 iuvenis
1151 2845 1212 2886 ait,
1235 2847 1271 2876 et
1293 2852 1393 2886 quam
1417 2841 1622 2875 adhiberent
1642 2841 1747 2874 rebus

303 2888 522 2932 geometricis
543 2888 757 2934 diligentiam
787 2889 980 2935 explorare.
1028 2890 1218 2933 Mamumus
1242 2887 1308 2923 hoc
1330 2886 1468 2934 cognito
1492 2886 1652 2922 iuvenem
1674 2886 1748 2920 lae-
