1890 3236
289 162 388 209 210
761 161 998 206 GEORGII
1032 161 1276 207 GEDRENI

290 276 420 325 ἀδεῶς
438 273 761 317 διασκίδνασθαι.
827 270 884 322 ὧς
914 267 985 316 οὖν
1013 272 1066 316 τὰ
1095 273 1169 328 μὲν
1199 275 1306 331 δρῶν
1333 273 1386 318 τὰ
1413 274 1459 319 δέ
1484 274 1742 334 &aemam

289 343 501 401 βάρβαρος
519 340 597 396 ἤδη
617 342 684 382 καὶ
714 344 786 395 τῆς
808 340 909 397 πρὸς
925 341 976 383 τὰ
997 341 1098 384 οἴκοι
1118 341 1315 385 ἐπανόδου
1335 344 1530 400 ἐμέμνητο
1553 346 1621 388 καὶ
1639 344 1744 400 μετὰ

222 446 231 454 ,
293 413 401 462 λείας
416 413 564 464 συχνῆς
581 406 843 463 ὑπέστρεψεν,
870 406 891 451 ὃ
913 410 1147 463 δομέστικος
1161 414 1241 453 τῶν
1259 415 1414 465 σχολῶν
1430 411 1503 455 δύο
1518 416 1741 470 τῶνφρα-

294 483 422 535 ἰηγιῢν
444 475 646 534 ἀφώρισε,
680 474 749 520 τόν
771 493 812 519 τε
834 481 905 520 τοῦ
924 481 1165 535 Χαρσιανοῦ
1187 480 1256 521 καὶ
1276 479 1346 522 τὸν
1365 484 1446 524 τῶν
1459 481 1742 537 Ἀρμενιακῶι,

293 547 395 603 μετὰ
414 549 486 600 τῆς
505 547 594 602 περὶ
615 543 737 588 αὐτὸν
757 543 965 599 δυνάμεως
984 547 1150 590 ἕκαστον
1169 556 1524 605 συμπαρομαρτεῖν
1549 553 1608 608 τῷ
1621 551 1775 606 Χρυ-ξί

295 615 448 671 σόχειρι
477 612 572 670 ἄχρι
599 618 673 656 τοῦ
695 616 909 669 λεγομένου
928 614 1251 673 Βαθυρρύακος,
1295 617 1480 661 κάκεῖθεν
1503 619 1538 660 εἲ
1554 617 1628 672 μὲν
1644 617 1746 660 ἔπι»-
1768 663 1771 666 ,

296 683 438 743 φήσει,
473 683 598 740 φησί,
631 683 735 725 κατὰ
753 687 833 725 τῶν
849 680 1080 738 Ῥωμαϊκῶν
1106 682 1225 742 ὁρίων
1247 684 1432 742 στρατόν,
1466 687 1570 742 δῆλα
1588 685 1746 729 θέσθαι

154 766 183 800 P
206 763 274 800 572
297 753 408 810 αὐτῷ
423 751 475 794 τὰ
495 752 585 808 περὶ
604 749 764 803 τούτου,
789 753 824 793 εἲ
845 752 888 794 δὲ
909 751 1044 795 οἴκαδε
1062 753 1352 811 ἀμεταστρεπτὶ
1369 755 1582 808 βαδίσειεν,
1600 751 1747 797 ἐάσαν-

292 838 366 871 τας
384 823 525 863 τοῦτον
548 814 673 869 αὖθις
693 820 926 863 ἐπανελθεῖν
946 821 1046 878 πρὸς
1064 820 1200 864 αὐτόν.
1269 820 1440 880 ἑσπέρας
1470 817 1542 866 οὖν
1567 826 1748 876 καταλα-

293 887 468 946 βούσης,
502 889 569 931 καὶ
597 892 669 930 τοῦ
698 891 954 945 βαρβαρικοῦ
987 889 1288 945 στρατεύματος
1312 889 1519 947 γεγονότος
1545 890 1649 934 κατὰ
1677 889 1748 934 τὸν
1759 902 1804 939 1ο

297 955 584 1014 Βαθυρρύακα
611 957 879 1010 αὖλισαμένου
904 975 946 1000 τε
966 958 1070 1000 κατὰ
1089 959 1162 1014 τὴν
1183 964 1257 1002 τοῦ
1277 957 1397 1016 ὄρους
1419 957 1637 1017 ὕπ’ώρειαν,
1668 962 1750 1002 τῶν

298 1028 344 1070 δὲ
362 1025 577 1082 εἰρημένων
597 1029 832 1082 στρατηγῶν
852 1025 1132 1081 κατασχόντων
1150 1028 1202 1071 τὰ
1222 1026 1367 1070 τούτου
1387 1026 1662 1085 μετεωρότεροι
1681 1027 1751 1070 καὶ

297 1095 343 1138 τὸ
373 1095 519 1150 μέλλον
545 1092 894 1145 ἀποσκοπούντων,
930 1095 1109 1149 ἐμπίπτει
1136 1113 1196 1146 τις
1226 1095 1306 1154 ἔρις
1339 1098 1429 1153 περὶ
1459 1097 1662 1154 πρωτείων
1683 1096 1750 1138 καὶ

298 1163 451 1219 ἅμιλλα
467 1168 550 1212 τοῖς
566 1165 646 1204 τῶν
668 1159 742 1204 δύο
759 1161 952 1216 θεμάτων
973 1162 1258 1220 στρατιώταις’
1294 1164 1332 1206 οἱ
1350 1165 1424 1219 μὲν
1443 1164 1521 1222 γὰρ
1538 1168 1612 1208 τοῦ
1627 1166 1752 1221 Χαρ-

298 1236 439 1277 σιανοῦ
471 1229 628 1280 ἑαυτοῖς
658 1230 858 1273 ἐνίσταντο
885 1231 937 1274 τὰ
958 1236 1030 1285 τῆς
1053 1233 1220 1289 ἀνδρίας
1239 1230 1426 1288 ἁρμόζειν
1447 1239 1646 1290 πρωτεῖα,
1677 1231 1806 1287 {jc-15

299 1305 421 1344 παλιν
446 1300 488 1341 δὲ
510 1297 668 1348 ἑαυτοῖς
695 1298 734 1340 οἱ
758 1299 1022 1355 Ἀρμενιακοί.
1090 1299 1145 1351 ὥς
1161 1296 1232 1344 οὖν
1253 1301 1315 1343 ἐπὶ
1337 1305 1520 1344 πλεῖστον
1537 1299 1677 1358 ἐχώρει
1699 1300 1752 1344 τὰ

300 1374 373 1424 τῆς
393 1367 634 1424 φιλονεικίας
659 1368 726 1408 καὶ
746 1367 848 1424 πρὸς
868 1368 912 1410 τὸ
934 1366 1188 1424 μεγάλαυχον
1214 1367 1382 1426 ἑκάτερα
1411 1369 1551 1426 ἔρρεπε
1577 1373 1658 1412 τῶν
1679 1384 1755 1411 τα-

300 1435 479 1495 γμάτων,
513 1436 693 1477 ἐνταῦθα
712 1435 761 1490 δὴ
781 1437 935 1491 λέγεται
955 1435 1065 1492 παρά
1085 1455 1191 1488 τινος
1208 1442 1405 1493 λεχθῆναι
1423 1442 1496 1481 τοῦ
1514 1441 1594 1481 τῶν
1610 1437 1753 1494 Ἀρμε-

249 1520 281 1555 Β
306 1509 453 1550 νιακῶν
482 1502 736 1558 συστήματος
764 1502 819 1554 ὡς
845 1506 914 1547 ἵνα
946 1507 988 1548 τί
1015 1503 1147 1561 μάτην
1177 1501 1210 1548 ὦ
1240 1510 1535 1563 συστρατιῶται
1567 1506 1757 1563 ἀπρεπῶς

298 1573 598 1630 θρασυνόμεθα
608 1603 621 1623 ,
656 1571 744 1622 ἐξὸν
762 1579 845 1623 τοῖς
864 1572 992 1630 ἔργοις
1011 1572 1370 1631 ἀναμφισβήτητον
1391 1574 1536 1631 ἀρετὴν
1556 1573 1811 1625 {adelgoz-20

302 1650 430 1699 σθαι,·
466 1642 503 1685 οἳ
523 1640 703 1694 πολέμιοι
721 1640 798 1698 γὰρ
820 1642 867 1683 οὗ
888 1641 1064 1699 μακράν,
1091 1644 1156 1685 καὶ
1175 1642 1326 1694 ἔξεστιν
1347 1644 1410 1686 ἐπὶ
1425 1647 1506 1686 τῶν
1527 1643 1653 1699 ἔργων
1672 1659 1756 1700 φα-

303 1719 419 1768 νῆναι
436 1711 530 1760 τοὺς
547 1709 733 1765 ἀριστεῖς.
789 1709 884 1760 τοὺς
904 1708 1109 1761 τοιούτους
1126 1712 1257 1753 τοίνυν
1277 1709 1420 1767 λόγους
1441 1711 1759 1761 διενωτισθέντες

305 1783 343 1826 οἱ
366 1778 581 1837 στρατηγοὶ
599 1779 666 1818 καὶ
684 1776 757 1832 τὴν
772 1778 873 1831 πρὸς
891 1779 1056 1836 ἀνδρίαν
1074 1777 1204 1835 ὁρμὴν
1218 1778 1535 1835 κατανοήσαντες
1552 1783 1626 1822 τοῦ
1642 1782 1759 1830 λαοῦ,

307 1845 614 1904 καταμαθόντες
635 1845 679 1886 δὲ
700 1847 767 1887 καὶ
787 1846 860 1899 τὴν
882 1847 961 1889 ἀπὸ
993 1852 1065 1889 τοῦ
1090 1847 1215 1890 τόπου
1243 1847 1456 1903 βοήθειαν,
1494 1846 1555 1891 ὅτι
1568 1848 1616 1899 ἐξ
1635 1845 1759 1904 ὕπερ-

307 1920 447 1970 δεξίων
474 1915 687 1971 μέλλουσιν
718 1914 974 1957 ἐπιτίθεσθαι
1004 1921 1089 1966 τοῖς
1117 1917 1320 1971 πολεμίοις
1348 1917 1389 1960 ἓν
1415 1917 1535 1976 κοίλῳ
1567 1915 1815 1972 κειμένοις25

307 2045 457 2094 palando
490 2054 554 2090 per
583 2044 660 2079 loca
692 2044 848 2090 dispergi
880 2043 1037 2079 auderet.
1084 2044 1147 2078 sed
1171 2044 1232 2078 ubi
1253 2045 1422 2079 barbarus
1448 2044 1616 2089 quaedam
1638 2055 1759 2089 agens,

248 2112 255 2117 r
306 2092 433 2140 partim
464 2090 637 2136 propositi
664 2090 774 2136 impos
805 2092 938 2125 domum
970 2089 1086 2124 redire
1116 2090 1267 2125 intendit
1302 2100 1343 2124 ac
1366 2089 1509 2135 copiosa
1532 2101 1608 2125 cum
1630 2090 1762 2136 praede.

308 2141 378 2174 iter
408 2137 493 2172 illud
516 2135 639 2180 inivit,
673 2136 881 2171 domesticus
909 2135 1102 2169 scholarum
1134 2136 1267 2170 duobus
1299 2136 1464 2180 ducibus,
1501 2147 1646 2181 quorum
1674 2146 1763 2170 unus

307 2182 512 2225 Chersianis
536 2181 623 2216 alter
646 2181 859 2216 Armeniacis
884 2187 1065 2227 praeerat,
1101 2182 1274 2227 praecipit
1305 2187 1344 2217 ut
1376 2193 1451 2217 cum
1476 2181 1520 2216 iis
1545 2193 1632 2227 quas
1653 2182 1761 2216 duce-

307 2232 394 2266 bant
416 2227 616 2263 cohortibus
641 2228 906 2272 Chrysochirem
930 2238 1040 2272 usque
1063 2228 1107 2262 ad
1128 2227 1426 2272 Bathyrrhyacem
1450 2239 1541 2273 pone
1560 2232 1762 2273 sequantur,

309 2282 346 2311 et
370 2276 400 2310 si
423 2274 559 2320 quidem
583 2274 614 2307 is
638 2273 720 2308 inde
742 2274 779 2308 in
796 2275 970 2308 Romanos
993 2285 1096 2318 agros
1121 2284 1163 2307 ac
1185 2274 1274 2307 fines
1298 2273 1434 2308 emittat
1459 2273 1613 2318 militem,
1635 2273 1705 2308 sibi
1726 2272 1763 2307 id

310 2321 520 2366 significent,
544 2319 598 2354 sin
623 2321 666 2354 ab
691 2332 732 2354 eo
754 2319 829 2354 loco
851 2325 946 2354 recta
967 2320 1101 2354 domum
1119 2331 1242 2354 versus
1264 2320 1516 2365 proficiscatur,
1537 2319 1615 2364 ipso
1635 2319 1762 2353 omisso

311 2368 356 2402 ad
382 2379 420 2401 se
443 2371 678 2403 revertantur.
704 2368 767 2400 sub
791 2377 971 2411 vesperam
996 2376 1069 2400 cum
1099 2365 1142 2400 ad
1166 2365 1294 2400 dictum
1315 2365 1426 2400 locum
1451 2366 1590 2408 (nomen
1612 2370 1667 2400 est
1687 2365 1763 2398 loco

311 2414 355 2447 ab
381 2412 460 2446 altis
483 2412 627 2445 inditum
646 2411 899 2457 crepidinibus)
922 2411 1062 2446 barbari
1084 2410 1122 2445 in
1144 2411 1263 2446 radice
1286 2412 1412 2446 montis
1434 2410 1683 2455 consedissent,
1707 2410 1765 2444 in-

311 2463 367 2492 ter
388 2457 514 2491 milites
537 2458 781 2500 Romanorum,
811 2458 872 2502 qui
895 2457 1094 2501 superiores
1117 2457 1242 2492 montis
1266 2463 1384 2503 partes
1408 2461 1681 2501 occupaverant,
1719 2455 1765 2489 de

311 2504 455 2538 virtutis
477 2503 689 2547 praestantia
715 2509 889 2537 certamen
911 2503 1045 2546 incidit,
1070 2507 1217 2548 utroque
1240 2503 1396 2537 exercitu
1418 2502 1488 2536 sibi
1508 2501 1636 2547 primas
1658 2500 1764 2535 forti-

312 2549 444 2584 tudinis
468 2555 666 2593 arrogante.
691 2554 902 2594 augescente
924 2548 1158 2594 contentione,
1184 2554 1220 2583 et
1241 2554 1389 2593 utroque
1412 2547 1567 2583 exercitu
1589 2547 1633 2581 ad
1655 2546 1774 2581 maio-

312 2605 385 2629 rem
407 2593 610 2639 prolabente
631 2594 844 2639 iactantiam‚
867 2595 1036 2640 quendam
1060 2606 1103 2629 ex
1123 2594 1336 2629 Armeniacis
1352 2595 1469 2628 ferunt
1486 2592 1618 2627 dixisse
1634 2589 1766 2637 “quor-

312 2651 387 2675 sum
411 2640 556 2683 attinet,
593 2641 860 2686 commilitones,
894 2647 964 2675 tam
985 2640 1186 2675 indecenter
1210 2639 1390 2674 ferocire?
1437 2649 1512 2672 cum
1535 2637 1639 2672 liceat
1660 2637 1765 2673 factis

313 2685 479 2720 virtutem
502 2690 665 2719 testatam
691 2687 851 2731 reddere,
876 2686 1032 2721 hostibus
1055 2685 1090 2720 in
1113 2686 1269 2731 proximo
1293 2684 1530 2728 versantibus,
1555 2695 1664 2728 reque
1686 2683 1766 2728 ipsa

314 2733 418 2766 detur
440 2732 677 2766 demonstrare
699 2732 760 2777 qui
783 2733 913 2766 virtute
936 2733 1006 2766 siut
1030 2728 1170 2777 primi.”
1214 2743 1256 2766 ea
1277 2732 1385 2765 verba
1407 2740 1481 2764 cum
1506 2729 1549 2764 ad
1574 2740 1676 2764 aures
1699 2730 1765 2764 du-

315 2788 391 2811 cum
415 2776 675 2822 pervenissent,
708 2783 744 2811 et
768 2777 980 2812 alacritatem
1003 2777 1145 2812 militum
1168 2777 1211 2811 ad
1234 2787 1382 2821 pugnam
1410 2775 1664 2820 intelligerent,
1699 2785 1765 2808 nec

313 2833 385 2858 non
406 2822 517 2869 ipsius
550 2820 618 2858 loci
647 2824 942 2869 opportunitatem
975 2823 1148 2859 sentirent
1172 2823 1243 2860 sibi
1271 2823 1316 2858 ad
1346 2820 1527 2858 victoriam
1559 2825 1765 2857 momentum
