1890 3236
265 155 366 206 448
743 154 985 201 GEORGII
1011 155 1256 202 GEDRENI

262 278 368 329 βασε
383 273 537 314 θῶκον.
601 267 644 311 ἓν
668 267 837 326 Φοινίκῃ
858 268 902 311 δὲ
921 265 1152 325 γενόμενος,
1185 269 1254 312 καὶ
1273 267 1345 312 τὸν
1362 267 1598 328 Τριπόλεως
1613 271 1723 329 ἀμη-

267 344 345 397 ρᾶν
372 340 438 381 καὶ
464 337 534 379 τὸν
550 334 780 391 Δαμασκοῦ
810 339 878 380 καὶ
901 334 1044 396 Τύρου
1076 339 1144 381 καὶ
1169 335 1359 394 Βηρύτου
1391 331 1523 394 (οὗτοι
1539 339 1623 398 γὰρ
1641 339 1723 399 πρὸ

268 408 402 463 ὀλίγον
429 402 720 459 ὅμονοήσαντες
751 407 817 448 καὶ
846 404 953 449 ὅπλα
980 407 1085 450 κατὰ
1110 411 1184 462 τῆς
1207 405 1450 461 Ἀντιοχείας
1479 404 1724 463 κινήσαντες,

266 478 339 518 τοῦ
364 472 562 529 βασιλέως
581 477 639 532 τῷ
658 473 760 531 πρὸς
780 473 852 517 τὸν
873 476 1024 517 Φωκᾶν
1043 476 1206 533 πολέμῳ
1227 474 1512 529 σχολάζοντος,
1554 475 1724 532 Δαμια-

261 541 330 586 νόν
363 559 405 585 τε
434 540 504 585 τὸν
521 542 742 599 ’πατρίκιον
771 541 817 593 ὃς
844 537 966 600 ἦρχεν
991 543 1235 598 Ἀντιοχείας
1265 544 1429 601 πολέμῳ
1460 542 1758 599 συμβαλόνταὸ

261 609 420 661 τούτοις
439 609 598 654 ἀνεῖλον
621 612 690 653 καὶ
710 610 892 654 κίνδυνον
912 611 960 654 οὗ
979 612 1124 670 μικρὸν
1142 617 1192 669 τῇ
1210 610 1323 655 πόλει
1343 612 1539 667 ἓπέσειον)
1565 610 1621 664 ὧς
1637 613 1728 668 ἐνῆν
1782 646 1784 650 .

123 690 152 725 P
176 690 244 727 702
267 677 594 737 ἀσφαλισάμενος
616 678 746 734 μένειν
774 683 825 736 τῇ
855 678 1052 724 δουλώσει
1075 679 1306 736 Ῥωμαίων,
1339 683 1407 724 καὶ
1430 680 1567 740 ὅμηρα
1589 681 1730 736 λαβὼν

266 745 567 803 ε’παναζευγνύει
586 747 688 805 πρὸς
705 747 751 790 τὸ
769 746 1008 800 Βυζάντιον.
1716 792 1719 794 ,

403 814 573 859 Διιόντα
600 817 644 859 δὲ
659 821 801 860 τοῦτον
829 817 872 860 ἐκ
893 816 1188 867 Καππαδοκίας
1206 814 1441 868 Εὗστάθιος
1460 815 1684 875 μάγιστρος
1705 814 1728 860 ὃ

269 884 479 935 Μαλεῗνος
494 886 535 928 ἐν
552 891 637 935 τοῖς
654 886 811 936 οἰκείοις
828 883 1045 938 ὑπεδέξατο
1063 887 1299 943 πανστρατί,
1319 889 1455 929 πᾶσαν
1473 886 1586 944 αὐτῷ
1601 903 1644 930 τε
1662 887 1729 929 καὶ
1740 893 1786 933 m

268 959 326 1012 τῷ
343 950 612 1011 στρατεύματι
631 951 831 1012 ἀφθόνως
844 954 1108 1012 παρεσχηκὼς
1124 956 1340 1012 χορηγίαν·
1369 953 1416 997 ὃν
1432 952 1488 1005 ὥς
1504 953 1610 1010 τάχα
1626 954 1732 998 ἄπο-

268 1021 484 1078 δεξάμενος
518 1024 587 1065 καὶ
620 1022 832 1075 ἐπαινέσας
860 1025 928 1067 καὶ
959 1024 1055 1079 μετ’
1082 1023 1207 1066 αὐτοῦ
1228 1021 1559 1081 προσλαβόμενος
1584 1025 1640 1074 εἷς
1657 1023 1732 1078 τὴν

267 1092 462 1146 βασιλίδα
482 1089 615 1134 ἔκτοτε
635 1090 893 1149 ὑποστρέψαι
912 1091 959 1134 οὗ
978 1090 1265 1149 συνεχώρησεν,
1289 1091 1394 1134 ἀλλὰ
1413 1095 1600 1148 χορηγῶν
1621 1091 1732 1150 αὐτῷ

267 1162 458 1216 δαψιλῶς
474 1160 526 1202 τὰ
543 1160 645 1217 πρὸς
662 1161 735 1216 τὴν
747 1163 889 1218 χρείαν
911 1163 979 1203 καὶ
1005 1160 1138 1218 ὥσπερ
1168 1178 1208 1204 τι
1237 1161 1384 1217 θηρίον
1412 1160 1572 1217 τρέφων
1590 1159 1632 1203 ἕν
1653 1176 1733 1204 τινι

265 1233 378 1288 σηκῷ
400 1234 590 1284 κατεῖχεν,
627 1230 702 1280 ἕως
721 1229 844 1272 αὐτὸν
861 1232 929 1272 καὶ
950 1230 996 1273 τὸ
1017 1230 1142 1287 πέρας
1162 1233 1234 1272 τοῦ
1250 1230 1342 1283 βίου
1361 1228 1570 1283 κατέλαβε.
1636 1225 1732 1272 τού·-
1743 1233 1788 1270 15

212 1302 244 1338 Β
266 1314 340 1341 του
365 1298 410 1340 δὲ
431 1295 712 1348 ἀποθανόντος
732 1296 758 1353 ἥ
779 1304 917 1354 κτῆσις
937 1299 1064 1341 αὐτοῦ
1078 1304 1191 1341 πᾶσα
1212 1298 1512 1352 δεδημοσίευτο.
1578 1295 1733 1355 ἔγραψε

267 1367 312 1409 δὲ
334 1367 403 1409 καὶ
424 1362 547 1420 νόμον
570 1364 591 1408 ὃ
611 1367 806 1421 βασιλεὺς
825 1367 1007 1424 εἶ’ργοντα
1025 1368 1120 1418 τοὺς
1138 1366 1336 1416 δυνατοὺς
1359 1367 1401 1409 ἓν
1425 1363 1550 1421 ὅμάδι
1570 1366 1735 1423 χωρίων

267 1433 533 1486 αὐξάνεσθαι.
600 1439 720 1478 τοῦτο
742 1436 786 1478 δὲ
813 1437 881 1479 καὶ
900 1436 978 1492 πρὸ
1003 1435 1129 1479 αὐτοῦ
1149 1436 1454 1485 Κωνσταντΐνος
1479 1432 1502 1478 ὅ
1521 1451 1736 1492 πορφυρο-

267 1504 476 1560 γὲννητος,
518 1502 539 1545 ὃ
565 1502 838 1564 πατροπάτωρ
869 1509 942 1548 τοῦ
968 1504 1192 1559 βασιλέως,
1225 1506 1294 1547 καὶ
1309 1501 1525 1559 “Ρωμανὸς
1544 1501 1566 1547 ὅ
1586 1503 1735 1546 ἐκείνου

270 1571 468 1629 πενθερὸς
486 1570 738 1627 ἐποιήσαντο.
1743 1578 1792 1614 20

406 1637 615 1683 Νικολάου
647 1641 691 1683 δὲ
717 1644 790 1683 τοῦ
808 1639 1080 1697 Χρυσοβὲργη
1102 1640 1166 1682 ε’πὶ
1183 1636 1357 1696 χρόνους
1375 1635 1431 1693 ιβ’
1460 1639 1528 1682 καὶ
1549 1642 1681 1694 μῆνας
1697 1635 1736 1693 η’

271 1708 345 1763 τὴν
365 1708 578 1763 ἐκκλησίαν
598 1707 816 1759 ἲθύναντος
838 1710 906 1750 καὶ
927 1706 1229 1758 καταλύσαντος
1249 1708 1322 1762 τὴν
1341 1706 1459 1762 ζωήν,
1492 1713 1738 1765 χειροτονεῖ-

272 1793 341 1819 ται
362 1777 539 1827 Σισίνιος
553 1776 798 1836 μάγιστρος,
832 1776 934 1834 ἀνὴρ
952 1775 1160 1833 ἐλλόγιμος
1177 1778 1244 1819 καὶ
1263 1778 1446 1834 ἰατρικῆς
1465 1777 1606 1832 τέχνης
1627 1774 1738 1832 ἥκων

368 1895 389 1931 1
411 1893 624 1940 τριπολίτην
646 1895 677 1930 C
816 1895 863 1931 16
883 1894 998 1937 κτίσις
1020 1896 1053 1931 C

275 2008 379 2042 quam
401 1996 439 2030 in
461 1996 686 2032 Phoeniciam
708 2000 850 2033 ventum
874 2002 939 2043 est,
965 1996 1124 2043 Tripolis
1142 1995 1303 2031 Damasci
1318 1996 1410 2041 Tyri
1427 1995 1622 2042 Berytique
1643 2006 1740 2032 ame-

273 2055 332 2078 ras
358 2043 455 2086 (nam
484 2042 522 2076 hi
553 2043 656 2089 paulo
686 2049 767 2079 ante
790 2044 867 2090 ipso
893 2043 989 2078 civili
1019 2049 1140 2078 contra
1167 2043 1318 2077 Phocam
1341 2043 1434 2078 bello
1458 2043 1620 2088 detento,
1650 2042 1740 2077 inito

273 2089 418 2124 foedere
441 2094 564 2124 contra
586 2090 813 2125 Antiocheam
837 2102 930 2125 arma
950 2089 1126 2132 tulerant,
1163 2094 1199 2123 et
1218 2089 1423 2124 Damianum
1454 2089 1640 2134 patricium
1663 2088 1740 2122 eius

273 2135 371 2170 urbis
420 2135 609 2170 raefectum
632 2147 750 2181 pugna
772 2147 995 2181 congressum
1014 2136 1278 2180 interfecerant,
1301 2135 1448 2180 urbique
1469 2135 1561 2170 haud
1579 2133 1742 2180 exiguum

272 2181 393 2228 pericu
408 2193 463 2215 um
494 2181 721 2226 obiecerant)
754 2183 872 2227 coegit
899 2182 1066 2216 Romanis
1099 2192 1238 2228 parere.
1287 2186 1324 2215 et
1353 2186 1519 2226 quantum
1551 2179 1628 2215 eius
1659 2178 1742 2214 fieri

274 2232 425 2308 gotera}
446 2229 552 2263 rebus
584 2228 664 2263 istis
693 2228 732 2264 iu
761 2233 875 2264 tutum
896 2228 1070 2274 redactis,
1102 2226 1258 2274 acceptis
1281 2226 1385 2262 etiam
1408 2227 1612 2272 obsidibus,
1647 2226 1742 2262 redit

308 2285 397 2319 yzan
415 2285 498 2310 xum.

365 2342 409 2376 In
432 2343 548 2378 reditu
571 2355 648 2378 eum
670 2353 736 2389 per
758 2342 1017 2389 Cappadociam
1044 2342 1113 2377 iter
1135 2341 1322 2377 facientem
1343 2340 1511 2387 magister
1533 2339 1742 2377 Eustathius

273 2387 450 2423 Maleinus
472 2389 625 2435 hospitio
651 2389 791 2435 excepit
813 2400 889 2424 cum
910 2390 1076 2424 universo
1100 2388 1270 2433 exercitu,
1294 2387 1478 2433 omniaque
1497 2387 1636 2422 abunde
1655 2397 1743 2432 sup-

274 2434 460 2480 peditavit.
508 2436 601 2480 quod
635 2436 789 2470 officium
827 2447 867 2470 se
904 2436 1055 2482 probare
1090 2434 1252 2469 simulans
1285 2433 1475 2479 imperator
1509 2443 1626 2467 secum
1664 2442 1743 2466 eum

276 2479 405 2525 Cpolin
431 2481 597 2526 abduxit,
632 2493 747 2527 neque
770 2481 852 2516 inde
875 2482 1012 2516 domum
1035 2492 1184 2526 unquam
1207 2480 1340 2515 reverti
1363 2490 1488 2526 passus
1513 2484 1585 2523 est,
1618 2477 1681 2513 sed
1703 2477 1742 2511 in

276 2527 365 2560 urbe
389 2526 503 2562 omnia
527 2527 767 2573 copiosissime
790 2527 1039 2574 suppeditans,
1072 2528 1183 2562 veluti
1212 2526 1322 2561 feram
1350 2525 1386 2560 in
1418 2536 1526 2559 cavea
1549 2524 1663 2568 alens,
1697 2523 1743 2558 ad

277 2576 423 2606 mortem
451 2573 526 2607 eius
555 2585 666 2619 usque
699 2574 863 2609 detinuit.
910 2573 1038 2608 mortui
1070 2573 1185 2608 omnia
1212 2573 1306 2607 bona
1327 2570 1502 2617 publicata
1525 2575 1619 2605 sunt.
1665 2569 1746 2615 lege

280 2617 383 2652 etiam
407 2619 524 2653 sanxit
544 2630 589 2654 ne
611 2620 828 2664 potentiores
859 2619 1127 2666 multiplicandis
1160 2618 1316 2664 praediis
1347 2622 1597 2662 augescerent,
1630 2626 1743 2661 quan-

281 2674 392 2742 {1uan}
414 2664 538 2717 eadem
574 2666 679 2701 etiam
713 2667 758 2701 ab
790 2677 857 2701 avo
892 2665 967 2701 eius
990 2665 1223 2701 Constantino
1246 2663 1419 2709 huiusque
1441 2673 1565 2698 socero
1588 2662 1744 2697 Romano

297 2714 353 2744 ata
391 2714 455 2744 uit.

375 2776 521 2811 Nicolao
547 2778 812 2824 Chrysobergio
836 2782 918 2825 post
940 2778 1219 2814 administratum
1245 2788 1311 2824 per
1333 2788 1441 2812 annos
1465 2773 1646 2810 duodecim
1668 2783 1745 2807 cum

283 2821 388 2858 besse
410 2822 681 2870 patriarchatum
701 2825 777 2863 vita
797 2826 919 2861 functo
941 2825 1166 2862 substituitur
1189 2823 1365 2860 sisinnius
1388 2821 1574 2868 magister,
1608 2819 1666 2856 vir
1687 2818 1744 2855 iu-
