<?xml version="1.0" encoding="UTF-8"?>
<!DOCTYPE html PUBLIC "-//W3C//DTD XHTML 1.0 Transitional//EN"
    "http://www.w3.org/TR/xhtml1/DTD/xhtml1-transitional.dtd">
<html xmlns="http://www.w3.org/1999/xhtml" xml:lang="en" lang="en">
 <head>
  <title>
</title>
<meta http-equiv="Content-Type" content="text/html;charset=utf-8" />
  <meta name='ocr-system' content='tesseract 3.04.00' />
  <meta name='ocr-capabilities' content='ocr_page ocr_carea ocr_par ocr_line ocrx_word'/>
</head>
<body>
  <div class='ocr_page' id='page_1' title='image "./corpusscriptorum14niebuoft/corpusscriptorum14niebuoft_0688.png"; bbox 0 0 1916 3210; ppageno 0'>
   <div class='ocr_carea' id='block_1_1' title="bbox 341 154 1386 206">
    <p class='ocr_par' dir='ltr' id='par_1_1' title="bbox 341 154 1386 206">
     <span class='ocr_line' id='line_1_1' title="bbox 341 154 1386 206; baseline -0.007 0"><span class='ocrx_word' id='word_1_1' title='bbox 341 157 439 206; x_wconf 88' lang='grc'><strong>678</strong></span> <span class='ocrx_word' id='word_1_2' title='bbox 716 154 958 201; x_wconf 84' lang='lat' dir='ltr'><strong>.IOANNIS</strong></span> <span class='ocrx_word' id='word_1_3' title='bbox 993 154 1386 200; x_wconf 85' lang='lat' dir='ltr'><strong>GUROPALATAE</strong></span> 
     </span>
    </p>
   </div>
   <div class='ocr_carea' id='block_1_2' title="bbox 291 265 1850 2752">
    <p class='ocr_par' dir='ltr' id='par_1_2' title="bbox 291 265 1850 2752">
     <span class='ocr_line' id='line_1_2' title="bbox 314 265 1786 326; baseline -0.003 -11"><span class='ocrx_word' id='word_1_4' title='bbox 314 269 506 325; x_wconf 67' lang='grc' dir='ltr'><strong><em>(ἤκουσεν</em></strong></span> <span class='ocrx_word' id='word_1_5' title='bbox 534 266 556 310; x_wconf 81' lang='grc' dir='ltr'><strong>ὃ</strong></span> <span class='ocrx_word' id='word_1_6' title='bbox 586 267 777 322; x_wconf 78' lang='grc' dir='ltr'><strong><em>βασιλεὺς</em></strong></span> <span class='ocrx_word' id='word_1_7' title='bbox 805 265 876 323; x_wconf 82' lang='grc' dir='ltr'><strong>τήν</strong></span> <span class='ocrx_word' id='word_1_8' title='bbox 906 285 948 312; x_wconf 86' lang='grc' dir='ltr'><strong>τε</strong></span> <span class='ocrx_word' id='word_1_9' title='bbox 977 271 1049 311; x_wconf 75' lang='grc' dir='ltr'><strong>τοῦ</strong></span> <span class='ocrx_word' id='word_1_10' title='bbox 1071 266 1258 324; x_wconf 83' lang='grc' dir='ltr'><strong><em>Ἀμοίρου</em></strong></span> <span class='ocrx_word' id='word_1_11' title='bbox 1285 267 1598 325; x_wconf 78' lang='grc' dir='ltr'><strong><em>λαφυραγωγιάν</em></strong></span> <span class='ocrx_word' id='word_1_12' title='bbox 1617 268 1684 311; x_wconf 74' lang='grc' dir='ltr'><strong><em>καὶ</em></strong></span> <span class='ocrx_word' id='word_1_13' title='bbox 1704 265 1786 326; x_wconf 78' lang='grc' dir='ltr'><strong>φό-</strong></span> 
     </span>
     <span class='ocr_line' id='line_1_3' title="bbox 320 330 1785 392; baseline -0.002 -11"><span class='ocrx_word' id='word_1_14' title='bbox 320 330 409 381; x_wconf 38' lang='grc' dir='ltr'><strong><em>ξνον</em></strong></span> <span class='ocrx_word' id='word_1_15' title='bbox 443 338 600 391; x_wconf 82' lang='grc' dir='ltr'><strong><em>ἀνδρῶν</em></strong></span> <span class='ocrx_word' id='word_1_16' title='bbox 637 333 862 390; x_wconf 79' lang='grc' dir='ltr'><strong><em>ἀμύθητον.</em></strong></span> <span class='ocrx_word' id='word_1_17' title='bbox 929 336 1263 390; x_wconf 84' lang='grc' dir='ltr'><strong><em>κατεσκηνηκυιάς</em></strong></span> <span class='ocrx_word' id='word_1_18' title='bbox 1290 335 1334 378; x_wconf 79' lang='grc' dir='ltr'><strong>δὲ</strong></span> <span class='ocrx_word' id='word_1_19' title='bbox 1362 339 1434 390; x_wconf 83' lang='grc' dir='ltr'><strong>τῆς</strong></span> <span class='ocrx_word' id='word_1_20' title='bbox 1461 339 1716 392; x_wconf 74' lang='grc' dir='ltr'><strong><em>παρεμβολῆς</em></strong></span> <span class='ocrx_word' id='word_1_21' title='bbox 1743 335 1785 378; x_wconf 75' lang='grc' dir='ltr'><strong>ἓν</strong></span> 
     </span>
     <span class='ocr_line' id='line_1_4' title="bbox 339 401 1784 463; baseline -0.001 -16"><span class='ocrx_word' id='word_1_22' title='bbox 339 409 399 463; x_wconf 76' lang='grc' dir='ltr'><strong>τῷ</strong></span> <span class='ocrx_word' id='word_1_23' title='bbox 423 408 496 447; x_wconf 83' lang='grc' dir='ltr'><strong>τοῦ</strong></span> <span class='ocrx_word' id='word_1_24' title='bbox 520 402 716 453; x_wconf 75' lang='grc' dir='ltr'><strong><em>Χαλκέως</em></strong></span> <span class='ocrx_word' id='word_1_25' title='bbox 740 406 939 460; x_wconf 77' lang='grc' dir='ltr'><strong><em>σταθμῷ,</em></strong></span> <span class='ocrx_word' id='word_1_26' title='bbox 973 401 995 445; x_wconf 84' lang='grc' dir='ltr'><strong>ὃ</strong></span> <span class='ocrx_word' id='word_1_27' title='bbox 1022 404 1064 445; x_wconf 76' lang='grc' dir='ltr'><strong>ἐν</strong></span> <span class='ocrx_word' id='word_1_28' title='bbox 1088 405 1299 458; x_wconf 81' lang='grc' dir='ltr'><strong><em>Μελιτηνῇ</em></strong></span> <span class='ocrx_word' id='word_1_29' title='bbox 1326 406 1485 459; x_wconf 82' lang='grc' dir='ltr'><strong><em>κρατῶν</em></strong></span> <span class='ocrx_word' id='word_1_30' title='bbox 1510 407 1583 449; x_wconf 70' lang='grc' dir='ltr'><strong>τοῦ</strong></span> <span class='ocrx_word' id='word_1_31' title='bbox 1609 407 1784 460; x_wconf 85' lang='grc' dir='ltr'><strong><em>στρατοῦ</em></strong></span> 
     </span>
     <span class='ocr_line' id='line_1_5' title="bbox 341 469 1784 528; baseline 0 -14"><span class='ocrx_word' id='word_1_32' title='bbox 341 472 433 514; x_wconf 76' lang='grc' dir='ltr'><strong><em>οὐδ’</em></strong></span> <span class='ocrx_word' id='word_1_33' title='bbox 457 469 560 520; x_wconf 83' lang='grc' dir='ltr'>ὅλως</span> <span class='ocrx_word' id='word_1_34' title='bbox 580 471 690 528; x_wconf 73' lang='grc' dir='ltr'><strong><em>αὐτῷ</em></strong></span> <span class='ocrx_word' id='word_1_35' title='bbox 709 475 952 526; x_wconf 75' lang='grc' dir='ltr'><em>προσβαλεῖν</em></span> <span class='ocrx_word' id='word_1_36' title='bbox 968 470 1165 526; x_wconf 74' lang='grc' dir='ltr'><strong><em>ἠθέλησεν</em></strong></span> <span class='ocrx_word' id='word_1_37' title='bbox 1174 502 1189 522; x_wconf 91' lang='grc'><strong><em>,</em></strong></span> <span class='ocrx_word' id='word_1_38' title='bbox 1219 469 1319 524; x_wconf 64' lang='grc' dir='ltr'><strong><em>ἔχων</em></strong></span> <span class='ocrx_word' id='word_1_39' title='bbox 1337 472 1403 513; x_wconf 82' lang='grc' dir='ltr'><strong>καὶ</strong></span> <span class='ocrx_word' id='word_1_40' title='bbox 1421 474 1553 525; x_wconf 30' lang='grc' dir='ltr'><strong><em>ταῦτα,</em></strong></span> <span class='ocrx_word' id='word_1_41' title='bbox 1568 470 1643 526; x_wconf 73' lang='grc' dir='ltr'><strong><em>τὴν</em></strong></span> <span class='ocrx_word' id='word_1_42' title='bbox 1659 484 1784 528; x_wconf 75' lang='grc' dir='ltr'><strong><em>στρα-</em></strong></span> 
     </span>
     <span class='ocr_line' id='line_1_6' title="bbox 340 535 1819 597; baseline 0 -15"><span class='ocrx_word' id='word_1_43' title='bbox 340 539 430 583; x_wconf 78' lang='grc' dir='ltr'><strong><em>τιὰν</em></strong></span> <span class='ocrx_word' id='word_1_44' title='bbox 457 539 498 580; x_wconf 79' lang='grc' dir='ltr'><strong>ἓν</strong></span> <span class='ocrx_word' id='word_1_45' title='bbox 527 542 585 597; x_wconf 79' lang='grc' dir='ltr'><strong>τῷ</strong></span> <span class='ocrx_word' id='word_1_46' title='bbox 612 542 685 581; x_wconf 83' lang='grc' dir='ltr'><strong>τοῦ</strong></span> <span class='ocrx_word' id='word_1_47' title='bbox 711 539 956 592; x_wconf 86' lang='grc' dir='ltr'><strong><em>Τζαμανδοῦ</em></strong></span> <span class='ocrx_word' id='word_1_48' title='bbox 974 538 1319 595; x_wconf 75' lang='grc' dir='ltr'><strong><em>συνηθροισμένην</em></strong></span> <span class='ocrx_word' id='word_1_49' title='bbox 1338 539 1568 592; x_wconf 76' lang='grc' dir='ltr'><strong><em>πολίσματι.</em></strong></span> <span class='ocrx_word' id='word_1_50' title='bbox 1634 537 1704 595; x_wconf 67' lang='grc' dir='ltr'><strong>ἔφ’</strong></span> <span class='ocrx_word' id='word_1_51' title='bbox 1724 535 1819 588; x_wconf 81' lang='grc' dir='ltr'><strong><em>οἷς5</em></strong></span> 
     </span>
     <span class='ocr_line' id='line_1_7' title="bbox 343 603 1801 664; baseline 0.001 -15"><span class='ocrx_word' id='word_1_52' title='bbox 343 606 544 657; x_wconf 84' lang='grc' dir='ltr'><strong><em>ἀνιαθείς,</em></strong></span> <span class='ocrx_word' id='word_1_53' title='bbox 577 605 635 660; x_wconf 84' lang='grc' dir='ltr'><strong><em>μὴ</em></strong></span> <span class='ocrx_word' id='word_1_54' title='bbox 665 607 852 660; x_wconf 80' lang='grc' dir='ltr'><strong><em>δυνηθεὶς</em></strong></span> <span class='ocrx_word' id='word_1_55' title='bbox 882 606 926 649; x_wconf 77' lang='grc' dir='ltr'><strong>δὲ</strong></span> <span class='ocrx_word' id='word_1_56' title='bbox 953 610 1163 662; x_wconf 79' lang='grc' dir='ltr'><strong><em>βοηθῆσαι</em></strong></span> <span class='ocrx_word' id='word_1_57' title='bbox 1182 609 1241 664; x_wconf 76' lang='grc' dir='ltr'><strong>τῷ</strong></span> <span class='ocrx_word' id='word_1_58' title='bbox 1260 604 1487 662; x_wconf 79' lang='grc' dir='ltr'><em>πράγματι,</em></span> <span class='ocrx_word' id='word_1_59' title='bbox 1519 603 1572 648; x_wconf 77' lang='grc' dir='ltr'><strong><em>τά</em></strong></span> <span class='ocrx_word' id='word_1_60' title='bbox 1595 603 1801 662; x_wconf 60' lang='grc' dir='ltr'><strong><em>κατὰτὸν,</em></strong></span> 
     </span>
     <span class='ocr_line' id='line_1_8' title="bbox 291 671 1790 731; baseline 0 -15"><span class='ocrx_word' id='word_1_61' title='bbox 291 681 322 716; x_wconf 89' lang='grc' dir='ltr'>Β</span> <span class='ocrx_word' id='word_1_62' title='bbox 346 673 517 731; x_wconf 84' lang='grc' dir='ltr'><strong><em>στρατὸν</em></strong></span> <span class='ocrx_word' id='word_1_63' title='bbox 537 671 592 724; x_wconf 81' lang='grc' dir='ltr'><strong><em>ὥς</em></strong></span> <span class='ocrx_word' id='word_1_64' title='bbox 611 674 701 729; x_wconf 79' lang='grc' dir='ltr'><strong><em>ε’νῆν</em></strong></span> <span class='ocrx_word' id='word_1_65' title='bbox 723 675 860 724; x_wconf 77' lang='grc' dir='ltr'><strong><em>δεξιῶς</em></strong></span> <span class='ocrx_word' id='word_1_66' title='bbox 879 674 1140 729; x_wconf 75' lang='grc' dir='ltr'><strong><em>διαθέμενος,</em></strong></span> <span class='ocrx_word' id='word_1_67' title='bbox 1175 676 1231 724; x_wconf 77' lang='grc' dir='ltr'><strong>εἰς</strong></span> <span class='ocrx_word' id='word_1_68' title='bbox 1251 673 1573 730; x_wconf 75' lang='grc' dir='ltr'><strong><em>παραχειμασίαν</em></strong></span> <span class='ocrx_word' id='word_1_69' title='bbox 1591 672 1638 716; x_wconf 81' lang='grc' dir='ltr'><strong>τὸ</strong></span> <span class='ocrx_word' id='word_1_70' title='bbox 1657 675 1790 724; x_wconf 74' lang='grc' dir='ltr'><strong><em>πλεῖον</em></strong></span> 
     </span>
     <span class='ocr_line' id='line_1_9' title="bbox 343 739 1790 799; baseline -0.001 -14"><span class='ocrx_word' id='word_1_71' title='bbox 343 742 476 785; x_wconf 80' lang='grc' dir='ltr'><strong><em>αὐτῶν</em></strong></span> <span class='ocrx_word' id='word_1_72' title='bbox 509 741 746 792; x_wconf 72' lang='grc' dir='ltr'><strong><em>ἀποστείλας</em></strong></span> <span class='ocrx_word' id='word_1_73' title='bbox 774 741 897 792; x_wconf 77' lang='grc' dir='ltr'><strong><em>αὐτὸς</em></strong></span> <span class='ocrx_word' id='word_1_74' title='bbox 927 743 991 785; x_wconf 73' lang='grc' dir='ltr'><strong><em>ἐπὶ</em></strong></span> <span class='ocrx_word' id='word_1_75' title='bbox 1021 741 1067 785; x_wconf 83' lang='grc' dir='ltr'><strong>τὸ</strong></span> <span class='ocrx_word' id='word_1_76' title='bbox 1099 739 1319 793; x_wconf 85' lang='grc' dir='ltr'><strong><em>Βυζάντιον</em></strong></span> <span class='ocrx_word' id='word_1_77' title='bbox 1341 741 1424 784; x_wconf 69' lang='grc' dir='ltr'><strong><em>ἰἐτο</em></strong></span> <span class='ocrx_word' id='word_1_78' title='bbox 1438 771 1452 794; x_wconf 93' lang='grc'><strong><em>,</em></strong></span> <span class='ocrx_word' id='word_1_79' title='bbox 1484 740 1587 797; x_wconf 86' lang='grc' dir='ltr'><strong><em>πρὸς</em></strong></span> <span class='ocrx_word' id='word_1_80' title='bbox 1607 743 1666 799; x_wconf 73' lang='grc' dir='ltr'><strong><em>τῷ</em></strong></span> <span class='ocrx_word' id='word_1_81' title='bbox 1688 740 1790 784; x_wconf 75' lang='grc' dir='ltr'><strong><em>τέλει</em></strong></span> 
     </span>
     <span class='ocr_line' id='line_1_10' title="bbox 341 808 1791 868; baseline -0.001 -15"><span class='ocrx_word' id='word_1_82' title='bbox 341 814 416 853; x_wconf 82' lang='grc' dir='ltr'><strong>τοῦ</strong></span> <span class='ocrx_word' id='word_1_83' title='bbox 433 809 678 866; x_wconf 86' lang='grc' dir='ltr'><strong><em>Ἰανουαρίου</em></strong></span> <span class='ocrx_word' id='word_1_84' title='bbox 699 810 826 864; x_wconf 85' lang='grc' dir='ltr'><strong><em>μηνὸς</em></strong></span> <span class='ocrx_word' id='word_1_85' title='bbox 844 809 1086 863; x_wconf 76' lang='grc' dir='ltr'><strong><em>καταλαβὼν</em></strong></span> <span class='ocrx_word' id='word_1_86' title='bbox 1109 811 1150 853; x_wconf 75' lang='grc' dir='ltr'><strong>ἐν</strong></span> <span class='ocrx_word' id='word_1_87' title='bbox 1169 809 1294 868; x_wconf 75' lang='grc' dir='ltr'><strong><em>αὐτῷ.</em></strong></span> <span class='ocrx_word' id='word_1_88' title='bbox 1361 809 1564 865; x_wconf 78' lang='grc' dir='ltr'><strong><em>διαγαγὼν</em></strong></span> <span class='ocrx_word' id='word_1_89' title='bbox 1591 808 1791 855; x_wconf 50' lang='lat' dir='ltr'><strong>‘culmis‘</strong></span> 
     </span>
     <span class='ocr_line' id='line_1_11' title="bbox 343 874 1846 936; baseline -0.001 -16"><span class='ocrx_word' id='word_1_90' title='bbox 343 878 454 936; x_wconf 75' lang='grc' dir='ltr'><strong><em>αὐτῷ</em></strong></span> <span class='ocrx_word' id='word_1_91' title='bbox 479 874 652 934; x_wconf 82' lang='grc' dir='ltr'><strong><em>χρόνον,</em></strong></span> <span class='ocrx_word' id='word_1_92' title='bbox 689 879 757 920; x_wconf 85' lang='grc' dir='ltr'><strong>καὶ</strong></span> <span class='ocrx_word' id='word_1_93' title='bbox 787 877 861 928; x_wconf 83' lang='grc' dir='ltr'><strong>τὰς</strong></span> <span class='ocrx_word' id='word_1_94' title='bbox 884 877 1091 928; x_wconf 82' lang='grc' dir='ltr'><strong><em>πολιτικὰς</em></strong></span> <span class='ocrx_word' id='word_1_95' title='bbox 1116 875 1329 932; x_wconf 78' lang='grc' dir='ltr'><strong><em>διοικήσεις</em></strong></span> <span class='ocrx_word' id='word_1_96' title='bbox 1354 874 1409 928; x_wconf 82' lang='grc' dir='ltr'><strong><em>ὥς</em></strong></span> <span class='ocrx_word' id='word_1_97' title='bbox 1437 875 1609 920; x_wconf 86' lang='grc' dir='ltr'><strong><em>δυνατὸν</em></strong></span> <span class='ocrx_word' id='word_1_98' title='bbox 1637 878 1790 932; x_wconf 79' lang='grc' dir='ltr'><strong><em>διοικη-</em></strong></span> <span class='ocrx_word' id='word_1_99' title='bbox 1802 882 1846 920; x_wconf 87' lang='grc'><strong>10</strong></span> 
     </span>
     <span class='ocr_line' id='line_1_12' title="bbox 341 943 1792 1001; baseline -0.001 -13"><span class='ocrx_word' id='word_1_100' title='bbox 341 943 512 999; x_wconf 86' lang='grc' dir='ltr'><strong><em>σάμενος</em></strong></span> <span class='ocrx_word' id='word_1_101' title='bbox 519 976 534 997; x_wconf 87' lang='grc'><strong><em>,</em></strong></span> <span class='ocrx_word' id='word_1_102' title='bbox 563 946 629 988; x_wconf 84' lang='grc' dir='ltr'><strong>καὶ</strong></span> <span class='ocrx_word' id='word_1_103' title='bbox 649 945 767 999; x_wconf 82' lang='grc' dir='ltr'><strong><em>τιμὰς</em></strong></span> <span class='ocrx_word' id='word_1_104' title='bbox 785 947 853 988; x_wconf 87' lang='grc' dir='ltr'><strong>καὶ</strong></span> <span class='ocrx_word' id='word_1_105' title='bbox 872 943 1071 996; x_wconf 74' lang='grc' dir='ltr'><strong><em>δεξιώσεις</em></strong></span> <span class='ocrx_word' id='word_1_106' title='bbox 1090 945 1145 997; x_wconf 72' lang='grc' dir='ltr'><strong>εἴς</strong></span> <span class='ocrx_word' id='word_1_107' title='bbox 1162 962 1270 996; x_wconf 89' lang='grc' dir='ltr'><strong><em>τινας</em></strong></span> <span class='ocrx_word' id='word_1_108' title='bbox 1286 947 1366 988; x_wconf 82' lang='grc' dir='ltr'><strong>τῶν</strong></span> <span class='ocrx_word' id='word_1_109' title='bbox 1384 947 1653 1001; x_wconf 81' lang='grc' dir='ltr'><strong><em>συγκλητικῶν</em></strong></span> <span class='ocrx_word' id='word_1_110' title='bbox 1675 960 1792 999; x_wconf 86' lang='grc' dir='ltr'><strong><em>ποιη-</em></strong></span> 
     </span>
     <span class='ocr_line' id='line_1_13' title="bbox 343 1010 1799 1070; baseline 0.001 -15"><span class='ocrx_word' id='word_1_111' title='bbox 343 1011 535 1068; x_wconf 85' lang='grc' dir='ltr'><strong><em>σάμενος,</em></strong></span> <span class='ocrx_word' id='word_1_112' title='bbox 568 1014 635 1056; x_wconf 82' lang='grc' dir='ltr'><strong>καὶ</strong></span> <span class='ocrx_word' id='word_1_113' title='bbox 661 1014 735 1063; x_wconf 80' lang='grc' dir='ltr'><strong>τὰς</strong></span> <span class='ocrx_word' id='word_1_114' title='bbox 760 1013 939 1068; x_wconf 76' lang='grc' dir='ltr'><strong><em>ἐτησίους</em></strong></span> <span class='ocrx_word' id='word_1_115' title='bbox 969 1013 1122 1070; x_wconf 81' lang='grc' dir='ltr'><strong><em>δωρεὰς</em></strong></span> <span class='ocrx_word' id='word_1_116' title='bbox 1149 1010 1473 1067; x_wconf 87' lang='grc' dir='ltr'><strong><em>διανειμάμενος,</em></strong></span> <span class='ocrx_word' id='word_1_117' title='bbox 1507 1013 1574 1055; x_wconf 80' lang='grc' dir='ltr'><strong>καὶ</strong></span> <span class='ocrx_word' id='word_1_118' title='bbox 1599 1011 1693 1055; x_wconf 73' lang='grc' dir='ltr'><strong><em>οὐδὲ</em></strong></span> <span class='ocrx_word' id='word_1_119' title='bbox 1718 1011 1799 1062; x_wconf 75' lang='grc' dir='ltr'><strong>τὰς</strong></span> 
     </span>
     <span class='ocr_line' id='line_1_14' title="bbox 342 1077 1793 1139; baseline 0 -17"><span class='ocrx_word' id='word_1_120' title='bbox 342 1082 590 1136; x_wconf 85' lang='grc' dir='ltr'><strong><em>πασχαλιόυς</em></strong></span> <span class='ocrx_word' id='word_1_121' title='bbox 616 1079 770 1139; x_wconf 74' lang='grc' dir='ltr'><strong><em>ἡμέρας</em></strong></span> <span class='ocrx_word' id='word_1_122' title='bbox 793 1082 1041 1138; x_wconf 77' lang='grc' dir='ltr'><strong><em>περιμείνας,</em></strong></span> <span class='ocrx_word' id='word_1_123' title='bbox 1076 1083 1131 1132; x_wconf 80' lang='grc' dir='ltr'><strong>εἷς</strong></span> <span class='ocrx_word' id='word_1_124' title='bbox 1150 1080 1220 1124; x_wconf 87' lang='grc' dir='ltr'><strong>τὸν</strong></span> <span class='ocrx_word' id='word_1_125' title='bbox 1241 1081 1454 1138; x_wconf 81' lang='grc' dir='ltr'><strong><em>ἀντίπεραν</em></strong></span> <span class='ocrx_word' id='word_1_126' title='bbox 1470 1085 1544 1135; x_wconf 84' lang='grc' dir='ltr'><strong>τῆς</strong></span> <span class='ocrx_word' id='word_1_127' title='bbox 1560 1078 1713 1130; x_wconf 86' lang='grc' dir='ltr'><strong><em>πόλεως</em></strong></span> <span class='ocrx_word' id='word_1_128' title='bbox 1732 1077 1793 1122; x_wconf 76' lang='grc' dir='ltr'><strong><em>οἶ·-</em></strong></span> 
     </span>
     <span class='ocr_line' id='line_1_15' title="bbox 343 1146 1795 1206; baseline -0.001 -15"><span class='ocrx_word' id='word_1_129' title='bbox 343 1166 415 1191; x_wconf 87' lang='grc' dir='ltr'><strong>κον</strong></span> <span class='ocrx_word' id='word_1_130' title='bbox 444 1153 523 1191; x_wconf 84' lang='grc' dir='ltr'><strong>τῶν</strong></span> <span class='ocrx_word' id='word_1_131' title='bbox 546 1149 699 1206; x_wconf 88' lang='grc' dir='ltr'><strong><em>Ἠρίων</em></strong></span> <span class='ocrx_word' id='word_1_132' title='bbox 728 1149 984 1192; x_wconf 74' lang='grc' dir='ltr'><strong><em>ἀπέπλευσεν.</em></strong></span> <span class='ocrx_word' id='word_1_133' title='bbox 1050 1149 1260 1204; x_wconf 74' lang='grc' dir='ltr'><strong><em>ἐπισυνέβη</em></strong></span> <span class='ocrx_word' id='word_1_134' title='bbox 1287 1146 1366 1206; x_wconf 88' lang='grc' dir='ltr'><strong>γάρ</strong></span> <span class='ocrx_word' id='word_1_135' title='bbox 1388 1165 1427 1191; x_wconf 94' lang='grc' dir='ltr'><strong>τι</strong></span> <span class='ocrx_word' id='word_1_136' title='bbox 1450 1149 1517 1191; x_wconf 79' lang='grc' dir='ltr'><strong>καὶ</strong></span> <span class='ocrx_word' id='word_1_137' title='bbox 1538 1148 1672 1205; x_wconf 74' lang='grc' dir='ltr'><strong><em>ἕτερον</em></strong></span> <span class='ocrx_word' id='word_1_138' title='bbox 1691 1147 1795 1205; x_wconf 82' lang='grc' dir='ltr'><strong><em>πρὸς</em></strong></span> 
     </span>
     <span class='ocr_line' id='line_1_16' title="bbox 343 1213 1847 1273; baseline -0.001 -15"><span class='ocrx_word' id='word_1_139' title='bbox 343 1217 598 1273; x_wconf 74' lang='grc' dir='ltr'><strong><em>ἐκστρατείαν</em></strong></span> <span class='ocrx_word' id='word_1_140' title='bbox 629 1217 852 1273; x_wconf 81' lang='grc' dir='ltr'><strong><em>ἀναγκαίως</em></strong></span> <span class='ocrx_word' id='word_1_141' title='bbox 883 1221 1031 1260; x_wconf 78' lang='grc' dir='ltr'><strong><em>καλοῦν</em></strong></span> <span class='ocrx_word' id='word_1_142' title='bbox 1065 1215 1201 1260; x_wconf 80' lang='grc' dir='ltr'><strong><em>αὐτόν.</em></strong></span> <span class='ocrx_word' id='word_1_143' title='bbox 1268 1215 1369 1273; x_wconf 81' lang='grc' dir='ltr'><strong><em>ἀνὴρ</em></strong></span> <span class='ocrx_word' id='word_1_144' title='bbox 1395 1213 1475 1273; x_wconf 84' lang='grc' dir='ltr'><strong>γάρ</strong></span> <span class='ocrx_word' id='word_1_145' title='bbox 1503 1232 1564 1267; x_wconf 89' lang='grc' dir='ltr'><strong>τις</strong></span> <span class='ocrx_word' id='word_1_146' title='bbox 1593 1215 1790 1266; x_wconf 83' lang='grc' dir='ltr'><strong><em>Λατῖνος,</em></strong></span> <span class='ocrx_word' id='word_1_147' title='bbox 1803 1220 1847 1258; x_wconf 85' lang='grc'><strong>15</strong></span> 
     </span>
     <span class='ocr_line' id='line_1_17' title="bbox 345 1282 1795 1343; baseline -0.001 -17"><span class='ocrx_word' id='word_1_148' title='bbox 345 1286 566 1341; x_wconf 80' lang='grc' dir='ltr'><strong><em>Κρισπῖνος</em></strong></span> <span class='ocrx_word' id='word_1_149' title='bbox 599 1285 671 1340; x_wconf 79' lang='grc' dir='ltr'><strong>τὴν</strong></span> <span class='ocrx_word' id='word_1_150' title='bbox 698 1289 864 1341; x_wconf 84' lang='grc' dir='ltr'><strong><em>κλῆσιν,</em></strong></span> <span class='ocrx_word' id='word_1_151' title='bbox 898 1287 940 1337; x_wconf 75' lang='grc' dir='ltr'><strong>ἐξ</strong></span> <span class='ocrx_word' id='word_1_152' title='bbox 965 1285 1134 1336; x_wconf 86' lang='grc' dir='ltr'><strong><em>Ἰταλίας</em></strong></span> <span class='ocrx_word' id='word_1_153' title='bbox 1159 1288 1215 1343; x_wconf 78' lang='grc' dir='ltr'><strong>τῷ</strong></span> <span class='ocrx_word' id='word_1_154' title='bbox 1241 1287 1405 1339; x_wconf 83' lang='grc' dir='ltr'><strong><em>βασιλεῖ</em></strong></span> <span class='ocrx_word' id='word_1_155' title='bbox 1426 1282 1663 1341; x_wconf 78' lang='grc' dir='ltr'><strong><em>προσελθὼν</em></strong></span> <span class='ocrx_word' id='word_1_156' title='bbox 1693 1282 1795 1340; x_wconf 77' lang='grc' dir='ltr'><strong><em>πρὸς</em></strong></span> 
     </span>
     <span class='ocr_line' id='line_1_18' title="bbox 296 1347 1796 1411; baseline -0.001 -16"><span class='ocrx_word' id='word_1_157' title='bbox 296 1359 327 1395; x_wconf 83' lang='lat' dir='ltr'>C</span> <span class='ocrx_word' id='word_1_158' title='bbox 350 1353 421 1408; x_wconf 85' lang='grc' dir='ltr'><strong>τὴν</strong></span> <span class='ocrx_word' id='word_1_159' title='bbox 435 1347 546 1411; x_wconf 66' lang='grc' dir='ltr'><strong>4ἑῴαν</strong></span> <span class='ocrx_word' id='word_1_160' title='bbox 568 1351 793 1409; x_wconf 79' lang='grc' dir='ltr'><strong><em>ἀπεστάλη,</em></strong></span> <span class='ocrx_word' id='word_1_161' title='bbox 821 1351 1027 1409; x_wconf 81' lang='grc' dir='ltr'><strong><em>χειμάσων</em></strong></span> <span class='ocrx_word' id='word_1_162' title='bbox 1054 1354 1219 1396; x_wconf 83' lang='grc' dir='ltr'><strong><em>ε’κεῖθεν.</em></strong></span> <span class='ocrx_word' id='word_1_163' title='bbox 1287 1350 1408 1404; x_wconf 81' lang='grc' dir='ltr'><strong><em>δόξας</em></strong></span> <span class='ocrx_word' id='word_1_164' title='bbox 1430 1352 1474 1395; x_wconf 78' lang='grc' dir='ltr'><strong>δὲ</strong></span> <span class='ocrx_word' id='word_1_165' title='bbox 1493 1351 1552 1407; x_wconf 83' lang='grc' dir='ltr'><strong><em>μὴ</em></strong></span> <span class='ocrx_word' id='word_1_166' title='bbox 1574 1354 1796 1408; x_wconf 77' lang='grc' dir='ltr'><strong><em>τιμηθῆναι</em></strong></span> 
     </span>
     <span class='ocr_line' id='line_1_19' title="bbox 347 1415 1796 1476; baseline -0.001 -13"><span class='ocrx_word' id='word_1_167' title='bbox 347 1421 467 1471; x_wconf 81' lang='grc' dir='ltr'><strong><em>ἀξίως</em></strong></span> <span class='ocrx_word' id='word_1_168' title='bbox 493 1415 548 1464; x_wconf 76' lang='grc' dir='ltr'><strong>ὧν</strong></span> <span class='ocrx_word' id='word_1_169' title='bbox 575 1420 734 1476; x_wconf 77' lang='grc' dir='ltr'><strong><em>ἤλπιζεν</em></strong></span> <span class='ocrx_word' id='word_1_170' title='bbox 761 1422 1009 1465; x_wconf 85' lang='grc' dir='ltr'><strong><em>ἀποστασίαν</em></strong></span> <span class='ocrx_word' id='word_1_171' title='bbox 1030 1419 1246 1475; x_wconf 76' lang='grc' dir='ltr'><strong><em>ἔσκόπησε,</em></strong></span> <span class='ocrx_word' id='word_1_172' title='bbox 1279 1422 1347 1462; x_wconf 84' lang='grc' dir='ltr'><strong>καὶ</strong></span> <span class='ocrx_word' id='word_1_173' title='bbox 1369 1419 1512 1463; x_wconf 76' lang='grc' dir='ltr'><strong><em>αὐτίκα</em></strong></span> <span class='ocrx_word' id='word_1_174' title='bbox 1532 1419 1628 1471; x_wconf 77' lang='grc' dir='ltr'><strong><em>τούς</em></strong></span> <span class='ocrx_word' id='word_1_175' title='bbox 1647 1436 1796 1468; x_wconf 80' lang='grc' dir='ltr'><strong><em>συναν-</em></strong></span> 
     </span>
     <span class='ocr_line' id='line_1_20' title="bbox 345 1484 1795 1545; baseline -0.001 -15"><span class='ocrx_word' id='word_1_176' title='bbox 345 1494 498 1538; x_wconf 80' lang='grc' dir='ltr'><strong><em>τῶντας</em></strong></span> <span class='ocrx_word' id='word_1_177' title='bbox 526 1488 775 1545; x_wconf 77' lang='grc' dir='ltr'><strong><em>φορολόγους</em></strong></span> <span class='ocrx_word' id='word_1_178' title='bbox 792 1506 834 1532; x_wconf 91' lang='grc' dir='ltr'><strong>τε</strong></span> <span class='ocrx_word' id='word_1_179' title='bbox 851 1492 919 1532; x_wconf 83' lang='grc' dir='ltr'><strong>καὶ</strong></span> <span class='ocrx_word' id='word_1_180' title='bbox 939 1490 1102 1541; x_wconf 81' lang='grc' dir='ltr'><strong><em>λοιποὺς</em></strong></span> <span class='ocrx_word' id='word_1_181' title='bbox 1120 1486 1299 1531; x_wconf 76' lang='grc' dir='ltr'><strong><em>σκυλεύει</em></strong></span> <span class='ocrx_word' id='word_1_182' title='bbox 1319 1490 1384 1530; x_wconf 83' lang='grc' dir='ltr'><strong>καὶ</strong></span> <span class='ocrx_word' id='word_1_183' title='bbox 1405 1486 1635 1544; x_wconf 79' lang='grc' dir='ltr'><strong><em>διαρπάζει,</em></strong></span> <span class='ocrx_word' id='word_1_184' title='bbox 1670 1484 1795 1544; x_wconf 79' lang='grc' dir='ltr'><strong><em>φόνον</em></strong></span> 
     </span>
     <span class='ocr_line' id='line_1_21' title="bbox 346 1553 1850 1615; baseline -0.001 -17"><span class='ocrx_word' id='word_1_185' title='bbox 346 1556 391 1598; x_wconf 77' lang='grc' dir='ltr'><strong>δὲ</strong></span> <span class='ocrx_word' id='word_1_186' title='bbox 422 1554 628 1610; x_wconf 80' lang='grc' dir='ltr'><strong><em>Ῥωμαίων</em></strong></span> <span class='ocrx_word' id='word_1_187' title='bbox 666 1557 809 1599; x_wconf 73' lang='grc' dir='ltr'><strong><em>οὐδένα</em></strong></span> <span class='ocrx_word' id='word_1_188' title='bbox 839 1555 1066 1615; x_wconf 76' lang='grc' dir='ltr'><strong><em>εἰργάσατο.</em></strong></span> <span class='ocrx_word' id='word_1_189' title='bbox 1130 1557 1272 1598; x_wconf 88' lang='grc' dir='ltr'><strong><em>πολλοὶ</em></strong></span> <span class='ocrx_word' id='word_1_190' title='bbox 1301 1556 1346 1598; x_wconf 76' lang='grc' dir='ltr'><strong>δὲ</strong></span> <span class='ocrx_word' id='word_1_191' title='bbox 1376 1553 1506 1613; x_wconf 74' lang='grc' dir='ltr'><strong><em>τούτῳ</em></strong></span> <span class='ocrx_word' id='word_1_192' title='bbox 1533 1554 1634 1613; x_wconf 83' lang='grc' dir='ltr'><strong><em>πρὸς</em></strong></span> <span class='ocrx_word' id='word_1_193' title='bbox 1658 1553 1850 1610; x_wconf 61' lang='grc' dir='ltr'><strong><em>μάχηνῧθ</em></strong></span> 
     </span>
     <span class='ocr_line' id='line_1_22' title="bbox 345 1621 1796 1681; baseline 0 -16"><span class='ocrx_word' id='word_1_194' title='bbox 345 1621 560 1674; x_wconf 82' lang='grc' dir='ltr'><strong><em>συστάντες</em></strong></span> <span class='ocrx_word' id='word_1_195' title='bbox 588 1622 838 1679; x_wconf 73' lang='grc' dir='ltr'><strong><em>ἡττήθησαν.</em></strong></span> <span class='ocrx_word' id='word_1_196' title='bbox 904 1626 945 1667; x_wconf 77' lang='grc' dir='ltr'><strong>ἐν</strong></span> <span class='ocrx_word' id='word_1_197' title='bbox 966 1625 1011 1666; x_wconf 77' lang='grc' dir='ltr'><strong>δὲ</strong></span> <span class='ocrx_word' id='word_1_198' title='bbox 1029 1627 1086 1681; x_wconf 79' lang='grc' dir='ltr'><strong>τῷ</strong></span> <span class='ocrx_word' id='word_1_199' title='bbox 1106 1623 1254 1678; x_wconf 74' lang='grc' dir='ltr'><strong><em>θέματι</em></strong></span> <span class='ocrx_word' id='word_1_200' title='bbox 1272 1627 1351 1666; x_wconf 86' lang='grc' dir='ltr'><strong>τῶν</strong></span> <span class='ocrx_word' id='word_1_201' title='bbox 1372 1622 1640 1679; x_wconf 83' lang='grc' dir='ltr'><strong><em>Ἀρμενιακῶν</em></strong></span> <span class='ocrx_word' id='word_1_202' title='bbox 1658 1639 1796 1680; x_wconf 82' lang='grc' dir='ltr'><strong><em>παρα-</em></strong></span> 
     </span>
     <span class='ocr_line' id='line_1_23' title="bbox 342 1688 1796 1748; baseline -0.001 -15"><span class='ocrx_word' id='word_1_203' title='bbox 342 1690 543 1745; x_wconf 82' lang='grc' dir='ltr'><strong><em>χειμάζων</em></strong></span> <span class='ocrx_word' id='word_1_204' title='bbox 581 1689 603 1733; x_wconf 83' lang='grc' dir='ltr'><strong>ὃ</strong></span> <span class='ocrx_word' id='word_1_205' title='bbox 641 1690 868 1748; x_wconf 78' lang='grc' dir='ltr'><strong><em>βεστάρχης</em></strong></span> <span class='ocrx_word' id='word_1_206' title='bbox 901 1691 1096 1746; x_wconf 82' lang='grc' dir='ltr'><strong><em>Σαμουὴλ</em></strong></span> <span class='ocrx_word' id='word_1_207' title='bbox 1133 1689 1154 1733; x_wconf 86' lang='grc' dir='ltr'><em>ὃ</em></span> <span class='ocrx_word' id='word_1_208' title='bbox 1186 1690 1457 1741; x_wconf 82' lang='grc' dir='ltr'><strong><em>Ἀλουϊσιανὸς</em></strong></span> <span class='ocrx_word' id='word_1_209' title='bbox 1490 1688 1512 1733; x_wconf 83' lang='grc' dir='ltr'><strong>ὅ</strong></span> <span class='ocrx_word' id='word_1_210' title='bbox 1545 1689 1796 1747; x_wconf 71' lang='grc' dir='ltr'><strong><em>Βοῶλγαρος,</em></strong></span> 
     </span>
     <span class='ocr_line' id='line_1_24' title="bbox 345 1756 1796 1816; baseline 0 -16"><span class='ocrx_word' id='word_1_211' title='bbox 345 1759 524 1815; x_wconf 82' lang='grc' dir='ltr'><strong><em>ἀδελφὸς</em></strong></span> <span class='ocrx_word' id='word_1_212' title='bbox 551 1757 608 1801; x_wconf 81' lang='grc' dir='ltr'><strong>ὢν</strong></span> <span class='ocrx_word' id='word_1_213' title='bbox 630 1764 704 1814; x_wconf 80' lang='grc' dir='ltr'><strong>τῆς</strong></span> <span class='ocrx_word' id='word_1_214' title='bbox 729 1764 802 1802; x_wconf 81' lang='grc' dir='ltr'><strong>τοῦ</strong></span> <span class='ocrx_word' id='word_1_215' title='bbox 824 1760 1024 1814; x_wconf 76' lang='grc' dir='ltr'><strong><em>βασιλέως</em></strong></span> <span class='ocrx_word' id='word_1_216' title='bbox 1049 1756 1258 1816; x_wconf 86' lang='grc' dir='ltr'><strong><em>γυναικός,</em></strong></span> <span class='ocrx_word' id='word_1_217' title='bbox 1291 1759 1341 1813; x_wconf 77' lang='grc' dir='ltr'><strong>ἢν</strong></span> <span class='ocrx_word' id='word_1_218' title='bbox 1371 1757 1427 1802; x_wconf 64' lang='grc' dir='ltr'><strong>ἔτι</strong></span> <span class='ocrx_word' id='word_1_219' title='bbox 1451 1756 1667 1802; x_wconf 71' lang='grc' dir='ltr'><strong><em>ἰδιωτεύων</em></strong></span> <span class='ocrx_word' id='word_1_220' title='bbox 1692 1756 1796 1814; x_wconf 78' lang='grc' dir='ltr'><strong><em>ἠγά-</em></strong></span> 
     </span>
     <span class='ocr_line' id='line_1_25' title="bbox 344 1825 1796 1886; baseline 0 -18"><span class='ocrx_word' id='word_1_221' title='bbox 344 1843 460 1882; x_wconf 77' lang='grc' dir='ltr'><strong><em>γετο,</em></strong></span> <span class='ocrx_word' id='word_1_222' title='bbox 490 1825 591 1881; x_wconf 83' lang='grc' dir='ltr'><strong><em>μετὰ</em></strong></span> <span class='ocrx_word' id='word_1_223' title='bbox 621 1831 700 1870; x_wconf 81' lang='grc' dir='ltr'><strong>τῶν</strong></span> <span class='ocrx_word' id='word_1_224' title='bbox 731 1825 921 1885; x_wconf 71' lang='grc' dir='ltr'><strong><em>ἑσπερίων</em></strong></span> <span class='ocrx_word' id='word_1_225' title='bbox 944 1828 1055 1870; x_wconf 76' lang='grc' dir='ltr'><strong><em>πέντε</em></strong></span> <span class='ocrx_word' id='word_1_226' title='bbox 1079 1825 1295 1883; x_wconf 86' lang='grc' dir='ltr'><strong><em>ταγμάτων</em></strong></span> <span class='ocrx_word' id='word_1_227' title='bbox 1326 1825 1572 1884; x_wconf 82' lang='grc' dir='ltr'><strong><em>προσβάλλει</em></strong></span> <span class='ocrx_word' id='word_1_228' title='bbox 1600 1830 1660 1886; x_wconf 76' lang='grc' dir='ltr'><strong>τῷ</strong></span> <span class='ocrx_word' id='word_1_229' title='bbox 1688 1827 1796 1884; x_wconf 84' lang='grc' dir='ltr'><strong><em>Κρι-</em></strong></span> 
     </span>
     <span class='ocr_line' id='line_1_26' title="bbox 346 1929 1796 1981; baseline 0 -13"><span class='ocrx_word' id='word_1_230' title='bbox 346 1933 483 1969; x_wconf 87' lang='lat' dir='ltr'><strong>audivit</strong></span> <span class='ocrx_word' id='word_1_231' title='bbox 504 1933 678 1969; x_wconf 87' lang='lat' dir='ltr'><strong>Amorium</strong></span> <span class='ocrx_word' id='word_1_232' title='bbox 700 1934 870 1981; x_wconf 86' lang='lat' dir='ltr'><strong>direptum</strong></span> <span class='ocrx_word' id='word_1_233' title='bbox 890 1929 1139 1980; x_wconf 68' lang='lat' dir='ltr'><strong>hominumque¹</strong></span> <span class='ocrx_word' id='word_1_234' title='bbox 1153 1933 1319 1970; x_wconf 82' lang='lat' dir='ltr'><strong>infinitam</strong></span> <span class='ocrx_word' id='word_1_235' title='bbox 1341 1933 1495 1969; x_wconf 83' lang='lat' dir='ltr'><strong>caedem.</strong></span> <span class='ocrx_word' id='word_1_236' title='bbox 1541 1932 1666 1980; x_wconf 84' lang='lat' dir='ltr'><strong>positis</strong></span> <span class='ocrx_word' id='word_1_237' title='bbox 1681 1935 1796 1969; x_wconf 84' lang='lat' dir='ltr'><strong>autem</strong></span> 
     </span>
     <span class='ocr_line' id='line_1_27' title="bbox 346 1979 1795 2026; baseline 0 -13"><span class='ocrx_word' id='word_1_238' title='bbox 346 1980 471 2014; x_wconf 81' lang='lat' dir='ltr'><strong>castris</strong></span> <span class='ocrx_word' id='word_1_239' title='bbox 493 1981 536 2014; x_wconf 89' lang='lat' dir='ltr'><strong>ad</strong></span> <span class='ocrx_word' id='word_1_240' title='bbox 559 1980 701 2015; x_wconf 86' lang='lat' dir='ltr'><strong>Chalcei</strong></span> <span class='ocrx_word' id='word_1_241' title='bbox 723 1981 972 2025; x_wconf 85' lang='lat' dir='ltr'>diversorium,</span> <span class='ocrx_word' id='word_1_242' title='bbox 998 1981 1057 2026; x_wconf 92' lang='lat' dir='ltr'><strong>qui</strong></span> <span class='ocrx_word' id='word_1_243' title='bbox 1079 1981 1114 2015; x_wconf 89' lang='lat' dir='ltr'><strong>in</strong></span> <span class='ocrx_word' id='word_1_244' title='bbox 1138 1980 1304 2015; x_wconf 78' lang='lat' dir='ltr'><strong>Melitene</strong></span> <span class='ocrx_word' id='word_1_245' title='bbox 1325 1981 1475 2015; x_wconf 86' lang='lat' dir='ltr'><strong>duxerat</strong></span> <span class='ocrx_word' id='word_1_246' title='bbox 1495 1979 1704 2024; x_wconf 83' lang='lat' dir='ltr'><strong>exercitum,</strong></span> <span class='ocrx_word' id='word_1_247' title='bbox 1731 1990 1795 2013; x_wconf 89' lang='lat' dir='ltr'><strong>ne-</strong></span> 
     </span>
     <span class='ocr_line' id='line_1_28' title="bbox 345 2024 1795 2072; baseline -0.001 -13"><span class='ocrx_word' id='word_1_248' title='bbox 345 2037 517 2071; x_wconf 86' lang='lat' dir='ltr'><strong>quaquam</strong></span> <span class='ocrx_word' id='word_1_249' title='bbox 539 2025 583 2059; x_wconf 87' lang='lat' dir='ltr'><strong>ad</strong></span> <span class='ocrx_word' id='word_1_250' title='bbox 606 2025 718 2071; x_wconf 86' lang='lat' dir='ltr'><strong>ipsum</strong></span> <span class='ocrx_word' id='word_1_251' title='bbox 740 2027 852 2062; x_wconf 84' lang='lat' dir='ltr'><strong>voluit</strong></span> <span class='ocrx_word' id='word_1_252' title='bbox 873 2027 1060 2071; x_wconf 87' lang='lat' dir='ltr'><strong>accedere,</strong></span> <span class='ocrx_word' id='word_1_253' title='bbox 1082 2026 1286 2072; x_wconf 87' lang='lat' dir='ltr'><strong>praesertim</strong></span> <span class='ocrx_word' id='word_1_254' title='bbox 1303 2037 1378 2060; x_wconf 90' lang='lat' dir='ltr'><strong>cum</strong></span> <span class='ocrx_word' id='word_1_255' title='bbox 1393 2024 1432 2060; x_wconf 90' lang='lat' dir='ltr'><strong>in</strong></span> <span class='ocrx_word' id='word_1_256' title='bbox 1448 2025 1576 2071; x_wconf 85' lang='lat' dir='ltr'><strong>oppido</strong></span> <span class='ocrx_word' id='word_1_257' title='bbox 1592 2024 1795 2059; x_wconf 75' lang='lat' dir='ltr'><strong>Tzamando</strong></span> 
     </span>
     <span class='ocr_line' id='line_1_29' title="bbox 347 2069 1795 2117; baseline 0 -13"><span class='ocrx_word' id='word_1_258' title='bbox 347 2077 501 2105; x_wconf 88' lang='lat' dir='ltr'><strong>coactum</strong></span> <span class='ocrx_word' id='word_1_259' title='bbox 525 2071 670 2106; x_wconf 88' lang='lat' dir='ltr'><strong>haberet</strong></span> <span class='ocrx_word' id='word_1_260' title='bbox 690 2073 892 2107; x_wconf 88' lang='lat' dir='ltr'><strong>exercitum.</strong></span> <span class='ocrx_word' id='word_1_261' title='bbox 938 2072 1061 2117; x_wconf 81' lang='lat' dir='ltr'><strong>quibus</strong></span> <span class='ocrx_word' id='word_1_262' title='bbox 1084 2072 1128 2106; x_wconf 89' lang='lat' dir='ltr'><strong>de</strong></span> <span class='ocrx_word' id='word_1_263' title='bbox 1149 2071 1262 2106; x_wconf 83' lang='lat' dir='ltr'><strong>causis</strong></span> <span class='ocrx_word' id='word_1_264' title='bbox 1283 2070 1403 2105; x_wconf 86' lang='lat' dir='ltr'><strong>dolore</strong></span> <span class='ocrx_word' id='word_1_265' title='bbox 1427 2070 1594 2114; x_wconf 79' lang='lat' dir='ltr'><strong>affectus,</strong></span> <span class='ocrx_word' id='word_1_266' title='bbox 1621 2069 1714 2114; x_wconf 87' lang='lat' dir='ltr'><strong>quod</strong></span> <span class='ocrx_word' id='word_1_267' title='bbox 1736 2081 1795 2104; x_wconf 85' lang='lat' dir='ltr'><strong>re-</strong></span> 
     </span>
     <span class='ocr_line' id='line_1_30' title="bbox 345 2114 1797 2162; baseline -0.001 -12"><span class='ocrx_word' id='word_1_268' title='bbox 345 2116 410 2150; x_wconf 86' lang='lat' dir='ltr'><strong>bus</strong></span> <span class='ocrx_word' id='word_1_269' title='bbox 443 2127 647 2151; x_wconf 83' lang='lat' dir='ltr'><strong>succurrere</strong></span> <span class='ocrx_word' id='word_1_270' title='bbox 678 2122 714 2152; x_wconf 89' lang='lat' dir='ltr'><strong>et</strong></span> <span class='ocrx_word' id='word_1_271' title='bbox 747 2117 912 2162; x_wconf 88' lang='lat' dir='ltr'><strong>opitulari</strong></span> <span class='ocrx_word' id='word_1_272' title='bbox 943 2117 1123 2162; x_wconf 85' lang='lat' dir='ltr'><strong>nequiret,</strong></span> <span class='ocrx_word' id='word_1_273' title='bbox 1159 2128 1249 2162; x_wconf 89' lang='lat' dir='ltr'><strong>quae</strong></span> <span class='ocrx_word' id='word_1_274' title='bbox 1280 2116 1324 2151; x_wconf 89' lang='lat' dir='ltr'><strong>ad</strong></span> <span class='ocrx_word' id='word_1_275' title='bbox 1354 2114 1797 2160; x_wconf 69' lang='lat' dir='ltr'><strong>exercitumpertinerent,</strong></span> 
     </span>
     <span class='ocr_line' id='line_1_31' title="bbox 343 2161 1795 2208; baseline 0 -12"><span class='ocrx_word' id='word_1_276' title='bbox 343 2167 440 2197; x_wconf 87' lang='lat' dir='ltr'><strong>recte</strong></span> <span class='ocrx_word' id='word_1_277' title='bbox 463 2162 682 2207; x_wconf 87' lang='lat' dir='ltr'><strong>compositis,</strong></span> <span class='ocrx_word' id='word_1_278' title='bbox 706 2169 869 2208; x_wconf 88' lang='lat' dir='ltr'><strong>quantum</strong></span> <span class='ocrx_word' id='word_1_279' title='bbox 889 2163 957 2198; x_wconf 90' lang='lat' dir='ltr'><strong>sibi</strong></span> <span class='ocrx_word' id='word_1_280' title='bbox 976 2162 1096 2206; x_wconf 86' lang='lat' dir='ltr'><strong>licuit,</strong></span> <span class='ocrx_word' id='word_1_281' title='bbox 1121 2168 1157 2198; x_wconf 83' lang='lat' dir='ltr'><strong>et</strong></span> <span class='ocrx_word' id='word_1_282' title='bbox 1175 2161 1322 2196; x_wconf 87' lang='lat' dir='ltr'><strong>maxima</strong></span> <span class='ocrx_word' id='word_1_283' title='bbox 1339 2167 1438 2207; x_wconf 84' lang='lat' dir='ltr'><strong>parte</strong></span> <span class='ocrx_word' id='word_1_284' title='bbox 1458 2161 1495 2196; x_wconf 89' lang='lat' dir='ltr'><strong>in</strong></span> <span class='ocrx_word' id='word_1_285' title='bbox 1516 2161 1662 2196; x_wconf 81' lang='lat' dir='ltr'><strong>hiberna</strong></span> <span class='ocrx_word' id='word_1_286' title='bbox 1676 2161 1795 2206; x_wconf 65' lang='lat' dir='ltr'><strong>missa,</strong></span> 
     </span>
     <span class='ocr_line' id='line_1_32' title="bbox 344 2206 1796 2252; baseline 0.001 -12"><span class='ocrx_word' id='word_1_287' title='bbox 344 2206 423 2252; x_wconf 84' lang='lat' dir='ltr'><strong>ipse</strong></span> <span class='ocrx_word' id='word_1_288' title='bbox 445 2207 649 2251; x_wconf 81' lang='lat' dir='ltr'><strong>Byzantium</strong></span> <span class='ocrx_word' id='word_1_289' title='bbox 675 2208 853 2244; x_wconf 86' lang='lat' dir='ltr'><strong>contendit</strong></span> <span class='ocrx_word' id='word_1_290' title='bbox 875 2209 918 2243; x_wconf 84' lang='lat' dir='ltr'><strong>ad</strong></span> <span class='ocrx_word' id='word_1_291' title='bbox 942 2208 1068 2243; x_wconf 80' lang='lat' dir='ltr'>mensis</span> <span class='ocrx_word' id='word_1_292' title='bbox 1089 2207 1243 2242; x_wconf 84' lang='lat' dir='ltr'><strong>Ianuarii</strong></span> <span class='ocrx_word' id='word_1_293' title='bbox 1265 2208 1381 2242; x_wconf 86' lang='lat' dir='ltr'><strong>finem.</strong></span> <span class='ocrx_word' id='word_1_294' title='bbox 1426 2207 1487 2242; x_wconf 88' lang='lat' dir='ltr'><strong>ubi</strong></span> <span class='ocrx_word' id='word_1_295' title='bbox 1510 2207 1681 2252; x_wconf 85' lang='lat' dir='ltr'><strong>quoddam</strong></span> <span class='ocrx_word' id='word_1_296' title='bbox 1707 2211 1796 2241; x_wconf 84' lang='lat' dir='ltr'><strong>tem·</strong></span> 
     </span>
     <span class='ocr_line' id='line_1_33' title="bbox 345 2251 1796 2298; baseline 0 -12"><span class='ocrx_word' id='word_1_297' title='bbox 345 2263 411 2297; x_wconf 88' lang='lat' dir='ltr'><strong>pus</strong></span> <span class='ocrx_word' id='word_1_298' title='bbox 436 2259 680 2298; x_wconf 82' lang='lat' dir='ltr'><strong>commoratus,</strong></span> <span class='ocrx_word' id='word_1_299' title='bbox 707 2265 782 2289; x_wconf 91' lang='lat' dir='ltr'><strong>cum</strong></span> <span class='ocrx_word' id='word_1_300' title='bbox 805 2254 958 2289; x_wconf 89' lang='lat' dir='ltr'><strong>civitatis</strong></span> <span class='ocrx_word' id='word_1_301' title='bbox 982 2259 1106 2288; x_wconf 87' lang='lat' dir='ltr'><strong>statum</strong></span> <span class='ocrx_word' id='word_1_302' title='bbox 1130 2265 1194 2298; x_wconf 90' lang='lat' dir='ltr'><strong>pro</strong></span> <span class='ocrx_word' id='word_1_303' title='bbox 1215 2252 1349 2288; x_wconf 87' lang='lat' dir='ltr'><strong>viribus</strong></span> <span class='ocrx_word' id='word_1_304' title='bbox 1368 2251 1662 2298; x_wconf 79' lang='lat' dir='ltr'><strong>administrasset,</strong></span> <span class='ocrx_word' id='word_1_305' title='bbox 1685 2251 1796 2298; x_wconf 89' lang='lat' dir='ltr'><strong>hono-</strong></span> 
     </span>
     <span class='ocr_line' id='line_1_34' title="bbox 346 2295 1796 2344; baseline -0.001 -11"><span class='ocrx_word' id='word_1_306' title='bbox 346 2298 452 2333; x_wconf 72' lang='lat' dir='ltr'><strong>ribus</strong></span> <span class='ocrx_word' id='word_1_307' title='bbox 476 2310 517 2332; x_wconf 87' lang='lat' dir='ltr'><strong>ac</strong></span> <span class='ocrx_word' id='word_1_308' title='bbox 546 2300 742 2334; x_wconf 86' lang='lat' dir='ltr'><strong>muneribus</strong></span> <span class='ocrx_word' id='word_1_309' title='bbox 773 2305 952 2335; x_wconf 83' lang='lat' dir='ltr'><strong>senatores</strong></span> <span class='ocrx_word' id='word_1_310' title='bbox 984 2299 1148 2344; x_wconf 85' lang='lat' dir='ltr'><strong>quosdam</strong></span> <span class='ocrx_word' id='word_1_311' title='bbox 1178 2304 1404 2344; x_wconf 81' lang='lat' dir='ltr'><strong>prosecutus,</strong></span> <span class='ocrx_word' id='word_1_312' title='bbox 1447 2297 1642 2333; x_wconf 83' lang='lat' dir='ltr'><strong>distributis</strong></span> <span class='ocrx_word' id='word_1_313' title='bbox 1673 2295 1796 2333; x_wconf 85' lang='lat' dir='ltr'><strong>annuis</strong></span> 
     </span>
     <span class='ocr_line' id='line_1_35' title="bbox 347 2343 1797 2392; baseline 0.001 -16"><span class='ocrx_word' id='word_1_314' title='bbox 347 2344 448 2377; x_wconf 87' lang='lat' dir='ltr'><strong>donis</strong></span> <span class='ocrx_word' id='word_1_315' title='bbox 480 2355 594 2388; x_wconf 89' lang='lat' dir='ltr'><strong>neque</strong></span> <span class='ocrx_word' id='word_1_316' title='bbox 625 2346 836 2391; x_wconf 84' lang='lat' dir='ltr'><strong>exspectatis</strong></span> <span class='ocrx_word' id='word_1_317' title='bbox 870 2344 1089 2392; x_wconf 83' lang='lat' dir='ltr'><strong>paschalibus</strong></span> <span class='ocrx_word' id='word_1_318' title='bbox 1125 2343 1249 2379; x_wconf 83' lang='lat' dir='ltr'><strong>diebus</strong></span> <span class='ocrx_word' id='word_1_319' title='bbox 1277 2345 1322 2379; x_wconf 89' lang='lat' dir='ltr'><strong>ad</strong></span> <span class='ocrx_word' id='word_1_320' title='bbox 1350 2343 1514 2378; x_wconf 87' lang='lat' dir='ltr'><strong>Eriorum</strong></span> <span class='ocrx_word' id='word_1_321' title='bbox 1537 2344 1670 2378; x_wconf 89' lang='lat' dir='ltr'><strong>domum</strong></span> <span class='ocrx_word' id='word_1_322' title='bbox 1695 2355 1715 2378; x_wconf 93' lang='lat' dir='ltr'><strong>e</strong></span> <span class='ocrx_word' id='word_1_323' title='bbox 1738 2354 1797 2391; x_wconf 73' lang='lat' dir='ltr'><strong>re·</strong></span> 
     </span>
     <span class='ocr_line' id='line_1_36' title="bbox 346 2388 1798 2435; baseline 0.001 -13"><span class='ocrx_word' id='word_1_324' title='bbox 346 2389 450 2433; x_wconf 85' lang='lat' dir='ltr'><strong>gione</strong></span> <span class='ocrx_word' id='word_1_325' title='bbox 483 2389 579 2424; x_wconf 86' lang='lat' dir='ltr'><strong>urbis</strong></span> <span class='ocrx_word' id='word_1_326' title='bbox 610 2389 710 2424; x_wconf 84' lang='lat' dir='ltr'><strong>sitam</strong></span> <span class='ocrx_word' id='word_1_327' title='bbox 732 2391 926 2435; x_wconf 85' lang='lat' dir='ltr'><strong>navigavit.</strong></span> <span class='ocrx_word' id='word_1_328' title='bbox 972 2389 1092 2425; x_wconf 83' lang='lat' dir='ltr'><strong>evenit</strong></span> <span class='ocrx_word' id='word_1_329' title='bbox 1112 2390 1202 2424; x_wconf 89' lang='lat' dir='ltr'><strong>enim</strong></span> <span class='ocrx_word' id='word_1_330' title='bbox 1225 2389 1344 2424; x_wconf 87' lang='lat' dir='ltr'><strong>nescio</strong></span> <span class='ocrx_word' id='word_1_331' title='bbox 1365 2389 1449 2434; x_wconf 90' lang='lat' dir='ltr'><strong>quid</strong></span> <span class='ocrx_word' id='word_1_332' title='bbox 1473 2388 1586 2434; x_wconf 85' lang='lat' dir='ltr'><strong>aliud,</strong></span> <span class='ocrx_word' id='word_1_333' title='bbox 1617 2389 1711 2434; x_wconf 85' lang='lat' dir='ltr'><strong>quod</strong></span> <span class='ocrx_word' id='word_1_334' title='bbox 1732 2400 1798 2424; x_wconf 81' lang='lat' dir='ltr'><strong>ne-</strong></span> 
     </span>
     <span class='ocr_line' id='line_1_37' title="bbox 347 2433 1796 2489; baseline 0.001 -21"><span class='ocrx_word' id='word_1_335' title='bbox 347 2435 499 2487; x_wconf 67' lang='lat' dir='ltr'><strong>cessario</strong></span> <span class='ocrx_word' id='word_1_336' title='bbox 533 2435 645 2479; x_wconf 89' lang='lat' dir='ltr'><strong>ipsum</strong></span> <span class='ocrx_word' id='word_1_337' title='bbox 676 2435 719 2470; x_wconf 82' lang='lat' dir='ltr'><strong>ad</strong></span> <span class='ocrx_word' id='word_1_338' title='bbox 750 2437 999 2482; x_wconf 85' lang='lat' dir='ltr'><strong>profectionem</strong></span> <span class='ocrx_word' id='word_1_339' title='bbox 1023 2447 1098 2489; x_wconf 76' lang='lat' dir='ltr'><strong>cum</strong></span> <span class='ocrx_word' id='word_1_340' title='bbox 1124 2435 1280 2470; x_wconf 83' lang='lat' dir='ltr'><strong>exercitu</strong></span> <span class='ocrx_word' id='word_1_341' title='bbox 1301 2434 1524 2489; x_wconf 63' lang='lat' dir='ltr'><strong>provocavit.</strong></span> <span class='ocrx_word' id='word_1_342' title='bbox 1569 2435 1626 2470; x_wconf 81' lang='lat' dir='ltr'><strong>vir</strong></span> <span class='ocrx_word' id='word_1_343' title='bbox 1658 2433 1796 2489; x_wconf 69' lang='lat' dir='ltr'><strong>quidam</strong></span> 
     </span>
     <span class='ocr_line' id='line_1_38' title="bbox 346 2479 1795 2526; baseline 0.002 -14"><span class='ocrx_word' id='word_1_344' title='bbox 346 2479 511 2524; x_wconf 73' lang='lat' dir='ltr'><strong>Latinus,</strong></span> <span class='ocrx_word' id='word_1_345' title='bbox 550 2480 734 2526; x_wconf 84' lang='lat' dir='ltr'><strong>Crispinus</strong></span> <span class='ocrx_word' id='word_1_346' title='bbox 757 2482 916 2526; x_wconf 87' lang='lat' dir='ltr'><strong>nomine,</strong></span> <span class='ocrx_word' id='word_1_347' title='bbox 949 2493 993 2516; x_wconf 85' lang='lat' dir='ltr'><strong>ex</strong></span> <span class='ocrx_word' id='word_1_348' title='bbox 1014 2481 1119 2515; x_wconf 79' lang='lat' dir='ltr'><strong>Italia</strong></span> <span class='ocrx_word' id='word_1_349' title='bbox 1141 2491 1216 2515; x_wconf 90' lang='lat' dir='ltr'><strong>cum</strong></span> <span class='ocrx_word' id='word_1_350' title='bbox 1239 2479 1283 2514; x_wconf 86' lang='lat' dir='ltr'><strong>ad</strong></span> <span class='ocrx_word' id='word_1_351' title='bbox 1308 2485 1550 2526; x_wconf 72' lang='lat' dir='ltr'><strong>imperatorem</strong></span> <span class='ocrx_word' id='word_1_352' title='bbox 1579 2485 1795 2524; x_wconf 77' lang='lat' dir='ltr'><strong>accessisset,</strong></span> 
     </span>
     <span class='ocr_line' id='line_1_39' title="bbox 347 2525 1796 2572; baseline 0.001 -13"><span class='ocrx_word' id='word_1_353' title='bbox 347 2526 390 2559; x_wconf 89' lang='lat' dir='ltr'><strong>ad</strong></span> <span class='ocrx_word' id='word_1_354' title='bbox 423 2526 581 2560; x_wconf 86' lang='lat' dir='ltr'><strong>Orientis</strong></span> <span class='ocrx_word' id='word_1_355' title='bbox 612 2532 747 2572; x_wconf 78' lang='lat' dir='ltr'><strong>partes„</strong></span> <span class='ocrx_word' id='word_1_356' title='bbox 784 2533 823 2563; x_wconf 86' lang='lat' dir='ltr'><strong>ut</strong></span> <span class='ocrx_word' id='word_1_357' title='bbox 844 2528 895 2562; x_wconf 84' lang='lat' dir='ltr'><strong>ibi</strong></span> <span class='ocrx_word' id='word_1_358' title='bbox 917 2527 1104 2570; x_wconf 85' lang='lat' dir='ltr'><strong>hiemaret,</strong></span> <span class='ocrx_word' id='word_1_359' title='bbox 1141 2525 1265 2560; x_wconf 81' lang='lat' dir='ltr'><strong>missus</strong></span> <span class='ocrx_word' id='word_1_360' title='bbox 1288 2530 1354 2560; x_wconf 84' lang='lat' dir='ltr'><strong>est.</strong></span> <span class='ocrx_word' id='word_1_361' title='bbox 1401 2526 1461 2572; x_wconf 88' lang='lat' dir='ltr'><strong>qui</strong></span> <span class='ocrx_word' id='word_1_362' title='bbox 1483 2530 1579 2560; x_wconf 79' lang='lat' dir='ltr'><strong>ratus</strong></span> <span class='ocrx_word' id='word_1_363' title='bbox 1601 2526 1640 2560; x_wconf 86' lang='lat' dir='ltr'><strong>se</strong></span> <span class='ocrx_word' id='word_1_364' title='bbox 1661 2537 1730 2560; x_wconf 86' lang='lat' dir='ltr'><strong>non</strong></span> <span class='ocrx_word' id='word_1_365' title='bbox 1753 2537 1796 2561; x_wconf 85' lang='lat' dir='ltr'><strong>eo</strong></span> 
     </span>
     <span class='ocr_line' id='line_1_40' title="bbox 347 2570 1796 2618; baseline 0.002 -15"><span class='ocrx_word' id='word_1_366' title='bbox 347 2570 479 2604; x_wconf 88' lang='lat' dir='ltr'><strong>honore</strong></span> <span class='ocrx_word' id='word_1_367' title='bbox 501 2573 662 2606; x_wconf 82' lang='lat' dir='ltr'><strong>affectum</strong></span> <span class='ocrx_word' id='word_1_368' title='bbox 684 2584 746 2617; x_wconf 91' lang='lat' dir='ltr'><strong>pro</strong></span> <span class='ocrx_word' id='word_1_369' title='bbox 771 2573 943 2618; x_wconf 85' lang='lat' dir='ltr'><strong>dignitate</strong></span> <span class='ocrx_word' id='word_1_370' title='bbox 966 2583 1066 2617; x_wconf 89' lang='lat' dir='ltr'><strong>quem</strong></span> <span class='ocrx_word' id='word_1_371' title='bbox 1089 2575 1311 2616; x_wconf 86' lang='lat' dir='ltr'><strong>speraverat,</strong></span> <span class='ocrx_word' id='word_1_372' title='bbox 1341 2570 1385 2605; x_wconf 85' lang='lat' dir='ltr'><strong>ad</strong></span> <span class='ocrx_word' id='word_1_373' title='bbox 1409 2571 1631 2606; x_wconf 89' lang='lat' dir='ltr'><strong>rebellionem</strong></span> <span class='ocrx_word' id='word_1_374' title='bbox 1655 2575 1796 2617; x_wconf 82' lang='lat' dir='ltr'><strong>specta-</strong></span> 
     </span>
     <span class='ocr_line' id='line_1_41' title="bbox 349 2615 1797 2663; baseline 0.001 -14"><span class='ocrx_word' id='word_1_375' title='bbox 349 2615 422 2658; x_wconf 86' lang='lat' dir='ltr'><strong>vit,</strong></span> <span class='ocrx_word' id='word_1_376' title='bbox 456 2619 640 2661; x_wconf 81' lang='lat' dir='ltr'><strong>statimque</strong></span> <span class='ocrx_word' id='word_1_377' title='bbox 664 2625 884 2653; x_wconf 87' lang='lat' dir='ltr'><strong>occurrentes</strong></span> <span class='ocrx_word' id='word_1_378' title='bbox 906 2618 977 2653; x_wconf 86' lang='lat' dir='ltr'><strong>sibi</strong></span> <span class='ocrx_word' id='word_1_379' title='bbox 999 2617 1205 2652; x_wconf 86' lang='lat' dir='ltr'><strong>tributorum</strong></span> <span class='ocrx_word' id='word_1_380' title='bbox 1229 2619 1408 2651; x_wconf 86' lang='lat' dir='ltr'><strong>exactores</strong></span> <span class='ocrx_word' id='word_1_381' title='bbox 1432 2621 1469 2651; x_wconf 89' lang='lat' dir='ltr'><strong>et</strong></span> <span class='ocrx_word' id='word_1_382' title='bbox 1491 2616 1643 2662; x_wconf 80' lang='lat' dir='ltr'><strong>reliquos</strong></span> <span class='ocrx_word' id='word_1_383' title='bbox 1668 2616 1797 2663; x_wconf 82' lang='lat' dir='ltr'><strong>spoliat</strong></span> 
     </span>
     <span class='ocr_line' id='line_1_42' title="bbox 348 2661 1794 2708; baseline 0.002 -15"><span class='ocrx_word' id='word_1_384' title='bbox 348 2673 390 2694; x_wconf 81' lang='lat' dir='ltr'><strong>ac</strong></span> <span class='ocrx_word' id='word_1_385' title='bbox 423 2661 565 2708; x_wconf 84' lang='lat' dir='ltr'><strong>diripit3</strong></span> <span class='ocrx_word' id='word_1_386' title='bbox 603 2664 831 2698; x_wconf 87' lang='lat' dir='ltr'><strong>Romanorum</strong></span> <span class='ocrx_word' id='word_1_387' title='bbox 862 2675 947 2698; x_wconf 88' lang='lat' dir='ltr'><strong>vero</strong></span> <span class='ocrx_word' id='word_1_388' title='bbox 977 2663 1147 2697; x_wconf 87' lang='lat' dir='ltr'><strong>neminem</strong></span> <span class='ocrx_word' id='word_1_389' title='bbox 1179 2661 1375 2706; x_wconf 82' lang='lat' dir='ltr'><strong>interfecit,</strong></span> <span class='ocrx_word' id='word_1_390' title='bbox 1409 2661 1576 2707; x_wconf 83' lang='lat' dir='ltr'><strong>multique</strong></span> <span class='ocrx_word' id='word_1_391' title='bbox 1608 2673 1684 2696; x_wconf 88' lang='lat' dir='ltr'><strong>cum</strong></span> <span class='ocrx_word' id='word_1_392' title='bbox 1715 2661 1794 2696; x_wconf 88' lang='lat' dir='ltr'><strong>iso</strong></span> 
     </span>
     <span class='ocr_line' id='line_1_43' title="bbox 347 2675 1794 2752; baseline 0.002 -12"><span class='ocrx_word' id='word_1_393' title='bbox 347 2707 480 2751; x_wconf 76' lang='lat' dir='ltr'><strong>praelio</strong></span> <span class='ocrx_word' id='word_1_394' title='bbox 505 2709 684 2752; x_wconf 82' lang='lat' dir='ltr'><strong>congressi</strong></span> <span class='ocrx_word' id='word_1_395' title='bbox 704 2709 790 2743; x_wconf 86' lang='lat' dir='ltr'><strong>victi</strong></span> <span class='ocrx_word' id='word_1_396' title='bbox 811 2713 904 2744; x_wconf 88' lang='lat' dir='ltr'><strong>sunt.</strong></span> <span class='ocrx_word' id='word_1_397' title='bbox 951 2709 1014 2742; x_wconf 85' lang='lat' dir='ltr'><strong>sed</strong></span> <span class='ocrx_word' id='word_1_398' title='bbox 1041 2708 1077 2742; x_wconf 91' lang='lat' dir='ltr'><strong>in</strong></span> <span class='ocrx_word' id='word_1_399' title='bbox 1098 2706 1336 2742; x_wconf 86' lang='lat' dir='ltr'><strong>Armeniorum</strong></span> <span class='ocrx_word' id='word_1_400' title='bbox 1357 2707 1500 2751; x_wconf 83' lang='lat' dir='ltr'><strong>regione</strong></span> <span class='ocrx_word' id='word_1_401' title='bbox 1522 2707 1708 2743; x_wconf 83' lang='lat' dir='ltr'><strong>hibernans</strong></span> <span class='ocrx_word' id='word_1_402' title='bbox 1729 2675 1794 2742; x_wconf 59' lang='lat' dir='ltr'><strong>ge-</strong></span> 
     </span>
    </p>
   </div>
   <div class='ocr_carea' id='block_1_3' title="bbox 345 2752 1793 2846">
    <p class='ocr_par' dir='ltr' id='par_1_3' title="bbox 345 2752 1793 2846">
     <span class='ocr_line' id='line_1_44' title="bbox 347 2752 1793 2799; baseline 0.003 -15"><span class='ocrx_word' id='word_1_403' title='bbox 347 2752 502 2786; x_wconf 84' lang='lat' dir='ltr'><strong>starches</strong></span> <span class='ocrx_word' id='word_1_404' title='bbox 534 2753 671 2787; x_wconf 86' lang='lat' dir='ltr'><strong>Samuel</strong></span> <span class='ocrx_word' id='word_1_405' title='bbox 702 2753 898 2788; x_wconf 84' lang='lat' dir='ltr'><strong>Aluisianus</strong></span> <span class='ocrx_word' id='word_1_406' title='bbox 930 2754 1124 2798; x_wconf 74' lang='lat' dir='ltr'><strong>Bulgarus‚</strong></span> <span class='ocrx_word' id='word_1_407' title='bbox 1157 2752 1377 2797; x_wconf 78' lang='lat' dir='ltr'><strong>imperatoris</strong></span> <span class='ocrx_word' id='word_1_408' title='bbox 1401 2753 1518 2788; x_wconf 85' lang='lat' dir='ltr'><strong>uxoris</strong></span> <span class='ocrx_word' id='word_1_409' title='bbox 1539 2754 1668 2798; x_wconf 78' lang='lat' dir='ltr'><strong>frater,</strong></span> <span class='ocrx_word' id='word_1_410' title='bbox 1691 2764 1793 2799; x_wconf 80' lang='lat' dir='ltr'><strong>qnam</strong></span> 
     </span>
     <span class='ocr_line' id='line_1_45' title="bbox 345 2796 1793 2846; baseline 0.003 -16"><span class='ocrx_word' id='word_1_411' title='bbox 345 2796 504 2843; x_wconf 84' lang='lat' dir='ltr'><strong>privatus</strong></span> <span class='ocrx_word' id='word_1_412' title='bbox 532 2799 643 2833; x_wconf 82' lang='lat' dir='ltr'><strong>adhuc</strong></span> <span class='ocrx_word' id='word_1_413' title='bbox 665 2799 795 2844; x_wconf 80' lang='lat' dir='ltr'><strong>degens</strong></span> <span class='ocrx_word' id='word_1_414' title='bbox 817 2800 986 2844; x_wconf 85' lang='lat' dir='ltr'><strong>duxerat,</strong></span> <span class='ocrx_word' id='word_1_415' title='bbox 1017 2810 1092 2834; x_wconf 86' lang='lat' dir='ltr'><strong>cum</strong></span> <span class='ocrx_word' id='word_1_416' title='bbox 1116 2798 1270 2844; x_wconf 89' lang='lat' dir='ltr'><strong>quinque</strong></span> <span class='ocrx_word' id='word_1_417' title='bbox 1292 2798 1494 2835; x_wconf 85' lang='lat' dir='ltr'><strong>Occidentis</strong></span> <span class='ocrx_word' id='word_1_418' title='bbox 1514 2798 1720 2846; x_wconf 75' lang='lat' dir='ltr'><strong>legionibusv</strong></span> <span class='ocrx_word' id='word_1_419' title='bbox 1735 2809 1793 2834; x_wconf 85' lang='lat' dir='ltr'><strong>re-</strong></span> 
     </span>
    </p>
   </div>
  </div>
 </body>
</html>
