1916 3210
327 213 425 259 580
803 212 1040 257 GEORGII
1069 212 1310 260 GEDRENI

326 335 417 381 μιος
443 324 500 367 ἐκ
541 325 612 378 τῆς
651 326 783 379 φυγῆς
816 322 1049 367 ἐπανελθὼν
1076 325 1144 367 καὶ
1172 328 1236 383 τῷ
1260 323 1391 384 οῗκείῳ
1417 322 1582 377 ἔνωθεὶς
1609 324 1775 386 ἀδελφῷ

328 391 381 448 (ὃ
407 393 484 448 γὰρ
504 390 626 433 Ἀσὰν
650 389 785 434 ἔπεσεν
811 392 853 433 ἐν
874 396 932 450 τῷ
957 392 1145 451 πολέμῳ)
1173 390 1441 448 ἀναλαβόντες
1455 391 1525 436 τὸν
1541 395 1776 452 Λιπαρίτην

328 461 395 503 καὶ
422 458 516 508 τοὺς
538 456 712 508 ἁλόντας
733 462 813 501 τῶν
832 457 1001 517 Ἰβήρων
1018 458 1291 516 ὖπενόστησαν
1310 463 1367 512 εἷς
1387 460 1433 504 τὸ
1452 459 1662 518 λεγόμενον
1680 463 1774 505 Κα-

327 524 599 584 στροκώμιον,
626 527 850 569 σπουδαίαν
868 527 941 581 τὴν
959 526 1191 586 ὁδοιπορίαν
1207 528 1449 585 ποιούμενοι.
1515 527 1775 586 ἄπεποίγησαν

327 595 431 653 πρὸς
459 594 532 650 τὴν
560 593 685 648 ἀκοὴν
715 595 753 638 οἱ
782 593 972 652 ἄρχοντες
1000 601 1072 639 τοῦ
1102 601 1292 654 στρατοῦ.
1357 595 1469 652 ὅμως
1497 596 1808 656 διανυκτερεῦ-ῖο

329 679 470 713 σαντες
495 660 711 719 ἄγρυπνοι,
744 663 902 721 ἐπείπερ
931 661 1063 722 ἡμέρα
1092 666 1299 721 ἐπέλαμψε
1325 666 1393 708 καὶ
1419 664 1548 721 βουλὴ
1574 665 1798 723 ’motii-9⁸51-

277 742 310 777 Ο
332 733 399 775 καὶ
418 737 501 781 τοῖς
520 734 619 773 πᾶσι
639 730 846 789 συμφέρον
865 733 1063 789 ἐνομίσθη
1081 734 1246 777 ἕκαστον
1263 733 1400 777 οἴκαδε
1419 732 1631 786 ἄπελθεΐν,
1663 731 1686 776 ὃ
1703 733 1778 788 μὲν

322 799 477 857 Ἀαρὼν
499 798 570 842 τὸν
592 800 735 841 οἰκεῖον
755 793 980 858 ἀνειληφὼς
999 801 1098 845 λαὸν
1123 800 1279 845 ἄπεισιν
1306 803 1362 852 εἲς
1382 801 1429 844 τὸ
1449 800 1564 855 Ἴβαν
1596 799 1779 859 (μητρό-

326 872 442 918 πολις
472 867 516 909 δὲ
546 865 647 922 αὕτη
675 871 747 910 τοῦ
777 867 1114 927 Βαασπρακοῖν),
1160 867 1182 913 ὅ
1217 871 1261 913 δὲ
1286 870 1544 925 Κεκαυμένος
1567 869 1671 924 μετὰ
1696 873 1778 913 τῶν

327 937 439 979 ἰδίων
462 936 688 989 ἐπανῆλθεν
707 937 763 986 εἷς
779 935 825 979 τὸ
841 936 982 980 Ἀνίον.
1049 936 1071 980 ὃ
1093 937 1138 980 δὲ
1148 935 1368 995 Ἀβράμιος
1385 941 1435 996 τῇ
1453 941 1526 981 τοῦ
1540 938 1774 996 Λιπαρίτου
1787 946 1832 982 10

327 1004 541 1061 ἀρκεσθεὶς
566 1001 713 1046 ἁλώσει
723 1035 738 1056 ,
772 1006 839 1047 καὶ
866 1003 1105 1063 ὀλβιώτερον
1127 1004 1270 1049 ἑαυτὸν
1289 1007 1427 1064 κρίνας
1446 1005 1595 1057 παντὸς
1611 1003 1778 1064 ἀνθρώ-

328 1089 406 1115 που
440 1072 510 1114 διὰ
541 1071 587 1114 τὸ
621 1071 753 1129 παρὸν
785 1070 1012 1129 εὐτύχημα,
1052 1075 1179 1130 μηδὲν
1209 1075 1342 1131 ἕτερον
1373 1072 1776 1132 πολυπραγμονήσας,

327 1140 421 1182 ἀλλ’
444 1140 638 1190 ἐπιτείνας
657 1140 730 1195 τὴν
751 1138 983 1199 ὁδοιπορίαν
990 1173 1004 1194 ,
1039 1143 1107 1184 διὰ
1127 1142 1237 1186 πέντε
1258 1140 1418 1199 ἡμερῶν
1439 1142 1699 1200 παραγίνεται
1720 1144 1778 1192 εἰς

325 1208 373 1252 τὸ
402 1205 612 1264 λεγόμενον
632 1205 716 1260 Ῥέ,
750 1207 935 1252 κάκεῖθεν
954 1209 1109 1254 ἄπεισιν
1130 1213 1186 1261 εἲς
1203 1210 1272 1254 τὸν
1293 1209 1512 1254 σουλτάνον
1531 1210 1778 1268 προπέμψας

325 1277 379 1319 τὰ
409 1276 614 1332 εὐαγγέλια
639 1277 706 1318 καὶ
726 1275 799 1331 τὴν
817 1282 891 1320 τοῦ
910 1279 1144 1335 Λιπαρίτου
1162 1277 1346 1334 μηνύσας
1364 1276 1615 1333 κατάσχεσιν.
1632 1310 1634 1313 -
1679 1276 1702 1322 ὅ
1731 1278 1775 1320 δέ
1787 1282 1830 1319 15

274 1355 307 1390 D
332 1349 388 1403 τῷ
409 1346 537 1387 δοκεῖν
564 1344 638 1398 μὲν
670 1342 890 1402 ηὐφράνθη
909 1348 975 1388 καὶ
995 1346 1265 1402 ἠγαλλιάσατο
1284 1348 1347 1390 ἐπὶ
1366 1351 1418 1404 τῇ
1437 1345 1585 1389 ἁλώσει
1600 1347 1777 1390 τοῦΛι-

324 1413 493 1468 παρίτου
503 1443 517 1464 ,
552 1410 755 1469 ἐφθόνησε
780 1413 824 1455 δὲ
844 1419 903 1472 τῷ
924 1414 1089 1474 ἀδελφῷ
1108 1413 1290 1460 τοιούτου
1311 1414 1600 1466 καταξιωθέντι
1615 1417 1692 1458 ,τοῦ
1710 1414 1778 1457 εὗ-

325 1477 576 1534 τυχήματος,
607 1481 674 1522 καὶ
703 1479 773 1522 διὰ
798 1482 947 1533 παντὸς
973 1484 1137 1538 ἐμελέτα
1167 1485 1235 1527 καὶ
1262 1482 1467 1541 πρόφασιν
1490 1480 1615 1541 ἐζήτει
1633 1485 1776 1526 τοῦτον

324 1545 577 1603 ποιήσασθαι
605 1545 799 1591 ἐκποδών.

463 1616 549 1657 Τὸν
570 1615 642 1668 μὲν
661 1610 733 1658 οὖν
748 1617 1010 1674 Λιπαρίτην,
1045 1616 1101 1670 ὥς
1122 1615 1295 1661 ἐπύθετο
1317 1617 1390 1673 τὴν
1411 1615 1555 1661 τούτου
1576 1612 1829 1673 κατάσχες-20

324 1701 388 1726 σιν
409 1681 430 1725 ὃ
450 1682 663 1737 βασιλεύς,
692 1681 785 1735 ὅλος
805 1684 952 1740 ἐγένετο
976 1685 1312 1743 ἅναρρύσασθαι,
1345 1687 1412 1728 καὶ
1439 1688 1554 1742 δῶρα
1578 1689 1775 1740 πολυτελῆ

324 1753 392 1794 καὶ
430 1749 558 1808 λύτρα
594 1751 761 1806 πέμψας
798 1756 856 1810 τῷ
894 1752 1102 1812 σουλτάνῳ
1133 1754 1200 1796 διὰ
1229 1756 1270 1795 Γ
1267 1754 1431 1812 εωργίου
1458 1758 1531 1797 τοῦ
1560 1753 1774 1810 λεγομένου

323 1816 492 1876 Δρόσου
519 1817 884 1877 (ὖπογραμματεῦς
904 1822 950 1864 δὲ
970 1817 1019 1878 ἦν
1040 1820 1062 1865 ὃ
1082 1821 1247 1879 Δρόσος
1264 1827 1336 1866 τοῦ
1351 1822 1537 1879 Ἀαρὼν)
1565 1823 1775 1871 ἔξαιτεΐται

323 1887 396 1942 τὴν
427 1888 659 1944 ἐλευθερίαν
687 1890 754 1931 καὶ
783 1890 960 1941 σπονδὰς
990 1888 1160 1946 εἰρήνης.
1228 1889 1250 1932 ὃ
1276 1890 1321 1931 δὲ
1342 1886 1561 1939 σουλτάνος
1581 1888 1656 1939 τὰς
1675 1905 1775 1947 πρε-

414 2019 438 2053 6
459 2013 654 2061 ὑπέλαμψε
676 2017 706 2051 C
858 2018 902 2053 17
925 2017 992 2052 τοῦ
1015 2022 1096 2053 ante
1116 2014 1291 2054 τοιούτου
1314 2017 1345 2053 C
1490 2019 1537 2056 23
1557 2016 1716 2064 ἐζητεῖτο
1741 2015 1772 2053 C

324 2134 420 2176 ptum
450 2129 604 2171 nuntiat3
638 2133 746 2176 utque
773 2130 957 2166 Abramius
982 2141 1003 2165 a
1026 2131 1110 2175 fuga
1140 2142 1302 2166 reversus
1325 2134 1362 2166 et
1382 2143 1458 2166 cum
1483 2142 1546 2167 suo
1571 2132 1772 2168 coniunctus

324 2178 436 2211 fratre
457 2187 621 2221 germano
646 2176 746 2219 (nam
768 2177 862 2211 Asan
884 2177 922 2211 in
946 2187 1061 2220 pugna
1082 2177 1279 2221 ceciderat)
1306 2177 1500 2212 accelerato
1527 2177 1674 2223 itinere,
1707 2179 1770 2213 ab·

323 2223 428 2256 ducto
450 2233 566 2256 secum
588 2221 747 2267 Liparita
768 2227 804 2256 et
825 2222 974 2268 captivis
995 2222 1128 2268 Iberis,
1151 2223 1319 2258 redierint
1339 2223 1622 2258 eastrocomium.
1667 2224 1772 2259 duces

323 2267 471 2302 Romani
493 2267 538 2302 ad
561 2278 638 2301 eum
661 2268 913 2313 obstupuerunt
934 2268 1100 2312 nuntium,
1122 2274 1294 2314 nocteque
1314 2280 1356 2303 ea
1372 2269 1520 2304 insomni
1540 2274 1672 2314 exacta,
1695 2274 1773 2304 orta

323 2313 401 2348 luce
425 2312 663 2347 consuitarunt
684 2312 770 2358 quid
790 2313 1006 2359 potissimum
1035 2319 1199 2359 agerent3
1230 2314 1429 2361 placuitque
1461 2315 1597 2350 domum
1625 2315 1772 2351 reverti.

322 2359 444 2404 itaque
465 2359 583 2393 Aaron
605 2369 681 2392 cum
704 2370 767 2393 suo
790 2359 946 2394 exercitu
966 2360 1107 2395 Ibanem
1127 2360 1258 2405 rediit,
1290 2372 1380 2406 quae
1410 2364 1465 2395 est
1493 2359 1773 2406 Baaspracaniae

322 2403 542 2450 metropolim
574 2403 763 2439 Catacalon
789 2416 871 2440 suos
892 2405 1015 2440 Anium
1038 2406 1191 2441 reduxit.
1235 2410 1387 2441 ceterum
1410 2405 1592 2441 Abramius
1613 2406 1773 2452 Liparita

324 2454 426 2495 capto
458 2452 664 2494 contentus,
703 2454 740 2484 et
771 2449 874 2484 huius
901 2462 1081 2487 successus
1110 2463 1216 2487 causa
1241 2452 1412 2486 hominum
1437 2463 1516 2486 sese
1536 2451 1772 2487 felicissimum

324 2496 513 2540 deputans,
537 2495 693 2530 omnibus
715 2495 792 2530 aliis
814 2496 906 2531 curis
930 2497 1087 2543 omissis,
1115 2498 1246 2543 magnis
1268 2497 1450 2533 itineribus
1473 2497 1518 2532 ad
1541 2497 1596 2532 Re
1619 2498 1772 2544 quinque

324 2540 457 2575 dierum
490 2540 603 2585 spatio
635 2541 818 2586 pervenit3
852 2547 956 2587 atque
984 2543 1066 2578 inde
1090 2544 1272 2578 discedens
1293 2545 1347 2578 rei
1367 2543 1519 2578 feliciter
1539 2546 1659 2587 gestae
1681 2555 1771 2578 nun-

323 2586 392 2620 tios
414 2586 458 2621 ad
480 2586 650 2620 sultanum
671 2586 790 2632 mittit,
814 2588 1006 2633 Liparitam
1027 2595 1162 2633 captum
1185 2589 1392 2624 indicantes.
1439 2589 1592 2624 soltanus
1614 2588 1773 2624 simulata

323 2631 456 2666 laet-itia
479 2633 523 2666 ob
544 2637 683 2677 captum
703 2636 836 2668 tantum
856 2634 989 2680 virum,
1011 2636 1149 2670 interim
1171 2640 1300 2670 tantam
1322 2633 1424 2669 fratri
1445 2634 1500 2669 rei
1518 2636 1697 2679 gerendae
1713 2635 1770 2669 fe-

321 2676 489 2711 licitatem
509 2677 691 2721 invidens,
711 2678 849 2714 assidue
870 2681 913 2714 de
934 2692 976 2715 eo
999 2681 1150 2716 tollendo
1170 2680 1337 2726 cogitavit
1357 2691 1542 2725 ansamque
1558 2680 1725 2726 captavit.

412 2721 606 2768 Imperator
638 2723 830 2768 Liparitam
861 2730 997 2771 captum
1024 2739 1101 2762 esse
1121 2726 1263 2762 audiens
1286 2730 1379 2760 totus
1402 2725 1439 2760 iu
1459 2726 1526 2760 hoc
1545 2726 1612 2761 fuit
1635 2730 1672 2760 ut
1693 2736 1769 2759 eum

320 2766 500 2802 liberaret.
547 2768 651 2804 misso
683 2769 807 2815 itaque
831 2771 876 2806 ad
907 2772 1075 2809 sultanum
1107 2773 1262 2818 Georgio
1291 2771 1424 2814 Druso,
1461 2771 1577 2806 scriba
1609 2770 1768 2815 Aaronis,

322 2823 397 2847 cum
421 2812 617 2848 muneribus
641 2826 704 2860 pro
726 2816 924 2852 redimendo
949 2830 992 2853 eo
1015 2819 1196 2865 pretiosis,
1230 2817 1329 2852 simul
1352 2822 1388 2852 et
1410 2817 1501 2852 hunc
1522 2817 1590 2851 sibi
1613 2816 1711 2851 reddi
1733 2821 1769 2849 et

320 2868 440 2903 pacem
463 2860 621 2904 componi
644 2861 811 2905 postulat.
857 2863 1011 2900 sultanus
1032 2865 1185 2912 acceptis
1208 2863 1352 2909 legatis,
1383 2869 1421 2898 ut
1445 2862 1646 2908 magnificus
1668 2860 1767 2896 vide-
