1890 3236
483 176 884 226 HISTORJARUM
918 176 1310 224 COMPENDIUM.
1540 173 1602 223 41
1614 175 1639 223 1

164 289 542 355 ιᾶἱὸιωταράσσων
559 293 800 355 φάλαγγας,
831 296 974 351 μηδενὶ
993 292 1190 352 πρότερον
1209 289 1235 349 ἢ
1254 291 1356 348 μετὰ
1371 286 1506 335 ’ταῦτα
1527 287 1641 348 γενό-
1663 297 1697 332 D

138 375 287 424 ,μενος
305 363 530 426 γνώριμος,
566 365 613 410 ὃν
636 366 815 424 ἔφασκον
839 366 909 408 ἕνα
936 363 1035 408 εἶναι
1057 368 1139 407 τῶν
1162 362 1401 406 καλλινίκων
1424 359 1645 419 μαρτύρων

168 434 402 495 Θεόδωρον.
469 433 630 487 τούτοις
660 435 704 478 δὲ
733 433 962 491 προμάχοις
990 433 1051 476 ἀεὶ
1083 435 1150 476 καὶ
1179 430 1399 489 προβόλοις
1428 431 1532 473 κατὰ
1562 435 1645 474 τῶν

165 506 371 562 πολεμίων
399 505 545 564 ἐχρῆτο
573 503 596 548 ὃ
622 503 838 560 βασιλεύς·
875 505 943 547 καὶ
962 502 1042 560 γὰρ
1065 503 1115 558 δὴ
1137 503 1204 544 καὶ
1226 501 1414 555 συνέτυχε
1435 498 1555 543 τόνδε
1574 499 1646 543 τὸν

132 575 308 633 ςᾶγῶνα
339 575 433 618 κατ’
464 573 594 629 αὐτὴν
622 577 914 629 συνενεχθῆναι
939 571 1014 627 τὴν
1038 569 1195 628 ἡμέραν
1222 570 1328 614 καθ’
1363 569 1414 624 ἣν
1442 568 1648 624 εἰώθαμεν

165 642 371 703 ἑορτάζειν
395 638 471 700 τὴν
496 641 661 700 μνήμην
679 647 755 686 τοῦ
773 640 1069 699 στρατηλάτου.
1137 641 1205 683 καὶ
1225 639 1324 696 γυνὴ
1348 639 1394 682 δέ
1413 656 1476 690 τις
1496 641 1538 682 ἓν
1557 641 1648 682 ,Βυ-

165 714 313 772 ζαντίῳ
330 713 458 768 σεμνὴ
473 711 703 771 ὕπερτάτης
724 709 936 767 δυνάμεως
955 708 1054 753 εἶναι
1071 708 1118 752 τὸ
1138 707 1286 767 φάσμα
1306 710 1518 752 ε’πιστοῦτο
1528 739 1542 760 ,
1571 712 1648 767 μιᾷ

163 781 366 840 πρότερον
388 786 463 838 τῆς
491 785 732 837 συμπλοκῆς
752 778 886 840 ἡμέρᾳ
908 779 1008 837 ὄναρ
1028 779 1291 835 θεασαμένη,
1326 779 1395 820 καὶ
1418 776 1574 830 δόξασα
1594 780 1649 835 τῇ

165 849 352 911 θεοτόκῳ
368 851 652 908 παρίστασθαι
672 851 740 893 καὶ
759 848 954 907 λεγούσης
972 849 1144 892 ἀκοῦσαι
1164 847 1267 906 πρός
1288 865 1377 890 τινα
1397 845 1649 905 στρατιώτην

112 917 310 980 20“κ·ὗριε
341 919 554 977 Θεόδωρε,
585 918 608 963 ὅ
636 919 733 975 ἐμὸς
761 921 830 963 καὶ
861 918 934 970 σὸς
959 916 1147 973 Ἰωάννης
1170 915 1401 975 περιστάσει
1425 917 1648 972 συνέχεται,

168 991 238 1034 καὶ
258 994 434 1034 σπεῦσον
454 991 510 1041 εἲς
531 988 605 1045 τὴν
626 990 754 1033 αὐτοῦ
772 986 973 1044 βοήθειαν
981 988 1033 1041 ,²³
1067 989 1134 1030 καὶ
1158 985 1275 1042 ἡλίου
1304 986 1539 1040 ἀνίσχοντος
1562 991 1650 1037 τοῖς

116 1088 119 1091 -
166 1058 342 1117 γείτοσιν
371 1058 661 1116 ἓξηγησαμένη.
730 1060 798 1101 καὶ
825 1058 878 1100 τὰ
905 1058 979 1112 μὲν
1009 1055 1215 1114 ὁραθέντα
1245 1061 1399 1107 ταῦτα,
1434 1056 1650 1113 τρέπονται

169 1127 219 1173 δὲ
235 1125 358 1172 πάλιν
380 1128 419 1171 οἱ
441 1126 630 1181 Σκύθαι,
665 1129 733 1170 καὶ
754 1127 1117 1182 ἀποκεκλεισμὲνας
1139 1125 1214 1177 τὰς
1238 1130 1320 1181 τῆς
1334 1124 1488 1176 πόλεως
1510 1123 1651 1181 εὗρόν-

594 1201 614 1211 ιν

164 1214 238 1249 ,τες
266 1195 400 1249 πύλας
426 1195 506 1240 ὑπὸ
539 1215 611 1241 του

644 1200 834 1254 Σκληροῧ
861 1195 940 1239 ἀνὰ
972 1195 1019 1239 τό
1054 1196 1191 1238 πεδίον
1219 1192 1504 1238 ἓσκεδάννυντο
1519 1227 1532 1246 ,
1580 1195 1647 1236 καὶ
1671 1192 1700 1227 Ρ
1726 1191 1796 1227 682

115 1270 162 1314 15
175 1267 438 1325 ἀνῃρέθησαν
471 1265 546 1309 ὑπ’
588 1266 776 1322 ἀλλήλων
803 1283 847 1309 τε
877 1263 1204 1320 συμπατούμενοι
1235 1265 1303 1306 καὶ
1330 1262 1410 1306 ὑπὸ
1439 1262 1651 1318 Ῥωμαίων

172 1335 491 1394 συγκοπτόμενοι
515 1335 704 1395 ἀριθμοῦ
728 1336 960 1394 κρείττους,
1002 1334 1251 1392 τραυματίαι
1280 1334 1324 1376 δὲ
1352 1333 1530 1389 ἐγένοντο
1558 1350 1654 1388 σχε-

173 1405 250 1450 δόν
274 1424 315 1450 τι
339 1405 499 1457 πάντες.
567 1405 639 1448 τὸν
658 1402 852 1464 μάρτυρα
873 1404 917 1447 δ’
940 1402 962 1447 ὁ
983 1403 1177 1458 βασιλεὺς
1194 1406 1347 1457 τιμῶν,
1382 1404 1450 1444 καὶ
1470 1406 1545 1458 τῆς
1566 1404 1654 1445 ἐπι-

172 1476 343 1534 κουρίας
372 1474 587 1526 ἀποτιννὺς
617 1474 730 1533 αὐτῷ
762 1474 837 1524 τὰς
867 1472 1073 1528 ἀμοιβάς,
1107 1473 1179 1515 τὸν
1208 1471 1306 1515 ναὸν
1332 1472 1375 1514 ἓν
1402 1465 1435 1530 ᾧ
1464 1471 1510 1514 τὸ
1538 1475 1654 1514 θεῖον

174 1544 304 1588 αὐτοῦ
333 1542 541 1588 ἀπόκειται
566 1529 690 1599 σῶμα
716 1545 760 1586 ἔκ
786 1542 964 1602 βάθρων
986 1541 1232 1596 καταβαλών
1251 1541 1378 1597 με’γαν
1398 1558 1441 1584 τε
1464 1542 1531 1583 καὶ
1552 1540 1654 1583 κάλ*

116 1618 312 1659 mito-tow
329 1613 584 1674 ᾠκοδόμησε,
615 1617 932 1670 μεγαλοπρεπεῖς
953 1612 1065 1670 αὐτῷ
1084 1613 1230 1661 κτίσεις
1246 1611 1577 1669 προσαφορίσας·
1610 1609 1656 1653 ὃν

173 1685 243 1729 καὶ
260 1684 597 1738 ’ἀντὶΕὗχανειας
622 1681 934 1740 Θεοδωρόπολιν
952 1679 1253 1735 κατωνόμασεν.

306 1752 357 1798 ‘0
393 1755 438 1796 δὲ
468 1750 823 1811 Σφενδοσθλάβος
851 1756 990 1796 πᾶσαν
1017 1750 1228 1807 μετελθὼν
1264 1748 1453 1804 μηχανὴν
1484 1749 1550 1790 καὶ
1586 1747 1655 1790 διὰ

172 1826 319 1867 πασῶν
356 1820 670 1879 ἐλαττούμενος,
719 1821 778 1873 ὥς
818 1820 919 1878 ἔγνω
955 1822 1160 1877 μηδεμίαν
1203 1818 1316 1879 αὐτῷ
1355 1817 1653 1877 ὑπολελεῖφθαι

265 1921 292 1958 2
314 1916 382 1956 ἕνα
404 1932 460 1956 om
481 1919 512 1955 C
652 1920 698 1955 10
718 1918 806 1965 κῦρι
828 1918 859 1953 C

173 1999 306 2036 obierit
326 2001 547 2046 hostiumque
566 2000 709 2036 ordines
729 1997 1006 2042 conturbaverit,
1031 1996 1162 2033 nemini
1185 2008 1300 2044 neque
1319 1999 1401 2032 ante
1419 2007 1535 2042 neque
1555 1997 1656 2041 post-

174 2048 278 2083 modo
303 2047 499 2093 cognitum=
536 2059 612 2082 eum
638 2047 782 2082 aiebant
803 2046 915 2081 fuisse
939 2045 1185 2089 Theodorum,
1210 2055 1314 2078 unum
1337 2044 1383 2078 de
1404 2042 1657 2090 pulcherrimas

174 2095 374 2130 consecutis
396 2094 566 2129 victorias
590 2093 816 2139 martyribus,
865 2104 951 2127 sane
975 2092 1030 2126 his
1049 2102 1189 2137 semper
1207 2090 1409 2136 auspicibus
1430 2094 1536 2134 atque
1555 2093 1656 2122 ante-

173 2140 334 2186 signanis
351 2141 537 2176 adversum
559 2141 679 2175 hostes
703 2140 755 2174 uti
777 2138 913 2174 solebat
932 2139 1126 2183 imperator
1146 2137 1223 2179 hic3
1247 2143 1283 2171 et
1305 2148 1374 2182 quo
1398 2136 1457 2169 die
1480 2135 1567 2169 haec
1590 2145 1658 2179 pu-

175 2198 248 2232 gna
271 2192 326 2222 est
347 2192 514 2233 pugnata,
540 2187 571 2221 is
594 2187 707 2220 festus
728 2186 797 2220 fuit
819 2185 1007 2220 memoriae
1027 2184 1120 2218 iliius
1144 2183 1327 2217 Theodori
1351 2181 1566 2217 exercituum
1591 2181 1657 2214 du-

176 2233 301 2269 ctoris.
348 2235 412 2268 sed
446 2238 484 2268 et
513 2233 714 2267 veneranda
749 2232 918 2277 quaedam
953 2230 1078 2265 mulier
1108 2229 1212 2275 Cpoli
1245 2230 1350 2263 fidem
1373 2228 1460 2263 fecit
1482 2227 1518 2262 id
1543 2226 1657 2261 visum

175 2280 290 2315 fuisse
307 2279 478 2315 divinum.
527 2290 570 2314 ea
593 2279 684 2314 enim
705 2278 821 2324 pridie
843 2278 946 2312 istius
967 2277 1040 2311 diei
1063 2276 1100 2310 in
1124 2276 1255 2310 somnis
1273 2276 1350 2310 visa
1369 2275 1437 2309 sibi
1456 2275 1575 2308 fuerat
1592 2273 1658 2307 ad-

176 2332 275 2361 stare
306 2326 492 2372 deiparae,
532 2330 569 2359 et
593 2325 717 2359 audire
748 2336 823 2359 eam
851 2324 1024 2359 dicentem
1055 2323 1189 2357 cuidam
1213 2321 1315 2356 militi
1348 2317 1510 2355 “domine
1536 2319 1660 2353 Theo-

177 2373 286 2416 dore,
323 2383 419 2407 meus
440 2371 501 2406 ille
526 2377 562 2406 et
584 2376 664 2406 tuus
688 2371 838 2405 Ioannes
860 2370 898 2404 in
920 2369 1078 2415 periculo
1102 2374 1286 2403 versatur:
1322 2367 1452 2402 festina
1483 2367 1527 2400 ad
1559 2377 1660 2411 opem

175 2419 213 2454 ei
233 2415 452 2463 ferendam,”
471 2419 579 2464 idque
596 2417 802 2452 insomnium
826 2416 940 2463 prima
962 2416 1039 2450 luce
1061 2415 1190 2449 vicinis
1213 2419 1432 2449 narraverat.
1481 2412 1661 2447 enimvero

177 2466 338 2511 Scythae
369 2477 411 2499 eo
440 2465 575 2511 praelio
611 2464 823 2505 funduntur,
858 2474 1004 2508 cumque
1039 2474 1079 2497 se
1110 2461 1222 2507 portis
1249 2461 1460 2496 interclusos
1491 2471 1514 2494 a
1544 2458 1662 2493 Barda

177 2512 372 2558 sentirent,
395 2512 432 2546 in
457 2522 613 2558 campum
638 2512 722 2556 fuga
745 2510 1016 2555 disperguntur,
1040 2513 1258 2554 pereuntque
1281 2505 1552 2541 innumerabiles
1575 2516 1662 2550 par-

176 2559 242 2594 tim
267 2569 289 2594 a
314 2569 353 2593 se
375 2557 525 2593 invicem
561 2556 777 2601 concuicati‚
816 2555 942 2602 partim
975 2567 997 2590 a
1029 2555 1198 2590 Romanis
1231 2553 1450 2597 obtruncati,
1484 2550 1662 2587 vulnerati

175 2617 270 2653 pene
305 2615 438 2641 omnes.
486 2604 634 2649 martyri
662 2603 854 2640 Theodoro
878 2601 1026 2647 gratiam
1050 2613 1115 2648 pro
1140 2612 1208 2647 ope
1230 2600 1303 2635 lata
1323 2600 1484 2635 referens
1506 2599 1661 2644 impera—

176 2659 256 2694 tor,
294 2651 413 2686 fanum
444 2650 481 2686 iu
516 2663 585 2697 quo
619 2650 651 2685 is
683 2650 843 2686 humatus
875 2654 952 2683 emt
981 2649 1026 2683 ad
1058 2648 1286 2682 fundamenta
1318 2657 1431 2690 usque
1462 2644 1661 2689 demolitus,

177 2697 278 2733 aliud
300 2696 677 2743 magnificentissimum
701 2695 893 2735 exstruxit,
929 2706 971 2729 ac
994 2694 1150 2742 praediis
1172 2693 1304 2739 amplos
1328 2692 1540 2727 habentibus
1564 2691 1660 2726 redi-

178 2751 238 2779 tus
267 2744 432 2779 donavit:
464 2745 587 2780 urbem
614 2744 652 2779 in
682 2755 754 2790 qua
775 2743 812 2780 id
835 2747 934 2787 erat,
963 2753 1029 2788 pro
1052 2740 1259 2776 Euchaneia
1281 2738 1570 2785 Theodoropolin
1595 2749 1659 2772 no-

175 2791 339 2827 minavit.

272 2837 601 2886 Sphendostblabus
633 2848 709 2872 cum
739 2835 899 2871 omnibus
932 2834 1079 2870 tentatis
1112 2832 1201 2869 nihil
1242 2832 1490 2875 successisset,
1535 2830 1661 2866 nullam

178 2895 277 2931 spem
307 2884 479 2931 reliquam
501 2885 570 2921 sibi
596 2884 720 2920 videns
743 2883 787 2919 ad
812 2882 1090 2930 pacificationem
1121 2880 1272 2918 animum
1297 2879 1441 2926 adiicit,
1474 2876 1661 2923 missisque

0 1664 5 1678 ⁷
0 1530 15 1643 -vm
0 1474 9 1521 ,ιν-,ν
0 1305 13 1457 -ι-ι-ήνσε-υᾈ
0 1267 3 1275 «Α
0 1204 5 1223 ν
0 1179 5 1186 ν
