1890 3236
284 188 384 236 396
754 184 992 231 GEORGII
1024 185 1269 232 CEDRENI

278 299 427 346 ἀνόδου
458 304 543 349 τοῖς
570 295 736 341 κατόπιν
762 297 1008 355 παρέσχετο·
1054 296 1100 343 ὃν
1124 295 1404 355 μιμησάμενος
1433 299 1560 354 ἄλλος
1581 304 1649 347 καὶ
1679 297 1733 346 αὖ

280 370 402 419 ἄλλος
430 368 496 410 καὶ
525 368 666 409 πολλοὶ
695 366 820 423 ἕτεροι
849 366 1042 422 ἀνῆλθον.
1107 370 1176 410 καὶ
1209 373 1489 424 συνασπισμοῦ
1521 371 1732 427 γενομένου

223 447 259 482 C
282 438 319 480 οἱ
347 434 510 479 Σκύθαι
535 433 838 489 κατισχυόμενοι
862 433 1030 486 ἑαυτοὺς
1057 433 1136 477 ἀπὸ
1156 440 1236 480 τῶν
1253 441 1394 492 τειχῶν
1412 437 1732 496 κατεκρήμνιζον.

277 505 421 548 πολλοὶ
455 502 500 546 δὲ
529 503 596 545 καὶ
623 501 737 544 ἄλλοι
762 500 954 557 Ῥωμαῖοι
981 502 1086 546 κατὰ
1116 505 1235 559 ζῆλον
1263 509 1343 548 τῶν
1374 506 1580 564 προτέρων
1599 508 1668 550 καὶ
1684 509 1730 551 ἐν

275 570 490 629 διαφόροις
507 568 644 621 τόποις
666 570 734 613 ὁιά
755 569 961 626 κλιμάκων
979 571 1189 627 ἀνέβαινον
1209 575 1265 625 εἷς
1281 574 1326 618 τὸ
1348 581 1488 629 τεῒχος.
1552 576 1622 617 καὶ
1647 579 1762 621 ‘edus

275 644 450 683 Σκυθῶν
474 639 791 695 θορυβουμένων
810 638 962 682 ἔλαθόν
981 657 1083 692 τινες
1102 640 1271 698 ἀμογητὶ
1292 642 1395 701 πρὸς
1412 642 1487 693 τὰς
1510 640 1642 695 πύλας
1663 643 1737 686 ἑλι-
1779 675 1782 679 A

275 713 386 760 θεῖν,
419 709 487 750 καὶ
505 705 656 758 ταύτας
675 706 994 760 ἀναπετάσαντες
1012 711 1170 766 εἰσῆγον
1187 711 1234 753 τὸ
1257 709 1502 767 στράτευμα.
1547 713 1615 754 καὶ
1633 715 1731 754 τοῦ·

275 795 345 821 τον
372 775 442 819 τὸν
465 774 613 833 τρόπον
630 780 704 831 τῆς
719 774 871 828 πόλεως
897 775 1072 833 ἁλούσης
1092 778 1131 821 οἶ
1153 779 1226 833 μὲν
1247 777 1411 822 Σκύθαι
1433 778 1510 822 ἀνὰ
1525 767 1620 831 τοὺς
1637 795 1730 824 στε-

274 844 433 895 νωποὺς
458 843 669 901 φεύγοντες
690 847 757 888 καὶ
777 845 1191 902 καταλαμβανόμενοι’
1206 847 1449 905 ἀνῃροῦντο,
1481 853 1664 904 γυναῖκες
1683 848 1730 891 δὲ

274 915 342 957 καὶ
363 914 504 955 παιδία
521 913 857 970 ᾗχμαλωτίζοντο.
925 913 1031 957 ἑάλω
1050 916 1094 958 δὲ
1112 917 1177 958 καὶ
1198 916 1375 973 Βορίσης
1395 914 1418 958 ὅ
1437 915 1629 971 βασιλεὺς
1647 920 1728 960 τῶν
1740 921 1785 957 10

276 980 524 1039 Βουλγάρων
542 980 629 1036 ἅμα
650 984 803 1038 γυναικὶ
825 984 891 1025 καὶ
911 983 1081 1036 τέκνοις,
1116 983 1172 1027 ἔτι
1191 985 1242 1027 τὰ
1259 982 1484 1042 παράσημα
1503 985 1638 1043 φέρων
1656 989 1730 1041 τῆς

274 1052 502 1104 βασιλείας,
536 1052 603 1093 καὶ
624 1052 679 1100 εἷς
695 1051 867 1105 βασιλέα
886 1050 1067 1106 ἀπήχθη.
1122 1050 1252 1111 τούτῳ
1270 1053 1314 1095 δὲ
1334 1052 1356 1095 ὅ
1373 1054 1565 1107 βασιλεὺς
1582 1057 1730 1111 φιλαν-

274 1116 454 1176 θρώπως
474 1116 671 1176 ἐχρήσατο
681 1150 695 1171 ,
725 1117 848 1163 αὐτόν
869 1137 912 1162 τε
931 1120 1102 1174 βασιλέα
1122 1119 1370 1178 Βουλγάρων
1394 1114 1632 1174 ἀποκαλῶν,
1659 1123 1729 1166 καὶ

219 1195 253 1233 1)
276 1186 428 1237 πάντας
451 1187 546 1237 τοὺς
572 1185 856 1241 ἁλισκομένους
873 1186 1135 1245 Βουλγάρους
1154 1189 1316 1239 ἀνέτους
1331 1189 1463 1246 ἀφιεὶς
1478 1191 1545 1232 καὶ
1563 1189 1730 1233 ἐλευθέ-

273 1273 370 1313 ρους
395 1255 474 1312 ὅπῃ
503 1257 571 1298 καὶ
596 1254 807 1312 βούλοιντο
837 1256 1017 1309 ἀπιέναι,
1046 1257 1118 1299 οὐκ
1136 1259 1200 1299 ἐπὶ
1221 1259 1381 1317 δουλείᾳ
1402 1257 1571 1315 φάσκων
1589 1260 1724 1300 Βουλ-
1738 1261 1782 1298 15

269 1324 405 1381 γάρων
427 1324 520 1366 ἀλλ’
543 1324 611 1366 ἐπ’
631 1324 841 1384 ἐλευθερία
857 1328 1013 1380 μᾶλλον
1031 1325 1273 1383 ἀφίξεσθαι,
1301 1323 1402 1377 Ῥὼς
1427 1327 1471 1370 δὲ
1489 1323 1641 1381 μόνους
1664 1335 1728 1383 ’γι-

267 1391 433 1436 νώσκειν
453 1392 627 1449 ἐχθροὺς
643 1394 710 1435 καὶ
725 1391 880 1444 τούτοις
893 1397 1078 1450 χρῆσθαι
1097 1392 1152 1445 ὥς
1170 1394 1386 1449 πολεμίοις.

409 1460 461 1503 Οἳ
497 1461 540 1504 δὲ
570 1465 651 1503 τῶν
681 1463 857 1504 Σκυθῶν
884 1461 1149 1519 γενναιότεροι
1173 1460 1367 1519 ὀχύρωμα
1386 1480 1424 1506 τι
1444 1457 1728 1519 κατειληφότες

266 1528 377 1579 ε’ντός
402 1533 482 1571 τῶν
508 1533 580 1584 τῆς
603 1526 757 1580 πόλεως
775 1531 1011 1584 βασιλείων,
1037 1530 1320 1585 ὀκτακισχίλιοι
1336 1530 1406 1574 τὸν
1426 1529 1630 1588 ἀριθμόν,
1661 1530 1730 1572 ἐπί

266 1615 356 1641 τινα
385 1594 534 1654 χρόνον
559 1595 805 1649 ἐλάνθανον,
850 1600 917 1640 καὶ
955 1599 1128 1649 πολλοὺς
1154 1602 1234 1642 τῶν
1262 1599 1364 1641 καθ’
1393 1599 1572 1655 ἱστορίαν
1599 1599 1780 1642 ἔκεΐσεὲο

267 1666 486 1723 γενομένων
516 1663 542 1720 ἢ
568 1664 725 1708 σκύλων
749 1664 935 1722 ἁρπαγὴν
958 1667 1206 1724 ἀσυμφανῶς
1226 1671 1464 1724 κρατοῦντες
1484 1667 1725 1710 ἀπέκτεινον.

268 1729 318 1776 οὗ
344 1733 593 1791 γνωσθέντος
616 1737 674 1791 τῷ
698 1738 862 1788 βασιλεῖ
878 1735 1050 1791 στρατὸς
1068 1735 1136 1776 ἐπ’
1160 1735 1309 1786 αὐτοὺς
1325 1736 1527 1778 ἐστέλλετο
1550 1733 1723 1789 ἀξιόμα-

263 1819 351 1857 χος.
418 1802 597 1859 ὀκνηρῶς
624 1803 668 1845 δὲ
693 1801 796 1858 εἶχον
823 1803 861 1846 οἱ
886 1802 1154 1858 πεμπόμενοι,
1188 1805 1255 1847 καὶ
1274 1808 1347 1859 τῆς
1365 1804 1597 1861 πολιορκίας
1620 1804 1724 1846 ἔδει·

356 1939 574 2024 Ξέὲὅξέῗον
597 1953 652 1978 om
672 1942 703 1978 C
807 1942 830 1977 5
853 1940 988 1985 τόποις*
1006 1955 1061 1980 om
1084 1943 1116 1979 C
1225 1945 1269 1980 10
1290 1942 1422 1985 παῖδες
1445 1943 1478 1979 O
1568 1944 1614 1981 16
1635 1941 1722 1989 ἄφι-

265 2114 427 2161 praebet.
473 2113 564 2150 huno
596 2115 656 2150 alii
690 2118 772 2162 post
802 2114 888 2152 aiios
911 2113 1101 2150 imitantur.
1146 2124 1292 2159 cumque
1313 2113 1382 2150 hoc
1403 2111 1504 2150 modo
1527 2112 1723 2160 complures

267 2172 398 2196 murum
432 2159 500 2195 iam
531 2167 711 2205 tenerent,
743 2173 851 2197 cuneo
885 2162 979 2195 facto
1010 2161 1162 2206 Scythas
1186 2160 1337 2205 pellunt,
1369 2161 1466 2206 iique
1487 2171 1527 2195 se
1548 2159 1594 2194 de
1616 2160 1722 2194 muris

265 2212 374 2250 agunt
403 2206 628 2253 praecipites.
674 2207 751 2242 aliis
783 2219 921 2253 quoque
947 2207 1096 2242 diversis
1122 2207 1208 2241 locis
1233 2207 1331 2241 multi
1353 2207 1488 2253 priores
1510 2205 1636 2240 imitati
1658 2217 1723 2251 per

262 2252 377 2287 scalas
412 2252 448 2286 in
482 2264 612 2288 murum
643 2253 845 2288 succedunt.
894 2258 931 2288 et
961 2253 1104 2297 Scythis
1129 2252 1384 2298 trepidantibus
1414 2252 1552 2297 quidam
1575 2251 1723 2286 Romani

263 2298 365 2332 hoste
397 2310 465 2332 non
496 2299 792 2334 animadvertente
824 2299 867 2334 ad
897 2304 1016 2344 portas
1047 2298 1138 2333 nulio
1167 2298 1308 2343 negotio
1344 2297 1571 2344 perveniunt,
1607 2297 1722 2342 iisqne

261 2343 395 2389 apertis
419 2348 527 2378 totum
550 2345 737 2380 immittunt
760 2345 962 2381 exercitum.
1010 2344 1076 2379 hoc
1099 2345 1199 2379 modo
1223 2345 1310 2378 urbe
1331 2349 1458 2389 capta,
1481 2343 1636 2387 Scythae
1657 2354 1722 2388 per

262 2389 447 2434 angiporta
470 2391 695 2435 diffugientes
716 2390 927 2436 deprehensi
949 2390 1214 2435 interimuntur,
1237 2390 1396 2424 mulieres
1417 2395 1453 2424 et
1470 2388 1572 2434 pueri
1588 2388 1721 2434 captivi

262 2436 448 2469 ducuntur.
496 2437 633 2481 capitur
667 2441 704 2473 et
734 2449 809 2471 cum
838 2436 987 2481 coniuge
1020 2442 1057 2470 et
1089 2435 1209 2471 liberis
1235 2436 1375 2470 Borises
1398 2434 1623 2479 Buigarorum
1643 2445 1720 2478 rex,

267 2480 365 2524 regni
398 2480 552 2525 insignia
584 2483 696 2516 adhuc
727 2488 888 2527 gestans,
931 2489 968 2516 et
1001 2483 1046 2516 ad
1076 2481 1319 2527 imperatorem
1348 2481 1542 2516 adducitur.
1589 2480 1646 2514 cui
1679 2491 1719 2514 se

264 2525 453 2570 imperator
485 2528 666 2562 admodum
696 2528 854 2563 exhibuit
885 2528 1086 2571 humanum,
1120 2539 1238 2573 regem
1268 2527 1494 2572 Bulgarorum
1525 2525 1719 2571 appellans,

263 2583 451 2616 omnesque
484 2573 642 2618 captivos
668 2575 837 2619 Bulgaros
857 2574 968 2608 libere
991 2585 1059 2618 quo
1082 2573 1231 2619 quisque
1253 2573 1352 2608 abire
1373 2572 1480 2607 vellet
1501 2571 1718 2617 permittens,

264 2628 334 2651 non
365 2617 409 2651 ad
442 2619 652 2663 subigendos
682 2622 745 2655 sed
774 2621 820 2655 ad
849 2619 1049 2654 iiberandos
1080 2619 1251 2664 Bulgaros
1275 2619 1401 2653 bellum
1421 2629 1462 2652 se
1485 2616 1638 2652 movisse
1661 2617 1716 2653 di-

261 2674 367 2705 cens,
390 2662 552 2708 solosque
574 2666 706 2700 Rossos
728 2678 769 2700 se
793 2665 942 2700 hostium
967 2666 1097 2700 habere
1119 2677 1273 2701 numero.

354 2708 497 2742 Interim
529 2711 737 2754 Scytharum
760 2712 986 2746 animosiores
1009 2712 1053 2746 ad
1076 2716 1154 2745 octo
1178 2710 1273 2745 milia
1292 2708 1403 2744 locum
1425 2707 1462 2742 in
1483 2708 1582 2752 regia
1605 2707 1716 2742 muni-

263 2758 333 2789 tum
353 2760 539 2798 occupant,
563 2755 682 2800 ibique
702 2757 911 2802 aliquamdiu
930 2757 1057 2799 latent,
1082 2768 1124 2791 ac
1146 2755 1268 2791 multos
1291 2754 1351 2799 qui
1373 2753 1441 2787 loci
1463 2753 1718 2798 contemplandi

263 2805 325 2834 ant
345 2799 532 2844 spoliorum
556 2813 660 2836 causa
683 2815 725 2836 eo
748 2803 972 2845 accederent,
995 2803 1130 2837 occulte
1152 2805 1310 2847 arreptos
1331 2799 1559 2835 interficiunt.
1605 2799 1716 2845 impe-

264 2851 362 2881 rator
385 2856 424 2880 re
446 2845 586 2890 cognita
607 2848 797 2883 exercitum
820 2848 990 2884 adversus
1010 2859 1071 2882 eos
1091 2847 1209 2883 mittit.
1254 2845 1318 2891 qui
1339 2857 1415 2881 cum
1437 2845 1550 2880 auimo
1572 2845 1716 2890 iangue-
