1916 3210
183 627 206 657 Ρ
231 624 299 661 758

275 1239 306 1274 B

314 168 412 213 550
505 134 508 138 Δ
784 163 1020 208 GEORGn
1048 163 1290 207 CEDRENI

314 283 475 337 τριβῆς·
496 280 701 334 χειροῦται
717 277 795 333 γὰρ
815 275 934 319 αὐτὸν
953 275 1199 332 ἐκπεμφθεὶς
1217 272 1239 317 ὅ
1263 277 1332 328 [τε]
1355 278 1427 318 τοῦ
1441 271 1585 320 στόλου
1604 272 1757 334 κατάρ-

311 365 397 404 χων
423 347 722 395 Κωνσταντῖνος
751 344 958 402 πατρίκιος
985 342 1007 386 ὅ
1031 343 1169 399 Χαγέ,
1203 342 1249 386 τὸ
1281 342 1401 394 ἔθνος
1433 341 1540 387 ἅπαν
1562 347 1643 388 τῶν
1665 345 1757 389 Κυ-

316 416 442 470 πρίων
458 410 801 466 ῧποποιησάμενος
811 443 824 463 ,
851 414 917 454 καὶ
937 413 992 462 εἰς
1011 411 1181 465 βασιλέα
1200 409 1298 466 ἄγει.
1367 410 1546 464 ἀχθέντα
1563 411 1758 467 δὲκθῆλυν

318 481 338 524 ὃ
359 480 547 535 βασιλεῦς
566 478 733 529 ἓνδύσας
754 479 900 534 στολὴν
921 481 988 521 καὶ
1009 480 1049 521 ἐν
1067 483 1124 537 τῷ
1148 479 1295 536 ἱππικῷ
1318 477 1586 535 ἱπποδρομίας
1611 478 1761 536 ἀγομέ-

318 567 389 604 νης
406 545 687 606 θριαμβεύσας
703 549 768 590 καὶ
786 551 864 590 τῶν
881 545 1141 607 ὑπαρχόντων
1157 544 1343 601 ψιλώσας
1363 546 1546 590 ἀπέλυσε.
1696 571 1698 575 >
1769 552 1792 589 ⁵

459 619 524 672 Τῇ
559 616 602 658 δὲ
632 613 666 657 κ’
703 619 776 657 τοῦ
810 616 1088 672 Φεβρουαριόυ
1118 613 1265 670 μηνός,
1307 618 1380 669 τῆς
1417 611 1470 656 ια’
1508 615 1763 674 ἲνδικτιῶνος,
1801 667 1804 670 ¹

320 683 507 727 κατέλυσε
536 680 610 737 τὴν
635 683 737 737 ζωὴν
762 683 932 734 Ἀλέξιος
957 681 978 725 ὃ
1004 681 1273 740 πατριάρχης,
1308 684 1376 724 καὶ
1401 679 1588 738 ἀνάγεται
1614 684 1669 733 εἷς
1693 681 1764 726 τὸν

323 752 447 794 αὐτοῦ
478 750 630 808 θρόνον
662 751 833 805 Μιχαὴλ
867 749 888 793 ὃ
923 749 1230 807 Κηρουλάριος,
1278 750 1380 792 κατὰ
1410 750 1483 804 τὴν
1511 748 1664 808 ἡμέραν
1691 752 1766 794 τοῦ

323 820 630 875 εὖαγγελισμοῦ,
663 819 840 873 μοναχὸς
870 817 926 861 ὢν
956 821 997 869 ἐξ
1023 814 1144 875 οὗπερ
1176 817 1196 861 ὃ
1228 816 1535 876 ὄρφανοτρόφος
1555 817 1677 862 αὐτὸν
1697 817 1767 862 διὰ

321 888 394 942 τὴν
423 886 636 941 ἐπιβουλὴν
663 885 838 944 ἐξώρισε.
905 887 1237 943 προσαγγέλλεται
1263 886 1306 928 δὲ
1331 890 1389 944 τῷ
1408 887 1650 939 βασιλεῖκαὶ
1661 903 1767 944 χρυ-
1778 893 1824 931 1⁰

324 957 410 998 σίον
440 955 885 1011 ἂποτεθησαυρισμένον
914 956 955 998 ἐν
982 959 1033 1012 τῇ
1058 959 1129 997 τοῦ
1154 955 1325 1005 Ἀλεξίου
1352 958 1479 1010 μονῇ,
1511 955 1578 996 καὶ
1603 954 1770 1010 πέμψας

325 1021 650 1077 ἀναλαμβάνεται
680 1028 823 1074 τοῦτο,
859 1024 914 1072 εἲς
946 1021 1179 1080 κεντηνάρια
1210 1020 1456 1075 ποσούμενον
1486 1019 1556 1065 κε’.
1621 1023 1769 1066 Μαΐου

328 1092 371 1134 δὲ
398 1092 606 1147 δευτέρας,
639 1096 711 1145 τῆς
737 1092 860 1145 αὐτῆς
883 1093 1146 1142 ἶνὸικτιῶνος,
1181 1091 1445 1147 ἓκτυφλοῦται
1467 1091 1534 1132 καὶ
1552 1087 1772 1148 ὄόρφανο-

326 1158 479 1215 τρόφος
511 1161 552 1202 ἓν
583 1163 640 1216 τῷ
669 1160 865 1217 λεγομένῳ
894 1160 1030 1217 χωρίῳ
1060 1160 1140 1201 τῶν
1167 1157 1450 1214 Μαρυκάτου,
1485 1155 1541 1208 ὥς
1567 1159 1640 1212 μέν
1671 1175 1773 1208 τινες

333 1228 476 1284 φασίν,
509 1226 586 1269 ὕπὸ
613 1226 828 1283 Θεοδώρας
849 1226 1015 1277 ἄκοντος
1032 1230 1104 1269 τοῦ
1121 1227 1340 1279 βασιλέως,
1375 1224 1430 1276 ὥς
1454 1225 1498 1267 δὲ
1521 1223 1543 1268 ὅ
1567 1229 1647 1268 τῶν
1671 1231 1771 1270 πολ·
1783 1234 1827 1271 15

329 1299 410 1338 λῶν
438 1301 580 1351 κρατεῖ
602 1294 739 1351 λόγος,
768 1296 870 1352 παρ’
900 1295 1025 1338 αὗτοῦ
1047 1293 1190 1337 τούτου
1215 1295 1454 1349 ἒγκοτῶντος
1476 1292 1588 1351 αὐτῷ
1610 1294 1677 1337 διὰ
1695 1295 1776 1344 τὰς

328 1361 567 1419 ὗπερορίας,
602 1365 668 1406 καὶ
697 1367 749 1420 τῇ
779 1362 825 1419 ιγ’
855 1367 928 1405 τοῦ
954 1364 1079 1405 αῧτοῦ
1098 1362 1224 1417 μηνὸς
1240 1360 1500 1415 ἀποθνήσκει.
1561 1361 1713 1422 Ἰουλίῳ
1726 1363 1776 1406 δὲ

329 1432 425 1485 μηνὶ
448 1436 518 1486 τῆς
541 1431 663 1486 αὐτῆς
683 1433 923 1480 ἷνὸικτιῶνος
945 1429 1204 1487 κατηγορήθη
1225 1433 1291 1471 καὶ
1311 1430 1517 1487 Στέφανος
1535 1427 1556 1472 ὅ
1581 1434 1778 1484 σεβαστο-

333 1497 461 1556 φόρος
490 1497 544 1549 ὥς
573 1497 838 1552 ἐπιβουλεύων
860 1502 918 1556 τῷ
937 1502 1099 1552 βασιλεῖ
1117 1500 1181 1540 καὶ
1206 1498 1375 1551 βασιλέα
1396 1495 1638 1551 βουλόμενος
1660 1503 1777 1554 ποιῆ-

334 1583 404 1610 σαι
432 1567 596 1609 Λέοντα
623 1569 828 1623 πατρίκιον
855 1568 921 1608 καὶ
948 1565 1168 1622 στρατηγὸν
1199 1568 1451 1620 Μελιτηνῆς,
1492 1565 1562 1608 τὸν
1589 1566 1677 1608 υἱὸν
1704 1571 1833 1612 wizo

335 1634 549 1691 Λαμπροῦ
563 1648 573 1659 ·
609 1636 676 1676 καὶ
707 1633 727 1677 ὃ
756 1635 828 1689 μὲν
854 1634 1060 1691 Στέφανος
1087 1638 1167 1676 τῶν
1190 1632 1450 1689 ὑπαρχόντων
1467 1635 1693 1688 γυμνωθεὶς
1710 1637 1778 1677 καὶ

336 1703 514 1756 μοναχὸς
539 1702 751 1759 ἇποκαρεὶς
775 1703 999 1758 ἐξωρίσθη,
1035 1699 1055 1744 ὃ
1092 1702 1135 1743 δὲ
1161 1701 1371 1758 Λαμπρὸς
1402 1702 1563 1755 ἀπηνῶς
1594 1702 1781 1754 ἐτασθεὶς

337 1771 404 1812 καὶ
430 1770 503 1820 τὰς
529 1769 644 1824 ὄψεις
671 1772 876 1828 πηρωθεὶς
893 1771 960 1813 καὶ
981 1769 1047 1812 διὰ
1067 1773 1137 1825 τῆς
1156 1769 1306 1827 ἀγορᾶς
1326 1770 1572 1824 πομπευθεὶς
1589 1770 1692 1826 μετὰ
1711 1788 1782 1826 μι-

336 1837 432 1895 κρὸν
452 1838 666 1881 ἀπέθανεν.

429 1923 452 1957 3
476 1919 513 1962 ἐς
535 1922 565 1956 C
703 1921 747 1959 13
771 1919 1056 1968 ἑκτυφλώττεται
1077 1922 1108 1958 C
1245 1920 1290 1958 14
1309 1918 1526 1966 μαρυκάτων
1547 1922 1579 1959 C

339 1990 503 2024 nomacho
525 1990 683 2036 longiore
705 2003 813 2026 mora.
860 2003 937 2025 nam
958 1991 1078 2025 classis
1101 1991 1223 2025 ductor
1243 1990 1490 2025 Constantinus
1513 1990 1650 2036 Chages
1671 1990 1784 2037 patri-

341 2036 415 2069 cius
440 2036 582 2081 Cypriis
606 2037 779 2071 universis
801 2038 952 2071 subactis
977 2048 1051 2071 eum
1076 2037 1189 2081 cepit,
1224 2041 1259 2070 et
1291 2037 1334 2070 ad
1364 2037 1604 2082 imperatorem
1627 2037 1782 2075 adduxit.

341 2082 523 2115 adductum
547 2082 735 2127 imperator
757 2083 845 2116 stola
870 2082 1028 2116 muliebri
1049 2082 1182 2125 induit,
1210 2087 1244 2115 et
1267 2081 1357 2116 ludis
1380 2082 1596 2126 equestribus
1618 2083 1655 2117 in
1679 2083 1783 2118 Circo

341 2127 379 2161 in
400 2127 572 2172 triumpho
597 2128 713 2172 duxit,
740 2128 990 2173 spoliatumque
1011 2128 1083 2162 suis
1106 2127 1326 2162 facultatibus
1348 2127 1492 2162 dimisit.

433 2172 610 2216 Vigesima
643 2174 700 2208 die
734 2174 940 2217 Februarii,
972 2173 1161 2207 indictione
1193 2174 1253 2216 11,
1289 2173 1429 2207 Alexius
1459 2172 1657 2218 patriarcha
1681 2173 1787 2209 rebus

342 2217 505 2252 humanis·
536 2219 683 2254 excedit.
732 2219 766 2253 ei
795 2219 966 2253 sufficitur
995 2219 1052 2253 die
1075 2218 1327 2253 annuntiationi
1350 2219 1439 2253 festo
1459 2218 1652 2257 >Michaelus
1675 2219 1787 2257 Ceru-

342 2263 473 2308 larius,
510 2264 569 2309 qui
601 2265 739 2299 vixerat
770 2265 953 2299 monachus
984 2277 1026 2299 ex
1058 2276 1125 2309 quo
1157 2275 1233 2298 eum
1259 2264 1558 2310 orphanotrophus
1581 2265 1625 2298 ob
1647 2269 1789 2310 paratas

343 2309 489 2343 insidias
511 2309 741 2354 relegaverat.
788 2311 960 2345 indicatur
983 2311 1084 2347 etiam
1106 2310 1306 2354 imperatori
1328 2310 1508 2346 thesaurus
1530 2310 1606 2344 auri
1627 2309 1789 2349 recondi-

345 2360 401 2389 tus
425 2354 461 2388 in
483 2354 597 2389 Alexii
619 2356 812 2399 mansione,
844 2368 944 2400 quem
967 2356 1079 2391 missis
1102 2355 1236 2389 famulis
1259 2355 1414 2400 recepit,
1445 2356 1487 2390 ad
1514 2355 1711 2390 centenaria
1733 2355 1791 2389 vi-

345 2399 435 2444 ginti
459 2402 622 2446 quinque.
670 2402 787 2435 eadem
810 2401 1020 2445 indictione,
1054 2401 1222 2447 postridie
1244 2401 1409 2435 kalendas
1431 2401 1563 2444 Maias,
1587 2400 1676 2435 oculi
1701 2401 1790 2436 effo-

346 2445 487 2480 diuntur
514 2447 791 2493 orphanotropho
816 2448 852 2481 in
875 2447 949 2481 loco
977 2447 1032 2481 cui
1054 2458 1176 2481 nomen
1197 2447 1403 2491 Marycatis.
1451 2447 1510 2481 alii
1533 2446 1570 2480 id
1592 2446 1703 2481 inscio
1725 2447 1792 2480 im·-

347 2496 509 2535 peratore
539 2492 636 2526 aiunt
667 2493 794 2528 factum
827 2494 936 2527 fuisse
964 2493 1061 2535 iussu
1093 2493 1318 2526 Theodorae:
1352 2492 1509 2537 plerique
1540 2503 1657 2526 omnes
1679 2491 1791 2538 ipsius

349 2537 506 2570 monachi
529 2539 689 2572 mandato
703 2564 712 2580 ,
739 2538 773 2573 ei
796 2540 839 2573 ob
863 2538 1106 2583 relegationem
1128 2539 1230 2572 irato.
1274 2545 1429 2573 mortuus
1455 2542 1509 2572 est
1531 2538 1663 2572 decima
1687 2536 1793 2572 tertia

350 2581 408 2615 die
432 2582 583 2616 eiusdem
607 2583 745 2618 mensis.
790 2584 879 2619 Iulio
911 2595 1026 2618 mense
1050 2584 1247 2629 Stephanus
1271 2583 1549 2629 Sebastophorus
1572 2582 1703 2618 delatus
1727 2587 1791 2626 est,

351 2627 442 2670 quod
465 2628 648 2663 insidiatus
671 2634 764 2664 esset
784 2630 984 2675 imperatori
1007 2629 1225 2674 volueritque
1247 2628 1425 2674 imperium
1449 2629 1486 2663 in
1507 2628 1659 2663 Leonem
1681 2627 1794 2674 patri-

353 2671 441 2705 cium
474 2675 664 2708 transferre
687 2680 723 2708 et
745 2675 931 2710 Melitenae
953 2676 1164 2719 praefectum
1189 2675 1399 2709 constituere
1422 2674 1528 2708 filium
1549 2675 1705 2719 Lampri.
1752 2684 1794 2708 ac

354 2717 553 2762 Stephanus
585 2720 722 2764 quidem
753 2721 875 2766 opibus
900 2721 972 2754 suis
995 2721 1155 2755 multatus
1179 2727 1214 2755 et
1236 2721 1455 2755 monasticam
1478 2720 1600 2754 vivere
1621 2719 1735 2757 iussus
1757 2721 1794 2753 et

356 2762 525 2805 relegatus
553 2771 615 2799 est.
663 2766 830 2811 Lamprus
857 2766 1043 2801 crudeliter
1064 2771 1175 2801 tortus
1198 2775 1235 2801 et
1257 2778 1319 2811 per
1341 2767 1450 2800 forum
1470 2765 1612 2801 ludibrii
1635 2775 1736 2801 causa
1756 2763 1794 2798 in

354 2819 476 2853 pompa
500 2809 622 2844 ductus
645 2816 748 2855 atque
772 2812 880 2847 oculis
902 2813 1043 2847 orbatus
1067 2812 1167 2858 paulo
1191 2818 1270 2858 post
1292 2812 1366 2847 vita
1387 2811 1547 2848 excessit.
1579 2844 1582 2849 .
