1916 3210
665 144 1118 192 ANNOTATIONES.
1531 141 1631 188 797

179 270 232 301 ω’·
267 273 317 316 ,pa
342 260 430 304 629
457 269 492 297 v.
519 260 561 301 2·
614 257 699 298 vesu
716 252 792 298 δύο
812 254 972 311 μεροῖν]
1002 256 1235 297 prasinorum
1262 254 1433 296 videlicet
1455 257 1496 295 et
1511 253 1641 297 vem-v

159 317 513 369 mammaeam
535 315 576 354 in
594 314 830 355 Circensibus
845 315 1106 355 certaminibus
1128 313 1430 365 digladiantium.
1475 312 1526 390 de
1547 313 1634 363 qui—-

155 375 230 459 b-u·
243 374 344 471 drigk
359 443 396 471 v
400 373 543 472 610δῖιὶ
549 402 610 476 sic
625 441 665 468 τι
683 398 908 498 φρούριόν]
954 427 1063 480 quale
1089 428 1148 467 sic
1183 406 1341 480 explicat
1366 388 1633 478 Theophanes:

156 485 218 538 ἃς
232 485 426 556 ἐξόρισεν
453 480 581 527 advo&
605 484 662 533 εἷς
686 499 765 538 την
784 483 945 539 Πέτραν
971 500 1016 526 το
1044 480 1249 546 φρούριον
1277 487 1352 538 τῆς
1368 479 1527 532 Ἀσίας,
1562 481 1633 524 καὶ

158 545 244 589 ἐκεῖ
257 539 535 597 ἐτελεύτησε..
557 542 698 584 Crosa.
1636 570 1637 573 ,

269 603 428 656 μᾶὸθ
443 602 562 641 1.·2.
616 611 871 652 percussorem
890 597 1103 638 macedonii
1129 611 1208 638 non
1232 597 1441 638 Ascholium
1465 598 1532 637 sed
1550 596 1634 635 Eu-

159 659 320 702 ebolium
345 657 437 711 lego
435 657 501 698 in
527 655 679 706 Eclogis
708 655 923 704 Theodori,
960 651 1180 707 Εὗχόλιον
1232 661 1275 695 et
1303 668 1372 707 pro
1403 653 1632 707 ἱεροσυλίαν

158 717 300 756 ibidem
326 715 464 755 metius
493 709 745 767 ἱεροσύλους.
800 713 850 752 de
875 711 1174 766 Anastasiopoli,
1210 725 1235 752 a
1261 712 1383 751 Nisibi
1412 712 1544 751 stadiis
1574 713 1631 754 98

159 773 314 823 dissita,
340 771 544 823 Rrocopius
564 770 644 811 loco
662 770 790 811 citato.
846 770 938 820 quid
959 767 1083 824 αἷρεῖα
1106 770 1202 820 sint,
1236 769 1370 808 Suidas
1390 769 1537 808 videtur
1558 769 1630 807 do·-

157 839 266 879 oere,
293 841 378 869 cum
397 831 578 880 ταμιεῖον
599 828 884 878 interpretatum
914 831 954 866 et
974 829 1148 867 Graece
1138 841 1176 867 ιιι
1198 826 1395 866 Pandeetis
1413 838 1483 877 pro
1497 826 1630 865 horreo

158 887 333 940 ponitur..
356 882 540 936 alioquin
557 889 778 939 putassem
763 879 883 924 ω’δεΐα
903 885 1157 933 soribendum,
1186 884 1294 923 odes.
1350 883 1445 921 er..

273 941 330 982 ib.
361 949 397 982 ν’.
425 945 495 984 21.
551 925 812 993 Barbarum]
841 942 941 993 apud
959 941 1208 993 Nicephorum
1227 940 1358 991 legitur
1378 940 1551 988 Barbam,
1575 941 1629 982 16

158 998 231 1044 85.
285 999 467 1050 Euchaita
486 998 574 1038 urbs
593 1003 651 1038 est
668 999 719 1036 ad
738 996 912 1047 Pontum,
939 1002 980 1037 ut
997 1011 1042 1037 ex
1061 998 1298 1050 sequent-ibus
1318 1001 1434 1049 patet.
1462 998 1558 1035 er..

271 1071 310 1111 p.
332 1059 416 1099 631
446 1069 486 1096 v.
517 1057 582 1097 14.
639 1055 849 1095 mansiones
878 1055 927 1094 ad
956 1056 1106 1095 verbum
1127 1056 1222 1104 dixi,
1250 1067 1347 1106 quae
1373 1054 1483 1106 vulgo
1502 1067 1632 1093 mona-

159 1114 275 1155 steria
300 1118 367 1154 aut
395 1113 555 1154 claustra
583 1113 771 1161 dicuntur,
814 1113 914 1151 unde
942 1113 1112 1151 monaehi
1150 1111 1192 1167 ἔγ
1193 1115 1373 1153 uastam.
1431 1112 1562 1151 alicubi
1592 1112 1633 1150 in

76 1170 88 1177 ’
158 1171 326 1223 margine
348 1167 456 1224 μονῆ
476 1174 556 1217 est,
583 1170 715 1221 quod
705 1182 743 1207 m
763 1174 865 1208 textu
882 1166 997 1218 ναὸς,
1026 1169 1217 1222 templum.
1273 1169 1323 1208 de
1340 1170 1479 1208 Studio
1498 1172 1534 1207 et
1554 1169 1632 1208 eius

159 1229 256 1269 aede
273 1229 358 1268 vide
376 1232 417 1267 et
433 1227 598 1266 Suidam.
623 1227 716 1265 Χιιι..
773 1227 823 1266 de
839 1226 984 1266 inclusis
1006 1227 1197 1266 monachis
1214 1226 1298 1266 vide
1315 1227 1600 1266 Balsamonem
1590 1239 1631 1265 ιιι

114 1283 117 1292 ’
159 1297 241 1326 can.
261 1284 314 1327 41
333 1284 560 1328 Trullauum.
614 1283 755 1322 GoAn.

219 1376 222 1379 Δ
273 1355 315 1396 p.
345 1344 431 1384 682
465 1354 499 1380 v.
531 1343 570 1383 8.
640 1341 758 1379 uncis
793 1339 951 1392 gladiis
985 1338 1241 1391 concidisset]
1287 1334 1633 1394 η’γκυλοκόπησεν.

159 1400 262 1453 apud
278 1397 528 1451 Nicephorum
546 1401 617 1448 est,
641 1411 706 1437 eos
725 1398 882 1436 exsectis
900 1397 1033 1448 linguis
1053 1398 1173 1436 adhuc
1191 1397 1347 1446 locutos,
1373 1399 1426 1439 16
1448 1398 1516 1439 36.
1535 1398 1633 1435 Χιι..

159 1456 358 1498 correctius
380 1456 623 1508 interpretor:
672 1453 851 1493 Cabades
878 1462 1012 1492 autem
1038 1455 1232 1506 quosdam
1258 1454 1303 1492 in
1321 1454 1487 1492 Perside
1511 1453 1630 1492 Chri-

158 1514 312 1552 arianos
343 1524 441 1551 cum.
461 1511 615 1552 aculeis
628 1511 862 1557 lacerasset,
888 1511 956 1549 illi
971 1512 1102 1550 nihilo
1119 1512 1245 1548 secius
1260 1511 1519 1562 postmodum
1540 1525 1632 1549 am-

161 1569 424 1613 batumum.-
447 1581 518 1608 vox
543 1569 641 1608 enim
659 1565 795 1610 κόπτω
814 1569 922 1608 alteri
945 1570 982 1607 in
1004 1569 1269 1621 compositione
1291 1570 1419 1608 iuncta
1433 1581 1631 1619 nusquam,

159 1628 355 1668 recentiori
369 1626 537 1666 Graecae
543 1626 750 1665 locutionis
767 1626 896 1675 modo,
926 1627 1150 1673 scissionem,
1178 1627 1246 1664 sed
1266 1627 1419 1665 actionis
1444 1626 1629 1678 repetitae

157 1685 404 1737 frequentiam
422 1683 574 1726 indicat.
630 1683 683 1722 sic
703 1683 947 1735 ρἀδοκοπῶ
966 1684 1124 1722 fustibus
1145 1684 1291 1752 saepips
1309 1684 1438 1732 οεειίο,
1475 1695 1630 1735 σφυρη-

158 1744 279 1783 κοπαΐ
305 1741 437 1781 maneo
462 1741 597 1779 iterum
622 1744 735 1792 atque
764 1741 895 1779 iterum
925 1741 1057 1779 tundo.
1115 1741 1214 1779 unde
1235 1736 1501 1794 ἆγκυλοκοπω
1523 1741 1627 1778 uncis

159 1798 413 1852 scorpionibus
427 1796 563 1835 aculeis
581 1798 741 1836 factam
731 1811 768 1835 ιιι
783 1799 950 1836 cruribus
970 1798 1203 1849 pedibusque
1220 1797 1480 1837 lacerationem
1500 1799 1627 1850 potius

158 1869 271 1908 quam
290 1854 422 1906 gladiis
437 1854 716 1893 conscissionem
734 1855 944 1904 significare
962 1856 1184 1894 censendum
1202 1856 1468 1894 est.G01m.

271 1925 310 1965 p
333 1913 418 1954 636
445 1923 480 1950 v.
513 1912 576 1952 14.
621 1905 883 1966 Ἇκυντιανῇ]
913 1924 959 1950 ex
979 1911 1186 1964 Acyntiano
1213 1925 1394 1952 marmore
1413 1913 1551 1963 flavo,
1581 1924 1628 1951 ex

155 1968 316 2022 Acyntio
332 1971 459 2008 monte
479 1968 528 2006 ad
547 1967 790 2006 Chalcedonis
809 1968 911 2006 littus
933 1968 1067 2009 delato.
1097 1966 1277 2021 λαρνακα
1296 1982 1382 2008 vero
1404 1970 1629 2018 interpretor

158 2039 326 2079 capsam
344 2030 384 2066 et
401 2024 620 2070 tumulum,
656 2037 731 2063 non
756 2025 913 2062 cistam.
974 2026 1238 2064 Constantinus
1266 2027 1304 2064 in
1329 2026 1501 2077 por-phy]
1504 2027 1627 2071 ‘'ellco,

156 2085 198 2124 id
219 2083 426 2134 estrubro,
462 2082 521 2121 hic
546 2082 584 2120 in
599 2081 740 2132 flava,
778 2082 936 2120 Iustinus
962 2083 1001 2121 in
1030 2083 1340 2132 Proeconesiaco,
1377 2085 1416 2122 id
1436 2089 1494 2123 est
1513 2082 1626 2127 albo,

157 2141 335 2183 Tiberius
349 2141 388 2179 in
401 2137 571 2190 prasino
590 2152 771 2178 marmore
789 2140 891 2178 fuere
909 2140 1073 2192 repositi.
1131 2140 1272 2180 GoAn.

250 2199 422 2250 -p.‡657
450 2209 489 2235 v.
518 2198 558 2238 1.
614 2196 879 2236 Λουππικίαν
899 2195 1088 2249 ἔστεψεν]
1128 2197 1287 2236 Iustinus
1314 2209 1466 2236 uxorem
1493 2195 1628 2236 celebri

156 2267 295 2309 pompa
311 2265 508 2293 coronasse
526 2253 664 2306 primus
684 2255 828 2302 legitur.
885 2254 1134 2293 coronationis
1163 2254 1271 2293 ritum
1291 2254 1406 2293 habes
1426 2254 1528 2308 apud
1546 2254 1628 2292 Co-

158 2313 285 2352 dinum
305 2323 338 2351 c.
359 2313 412 2353 17
432 2314 471 2350 et
488 2310 527 2348 in
546 2309 770 2360 Euchologio
789 2314 915 2349 nostro
935 2312 984 2350 ad
1003 2310 1151 2350 calcem.
1208 2312 1346 2350 GoAn.

271 2367 327 2406 ib.
358 2380 393 2407 v.
424 2370 465 2408 2.
525 2365 670 2419 δῆμοι]
707 2380 860 2406 numero
879 2367 1119 2407 multitudinis
1138 2381 1213 2407 non
1231 2368 1408 2421 populum
1427 2367 1625 2416 gregatim,

157 2426 226 2466 sed
247 2425 365 2466 varias
383 2425 511 2477 populi
531 2424 709 2463 factiones
729 2431 930 2476 partesque
951 2425 990 2463 in
1007 2425 1101 2463 ludis
1122 2427 1268 2479 pompis
1289 2424 1531 2464 conventibus
1553 2437 1627 2475 pu-

157 2483 264 2523 blicis
297 2483 368 2522 sibi
396 2483 551 2522 invicem
578 2494 647 2533 pro
678 2482 788 2520 variis
814 2481 994 2522 coloribus
1019 2483 1152 2533 quibus
1180 2496 1222 2523 se
1247 2483 1431 2521 ornabant
1454 2481 1492 2518 in
1524 2481 1626 2518 varia

156 2553 308 2592 quoque
335 2540 458 2578 studia
485 2551 748 2606 nonnunquam
772 2538 952 2579 abeuntes
978 2540 1172 2591 significat.
1230 2541 1279 2580 de
1300 2539 1431 2592 quibus
1457 2536 1623 2576 nonnihil

155 2609 269 2651 supra
290 2600 328 2636 et
343 2597 438 2635 iufra
455 2596 647 2649 copiosius.
705 2595 843 2634 GoAn.

263 2652 320 2692 ib.
350 2666 388 2693 v.
418 2653 484 2694 13.
540 2652 589 2690 de
604 2653 784 2690 interitus
803 2651 976 2704 experte]
1006 2653 1091 2692 vide
1106 2652 1261 2706 Niceph.
1289 2654 1340 2695 18
1371 2648 1439 2695 45·
1469 2650 1565 2691 XU-

271 2724 310 2763 p.
341 2711 425 2753 688
453 2724 486 2749 v·
518 2713 557 2752 6
615 2707 875 2762 ἐδημοκροὶτει
894 2708 938 2751 τὰ
961 2708 1132 2751 Βὲνετον
1151 2709 1293 2763 μέρος]
1322 2710 1393 2748 hoc
1418 2711 1498 2756 est,
1534 2719 1622 2761 pars

157 2767 304 2808 Veneta
321 2780 432 2819 supra
450 2767 608 2818 reliquas
628 2770 703 2806 tres
723 2768 909 2806 eminebat
926 2772 1132 2819 potestate,
1173 2774 1212 2807 et
1229 2767 1419 2806 prasinam
1439 2765 1507 2804 sibi
1525 2778 1623 2804 sem-

156 2838 224 2878 per
240 2823 421 2865 aemulam
438 2826 473 2864 vi
493 2825 630 2878 rapinis
649 2824 806 2864 tumultu
827 2825 1001 2865 caedibus
1024 2825 1257 2866 devastabat.
1315 2824 1492 2865 venetam
1514 2826 1622 2863 vocat
