1890 3236
296 167 397 215 208
766 165 1004 212 GEORGH
1037 166 1280 214 GEDRENI

296 279 446 324 λωσίαν
462 278 533 322 ’καὶ
554 273 743 335 λάφυρα,
788 275 1038 336 ὑπέστρεψεν
1062 278 1204 336 ἀσινὴς
1229 281 1334 338 πρὸς
1361 280 1433 326 τὸν
1457 281 1755 346 ᾳῧτοκράτορα,

294 348 397 405 πρὸς
417 351 475 404 τῷ
487 346 726 402 Ἀτζαρνούκ
744 351 916 405 ποταμῷ
933 347 1009 403 τὴν
1030 349 1294 406 παρεμβολὴν
1313 349 1469 406 ἔχοντα.

423 415 634 457 Ἐντεῦθεν
659 413 765 472 ἄρας
795 412 816 457 ὃ
845 415 1038 470 βασιλεὺς
1065 417 1166 472 μετὰ
1196 417 1347 469 παντὸς
1378 424 1452 462 τοῦ
1476 424 1655 477 στρατοῦ
1675 420 1752 479 τὴν

290 484 355 526 ἐπὶ
387 482 624 536 Μελιτηνὴν
654 481 839 538 ἄγουσαν
869 482 1007 528 ὥδευε.
1075 485 1359 543 προσπελάσας
1384 488 1431 530 δὲ
1454 492 1512 546 τῷ
1536 487 1751 548 Εὐφράτῃ,

289 554 357 593 καὶ
382 550 470 609 ὥρᾳ
492 550 640 607 θέρους
667 553 925 608 πελαγίζοντα
945 557 1089 597 τοῦτον
1114 552 1240 611 εὖρών
1262 556 1330 598 καὶ
1353 559 1558 608 παντελῶς
1583 556 1786 612 &fimens

288 617 530 676 γεφυρώσας
550 618 620 661 τὸν
637 620 820 674 ποταμὸν
840 622 1061 680 διεπέρασε.
1128 625 1195 665 καὶ
1215 623 1344 666 πολλὰ
1366 628 1440 679 τῆς
1460 621 1601 682 χώρας
1618 629 1754 682 λυμη-

288 685 461 741 νάμενος
480 688 549 730 καὶ
571 686 969 746 καταστρεψάμενος,
998 690 1100 733 ἑλῶν
1118 692 1162 734 δὲ
1181 693 1249 734 καὶ
1265 691 1312 735 τὸ
1331 691 1529 750 φρούριον
1549 691 1573 736 ὃ
1590 691 1752 750 Ῥαψά-
1780 682 1783 685 ’

289 773 378 798 κιον
397 756 574 812 λέγεται,
608 757 731 812 μέρος
759 758 804 800 δὲ
831 762 906 801 τοῦ
933 763 1111 816 στρατοῦ
1136 765 1186 818 τῇ
1209 760 1361 815 μεταξὺ
1391 760 1576 819 Ἀρσίνου
1605 778 1649 805 τε
1678 764 1751 806 καὶ

288 822 510 882 Εὐφράτου
524 822 643 884 χώρᾳ
661 825 872 881 ἐκπέμψας
890 829 1163 885 καταδραμεῖν
1179 829 1435 886 προσέταξεν,
1463 829 1510 872 οἳ
1520 833 1655 874 πᾶσαν
1673 829 1751 874 αὖ·

288 892 364 949 τὴν
387 893 546 951 ἀπτέρῳ
573 892 686 948 τάχει
709 893 1001 952 διαδραμόντες
1009 928 1023 948 ,
1057 896 1104 940 τό
1132 914 1175 940 τε
1203 895 1413 954 λεγόμενον
1434 899 1655 956 Καρκίνιον
1678 901 1748 942 καὶ
1759 907 1805 944 10

144 970 176 1007 P
198 969 265 1007 571
289 961 335 1005 τὸ
356 962 554 1017 Γλασχὼν
572 964 639 1005 καὶ
656 962 702 1005 τὸ
714 962 843 1017 ’Ἀμαν
861 965 927 1006 καὶ
945 965 990 1008 τὸ
1012 965 1193 1023 Μουρὴξ
1210 968 1277 1009 καὶ
1297 966 1343 1009 τὸ
1358 965 1539 1022 ’Άβὸηλα
1558 965 1662 1011 εἷλον
1680 969 1749 1012 καὶ

286 1029 579 1087 ἐξεπόρθησαν.
659 1030 782 1082 αὖτός
817 1032 863 1074 δὲ
891 1036 942 1090 τῇ
973 1035 1186 1092 Μελιτηνῇ
1217 1035 1464 1093 προσβαλῶν
1497 1033 1748 1095 εὖανδροῦσῃ

286 1097 377 1143 τότε
402 1100 470 1142 καὶ
498 1096 659 1154 πληθυῖ
672 1099 896 1157 βαρβάρων
918 1102 1169 1161 γεγανωμένῃ
1179 1134 1194 1154 ,
1226 1104 1310 1146 ἐπεὶ
1335 1109 1420 1155 τοῖς
1438 1105 1604 1159 τείχεσιν
1624 1105 1749 1160 ἔπλη-

284 1169 423 1219 σίασε,
456 1168 714 1224 βαρβαρικὰς
738 1167 956 1221 ὑπεδέξατο
988 1169 1203 1229 φάλαγγας
1231 1171 1334 1225 μετὰ
1367 1170 1645 1230 φρυαγμάτων
1677 1175 1745 1216 καὶ

283 1237 532 1292 ἀλαλαγμῶν
558 1236 800 1289 ἀπαντώσας
827 1238 958 1298 αὐτῷ,
994 1237 1056 1289 οἶς
1075 1244 1263 1291 νεανικῶς
1281 1241 1484 1295 συμμίξας
1501 1242 1569 1283 καὶ
1586 1245 1744 1298 πρῶτος
1755 1247 1801 1284 15

282 1310 358 1361 τῆς
382 1303 591 1362 φάλαγγος
610 1304 901 1362 προϊστάμενος
921 1307 1015 1358 τοὺς
1035 1307 1388 1365 ἀντιτεταγμένους
1407 1309 1622 1365 ἐτρέψατο,
1656 1307 1742 1352 εἶθ’

282 1374 322 1416 οἳ
345 1375 478 1416 λοιποὶ
497 1373 593 1424 τοὺς
613 1373 782 1427 ἄλλους,
830 1378 897 1418 καὶ
918 1376 1036 1434 με’χρι
1056 1381 1131 1420 τοῦ
1161 1376 1314 1428 ἄστεως
1342 1377 1599 1434 ἀναιροῦντες
1626 1377 1745 1422 ἐδίω-

282 1460 369 1494 κον,
403 1439 459 1493 ὥς
486 1447 828 1500 καταστρωθῆναι
852 1444 898 1487 τὸ
923 1444 1075 1500 μεταξὺ
1107 1444 1259 1504 ἔδαφος
1289 1447 1357 1489 καὶ
1385 1450 1654 1503 πληρωθῆναι
1678 1463 1744 1490 νε-

282 1515 403 1568 κρῶν,
444 1509 595 1553 ἁλῶναι
617 1512 660 1554 δὲ
680 1514 746 1554 καὶ
770 1514 921 1564 ζῶντας
944 1512 1017 1556 οὔκ
1042 1513 1224 1570 ὀλίγους,
1263 1515 1360 1562 τοὺς
1379 1515 1424 1557 δὲ
1443 1514 1609 1565 λοιποὺς
1626 1514 1743 1570 ἆγεν-

215 1630 217 1633 ,
281 1584 361 1630 νῶς
392 1579 485 1621 εἴσω
515 1585 655 1634 τειχῶν
681 1584 1006 1637 συγκλασθῆναι.
1073 1581 1281 1638 ἐβουλήθη
1301 1583 1376 1637 μὲν
1399 1576 1470 1625 οὖν
1498 1580 1520 1625 ὅ
1546 1583 1798 1637 βασιλεὺςῶο

230 1657 260 1692 Β
283 1645 485 1690 ἑλεπόλεσι
516 1650 583 1689 καὶ
611 1656 811 1703 μηχαναῖς
841 1650 1145 1708 ἀποπειρᾶσθαι
1172 1655 1244 1694 τοῦ
1270 1651 1452 1708 χωρίον’
1491 1649 1548 1701 ὥς
1571 1651 1616 1694 δὲ
1635 1649 1743 1708 ἕῶρα

281 1716 355 1771 τὴν
376 1715 492 1758 πόλιν
511 1716 706 1773 εὔπυργον
729 1720 796 1761 καὶ
816 1717 967 1774 πλήθει
993 1723 1073 1762 τῶν
1097 1719 1176 1761 ἀπὸ
1200 1724 1272 1762 τοῦ
1300 1720 1454 1774 τείχους
1483 1719 1743 1774 ἀμυνομένων

281 1786 526 1843 βρίθουσαν,
560 1783 732 1828 ἐπύθετο
759 1787 804 1829 δὲ
832 1789 900 1829 καὶ
925 1787 1037 1845 παρὰ
1057 1791 1137 1831 τῶν
1160 1785 1395 1843 αὐτομόλων
1412 1787 1620 1845 ἀφθονίαν
1640 1786 1742 1843 ἔχειν

372 1881 395 1916 8
418 1875 480 1915 παὶ
513 1878 583 1926 τὴν
613 1879 750 1925 μεταξὺ
783 1877 936 1926 άρσίνην
964 1881 1028 1918 καὶ
1058 1880 1250 1929 εὔφράτου
1281 1880 1406 1928 χώραν
1436 1880 1517 1921 gun.
1547 1894 1630 1920 κατ.
1662 1880 1742 1918 ἐκέ-

371 1927 474 1960 λευσε
498 1926 528 1960 C
665 1928 688 1961 9
713 1926 767 1973 οἳ]
788 1928 852 1964 καὶ
876 1923 982 1964 οὖτοι
1003 1929 1035 1964 C
1173 1932 1216 1966 11
1239 1927 1374 1975 γλάχον
1398 1929 1430 1964 C
1535 1924 1683 1975 αὔδηλα
1709 1928 1742 1964 C'

374 1973 419 2007 12
440 1972 640 2017 μελιτηνῶν
663 1973 694 2008 C

281 2051 432 2098 captivis
458 2052 616 2087 abductis
647 2055 683 2087 et
714 2056 839 2099 parata
870 2053 1017 2090 maxima
1040 2054 1192 2101 praeda,
1225 2053 1407 2089 incolumis
1428 2053 1474 2090 ad
1495 2052 1741 2102 imperatorem

281 2099 399 2142 rediit,
423 2099 483 2144 qui
502 2104 585 2133 tunc
609 2099 653 2133 ad
675 2099 802 2134 flumen
827 2099 1056 2135 Atzarnucum
1080 2106 1193 2135 castra
1216 2100 1381 2135 babebat.

372 2145 458 2179 Inde
482 2144 631 2179 Basilius
655 2157 729 2180 cum
756 2145 912 2181 omnibus
938 2158 978 2181 co
1004 2147 1048 2180 iis
1070 2158 1194 2182 versus
1214 2145 1415 2181 Melitenam
1438 2144 1568 2188 movit3
1591 2156 1668 2180 cum
1693 2156 1739 2181 ue

280 2191 325 2225 ad
345 2189 562 2236 Euphratem
585 2191 825 2236 pervenisset,
860 2197 943 2227 tunc
973 2159 1002 2237 F
998 2197 1073 2227 erat
1105 2192 1194 2227 enim
1218 2191 1357 2236 aestas)
1380 2195 1598 2236 stagnantem
1620 2196 1658 2226 et
1695 2202 1739 2226 n-

280 2237 374 2270 vium
399 2237 555 2280 omnino,
580 2248 656 2271 eum
677 2242 783 2283 ponte
802 2243 1010 2273 constratum
1033 2238 1213 2281 transivit,
1239 2248 1463 2283 magnamque
1486 2236 1560 2272 eius
1582 2236 1739 2282 regionis

280 2287 414 2327 partem
436 2283 609 2327 vastavit,
644 2288 747 2328 capto
778 2283 882 2318 etiam
903 2285 957 2319 Ra
982 2285 1076 2319 sacio
1099 2283 1255 2320 castello.
1298 2283 1384 2318 inde
1403 2286 1537 2328 partem
1561 2283 1739 2318 exercitus

277 2328 386 2363 mittit
406 2340 496 2374 quae
516 2329 609 2363 inter
631 2328 791 2364 Arsinem
815 2334 850 2365 et
878 2330 959 2376 Eup
986 2336 1093 2366 ratem
1115 2331 1184 2366 sita
1210 2329 1459 2376 popularetur3
1496 2328 1557 2375 qui
1579 2339 1655 2365 eam
1677 2339 1739 2363 re·-

276 2373 413 2418 gionem
444 2374 643 2409 incredibili
674 2375 851 2411 celeritate
882 2377 1066 2422 pervagati
1098 2375 1295 2412 Can-oinium
1319 2374 1552 2410 Glascbonem
1572 2373 1738 2408 Amanem

276 2418 453 2454 Murecem
478 2424 515 2455 et
537 2420 671 2455 Abdela
693 2421 909 2458 exciderunt.
964 2434 1069 2469 porro
1092 2423 1291 2458 Melitenam
1313 2421 1511 2466 ingressus,
1542 2431 1632 2465 quae
1653 2425 1738 2455 tune

276 2465 501 2500 barbarorum
524 2466 664 2501 sortium
688 2467 789 2513 copia
811 2468 981 2513 florebat,
1005 2474 1044 2504 ut
1067 2468 1361 2515 appropinquavit
1383 2466 1510 2511 muris,
1532 2465 1737 2500 barbaricas

277 2512 440 2545 cohortes
473 2512 594 2546 habuit
628 2513 772 2558 obvias,
807 2514 975 2549 ferociter
997 2522 1035 2549 et
1058 2515 1193 2549 sublato
1226 2525 1301 2548 cum
1334 2513 1484 2548 clamore
1515 2510 1735 2547 incedentes·

278 2567 355 2590 cum
376 2557 502 2601 quibus
526 2558 690 2593 audacter
715 2571 943 2605 congressus,
967 2561 1045 2606 ipse
1067 2560 1104 2595 in
1127 2560 1238 2606 prima
1259 2558 1335 2594 acie
1356 2557 1583 2600 constitutus,
1617 2555 1736 2590 hostes

276 2602 430 2648 repulit3
465 2603 626 2648 idemque
657 2615 678 2639 a
708 2605 853 2651 reliquis
886 2607 1034 2651 factum,
1069 2612 1106 2641 et
1131 2605 1271 2641 barbari
1293 2605 1337 2639 ad
1361 2604 1480 2638 urbem
1502 2613 1613 2647 usque
1639 2601 1736 2636 caesi

278 2653 383 2693 atque
406 2648 580 2694 fugientes
601 2650 682 2694 acti,
708 2651 759 2686 ita
780 2657 819 2686 ut
842 2651 950 2686 solum
974 2652 1067 2698 quod
1084 2651 1269 2687 interiacet
1291 2648 1517 2685 cadaveribus
1539 2647 1650 2683 fuerit
1667 2659 1735 2692 op-

278 2693 429 2740 pletum,
464 2694 629 2739 multique
661 2696 735 2731 vivi
766 2698 802 2732 in
833 2703 1042 2742 potestatem
1074 2699 1305 2733 Romanorum
1334 2694 1516 2738 venerint,
1549 2698 1586 2728 et
1607 2692 1735 2738 reliqui

280 2741 430 2786 turpiter
461 2752 540 2775 sese
573 2743 751 2778 moenibus
786 2743 987 2778 clauserint.
1045 2744 1168 2778 statuit
1201 2753 1284 2787 ergo
1317 2741 1468 2776 Basilius
1504 2750 1581 2774 eam
1614 2739 1734 2774 urbem

278 2786 446 2821 machinis
471 2786 637 2821 adhibitis
665 2799 880 2834 oppugnare.
927 2790 990 2824 sed
1023 2801 1098 2824 cum
1129 2793 1166 2824 et
1194 2787 1348 2823 turribus
1371 2785 1535 2821 munitam
1559 2796 1633 2820 eam
1656 2796 1734 2819 cer-

277 2836 379 2868 neret
401 2837 437 2869 et
458 2834 777 2879 propugnatoribus
800 2835 989 2881 abundare,
1023 2840 1128 2882 atque
1151 2846 1172 2870 e
1197 2833 1352 2881 perfugis
1377 2835 1604 2879 cognosceret
1625 2830 1735 2879 maxi-
