<?xml version="1.0" encoding="UTF-8"?>
<!DOCTYPE html PUBLIC "-//W3C//DTD XHTML 1.0 Transitional//EN"
    "http://www.w3.org/TR/xhtml1/DTD/xhtml1-transitional.dtd">
<html xmlns="http://www.w3.org/1999/xhtml" xml:lang="en" lang="en">
 <head>
  <title>
</title>
<meta http-equiv="Content-Type" content="text/html;charset=utf-8" />
  <meta name='ocr-system' content='tesseract 3.04.00' />
  <meta name='ocr-capabilities' content='ocr_page ocr_carea ocr_par ocr_line ocrx_word'/>
</head>
<body>
  <div class='ocr_page' id='page_1' title='image "./corpusscriptorum14niebuoft/corpusscriptorum14niebuoft_0905.png"; bbox 0 0 1916 3210; ppageno 0'>
   <div class='ocr_carea' id='block_1_1' title="bbox 0 0 127 763">
    <p class='ocr_par' dir='ltr' id='par_1_1' title="bbox 0 0 127 763">
     <span class='ocr_line' id='line_1_1' title="bbox 0 0 127 763; baseline 0 2447"><span class='ocrx_word' id='word_1_1' title='bbox 0 0 127 763; x_wconf 95' lang='lat' dir='ltr'><em> </em></span> 
     </span>
    </p>
   </div>
   <div class='ocr_carea' id='block_1_2' title="bbox 743 157 1655 204">
    <p class='ocr_par' dir='ltr' id='par_1_2' title="bbox 743 157 1655 204">
     <span class='ocr_line' id='line_1_2' title="bbox 743 157 1655 204; baseline 0.002 -2"><span class='ocrx_word' id='word_1_2' title='bbox 743 157 920 202; x_wconf 86' lang='lat' dir='ltr'>GLOSS</span> <span class='ocrx_word' id='word_1_3' title='bbox 923 158 1113 202; x_wconf 74' lang='lat' dir='ltr'><em>ARIUM.</em></span> <span class='ocrx_word' id='word_1_4' title='bbox 1558 159 1655 204; x_wconf 87' lang='grc'><em>895</em></span> 
     </span>
    </p>
   </div>
   <div class='ocr_carea' id='block_1_3' title="bbox 157 262 1658 2879">
    <p class='ocr_par' dir='ltr' id='par_1_3' title="bbox 183 262 1658 1116">
     <span class='ocr_line' id='line_1_3' title="bbox 193 262 1655 340; baseline 0 -30"><span class='ocrx_word' id='word_1_5' title='bbox 193 271 324 337; x_wconf 51' lang='lat' dir='ltr'><em>nubsit</em></span> <span class='ocrx_word' id='word_1_6' title='bbox 342 262 530 321; x_wconf 78' lang='grc' dir='ltr'><strong><em>ἕτέταχτο.</em></strong></span> <span class='ocrx_word' id='word_1_7' title='bbox 587 267 816 338; x_wconf 87' lang='lat' dir='ltr'><em>Nicephorus</em></span> <span class='ocrx_word' id='word_1_8' title='bbox 845 272 941 321; x_wconf 87' lang='lat' dir='ltr'><em>patr.</em></span> <span class='ocrx_word' id='word_1_9' title='bbox 974 268 1014 308; x_wconf 87' lang='lat' dir='ltr'><em>in</em></span> <span class='ocrx_word' id='word_1_10' title='bbox 1048 269 1233 308; x_wconf 87' lang='lat' dir='ltr'><em>Breviario</em></span> <span class='ocrx_word' id='word_1_11' title='bbox 1260 269 1464 309; x_wconf 85' lang='lat' dir='ltr'><em>Historico:</em></span> <span class='ocrx_word' id='word_1_12' title='bbox 1508 264 1655 340; x_wconf 80' lang='grc' dir='ltr'><strong><em>α’ναγο-</em></strong></span> 
     </span>
     <span class='ocr_line' id='line_1_4' title="bbox 184 320 1656 394; baseline 0 -26"><span class='ocrx_word' id='word_1_13' title='bbox 184 321 386 381; x_wconf 32' lang='lat' dir='ltr'><em>,ost-imm</em></span> <span class='ocrx_word' id='word_1_14' title='bbox 405 325 462 374; x_wconf 83' lang='grc' dir='ltr'><strong><em>εἰς</em></strong></span> <span class='ocrx_word' id='word_1_15' title='bbox 480 323 643 378; x_wconf 77' lang='grc' dir='ltr'><strong><em>βασιλέα</em></strong></span> <span class='ocrx_word' id='word_1_16' title='bbox 663 320 866 394; x_wconf 78' lang='grc' dir='ltr'><strong><em>Ἀρτέμιον</em></strong></span> <span class='ocrx_word' id='word_1_17' title='bbox 888 327 1134 366; x_wconf 85' lang='grc' dir='ltr'><strong><em>Φιλιππικοῦ</em></strong></span> <span class='ocrx_word' id='word_1_18' title='bbox 1151 323 1443 381; x_wconf 78' lang='grc' dir='ltr'><strong><em>γραμματέα,</em></strong></span> <span class='ocrx_word' id='word_1_19' title='bbox 1429 341 1478 368; x_wconf 90' lang='grc' dir='ltr'><em>ον</em></span> <span class='ocrx_word' id='word_1_20' title='bbox 1495 329 1548 383; x_wconf 74' lang='grc' dir='ltr'><strong><em>τῇ</em></strong></span> <span class='ocrx_word' id='word_1_21' title='bbox 1564 322 1656 368; x_wconf 83' lang='grc' dir='ltr'><strong><em>Ἰτα-</em></strong></span> 
     </span>
     <span class='ocr_line' id='line_1_5' title="bbox 192 377 1656 451; baseline 0.001 -28"><span class='ocrx_word' id='word_1_22' title='bbox 192 384 276 427; x_wconf 67' lang='lat' dir='ltr'><em>ww</em></span> <span class='ocrx_word' id='word_1_23' title='bbox 296 383 419 438; x_wconf 79' lang='grc' dir='ltr'><strong><em>φωνῇ</em></strong></span> <span class='ocrx_word' id='word_1_24' title='bbox 437 383 630 423; x_wconf 81' lang='grc' dir='ltr'><strong><em>καλοῦσιν</em></strong></span> <span class='ocrx_word' id='word_1_25' title='bbox 641 377 890 451; x_wconf 78' lang='grc' dir='ltr'><strong><em>ασηκρήτης.</em></strong></span> <span class='ocrx_word' id='word_1_26' title='bbox 937 383 1048 421; x_wconf 84' lang='lat' dir='ltr'><em>Sexta</em></span> <span class='ocrx_word' id='word_1_27' title='bbox 1068 384 1460 436; x_wconf 74' lang='lat' dir='ltr'><em>Synod.c1›.act.2:</em></span> <span class='ocrx_word' id='word_1_28' title='bbox 1490 385 1656 432; x_wconf 80' lang='grc' dir='ltr'><strong><em>Παῦλος</em></strong></span> 
     </span>
     <span class='ocr_line' id='line_1_6' title="bbox 192 434 1657 509; baseline -0.001 -29"><span class='ocrx_word' id='word_1_29' title='bbox 192 436 605 494; x_wconf 79' lang='grc' dir='ltr'><strong><em>μεγαλοπρεπέστατος</em></strong></span> <span class='ocrx_word' id='word_1_30' title='bbox 625 434 856 492; x_wconf 74' lang='grc' dir='ltr'><strong><em>ἆσηκρήτης</em></strong></span> <span class='ocrx_word' id='word_1_31' title='bbox 876 435 1126 509; x_wconf 78' lang='grc' dir='ltr'><strong><em>σεκρετοὶριος</em></strong></span> <span class='ocrx_word' id='word_1_32' title='bbox 1145 435 1346 492; x_wconf 77' lang='grc' dir='ltr'><strong><em>βασιλικὸς</em></strong></span> <span class='ocrx_word' id='word_1_33' title='bbox 1365 436 1464 481; x_wconf 84' lang='grc' dir='ltr'><strong>εἷπε.</strong></span> <span class='ocrx_word' id='word_1_34' title='bbox 1522 446 1562 480; x_wconf 89' lang='lat' dir='ltr'><em>et</em></span> <span class='ocrx_word' id='word_1_35' title='bbox 1582 447 1657 484; x_wconf 83' lang='lat' dir='ltr'><em>act.</em></span> 
     </span>
     <span class='ocr_line' id='line_1_7' title="bbox 192 492 1656 565; baseline 0 -27"><span class='ocrx_word' id='word_1_36' title='bbox 192 495 239 538; x_wconf 82' lang='lat'><em>4:</em></span> <span class='ocrx_word' id='word_1_37' title='bbox 281 493 501 550; x_wconf 79' lang='grc' dir='ltr'><strong><em>Διογένους</em></strong></span> <span class='ocrx_word' id='word_1_38' title='bbox 519 497 596 536; x_wconf 75' lang='grc' dir='ltr'><strong><em>τοῦ</em></strong></span> <span class='ocrx_word' id='word_1_39' title='bbox 612 493 1027 548; x_wconf 71' lang='grc' dir='ltr'><strong><em>μεγαλοπρεπεστάτου</em></strong></span> <span class='ocrx_word' id='word_1_40' title='bbox 1048 492 1248 547; x_wconf 77' lang='grc' dir='ltr'><strong><em>ασεκρέτις</em></strong></span> <span class='ocrx_word' id='word_1_41' title='bbox 1267 497 1520 565; x_wconf 79' lang='grc' dir='ltr'><strong><em>σεκρεταρίου</em></strong></span> <span class='ocrx_word' id='word_1_42' title='bbox 1540 498 1656 550; x_wconf 86' lang='grc' dir='ltr'><strong><em>βασι-</em></strong></span> 
     </span>
     <span class='ocr_line' id='line_1_8' title="bbox 191 548 1656 620; baseline 0 -26"><span class='ocrx_word' id='word_1_43' title='bbox 191 554 322 595; x_wconf 78' lang='grc' dir='ltr'><strong><em>λικοῦ.</em></strong></span> <span class='ocrx_word' id='word_1_44' title='bbox 377 552 520 602; x_wconf 87' lang='lat' dir='ltr'><em>Synod</em></span> <span class='ocrx_word' id='word_1_45' title='bbox 553 551 636 590; x_wconf 87' lang='lat' dir='ltr'><em>Nic.</em></span> <span class='ocrx_word' id='word_1_46' title='bbox 657 553 684 592; x_wconf 99' lang='grc'>2</span> <span class='ocrx_word' id='word_1_47' title='bbox 715 557 787 590; x_wconf 89' lang='lat' dir='ltr'><em>act.</em></span> <span class='ocrx_word' id='word_1_48' title='bbox 809 557 854 596; x_wconf 80' lang='lat'><em>2:</em></span> <span class='ocrx_word' id='word_1_49' title='bbox 900 549 1102 604; x_wconf 74' lang='grc' dir='ltr'><strong><em>βασιλικὸς</em></strong></span> <span class='ocrx_word' id='word_1_50' title='bbox 1131 548 1367 606; x_wconf 84' lang='grc' dir='ltr'><strong><em>ασηκρήτης.</em></strong></span> <span class='ocrx_word' id='word_1_51' title='bbox 1424 553 1656 620; x_wconf 78' lang='lat' dir='ltr'><em>Nicephorus</em></span> 
     </span>
     <span class='ocr_line' id='line_1_9' title="bbox 192 608 1658 663; baseline -0.001 -14"><span class='ocrx_word' id='word_1_52' title='bbox 192 610 410 663; x_wconf 81' lang='lat' dir='ltr'><em>Cpolitanus</em></span> <span class='ocrx_word' id='word_1_53' title='bbox 426 608 586 661; x_wconf 76' lang='lat' dir='ltr'><strong>archiep.</strong></span> <span class='ocrx_word' id='word_1_54' title='bbox 610 609 719 660; x_wconf 87' lang='lat' dir='ltr'><em>epist.</em></span> <span class='ocrx_word' id='word_1_55' title='bbox 740 611 788 647; x_wconf 86' lang='lat' dir='ltr'><em>ad</em></span> <span class='ocrx_word' id='word_1_56' title='bbox 805 608 970 648; x_wconf 81' lang='lat' dir='ltr'><strong>Leonem</strong></span> <span class='ocrx_word' id='word_1_57' title='bbox 989 608 1074 647; x_wconf 86' lang='lat' dir='ltr'><em>PP:</em></span> <span class='ocrx_word' id='word_1_58' title='bbox 1106 623 1198 647; x_wconf 84' lang='lat' dir='ltr'><em>cum</em></span> <span class='ocrx_word' id='word_1_59' title='bbox 1222 612 1349 662; x_wconf 81' lang='lat' dir='ltr'><em>igitur</em></span> <span class='ocrx_word' id='word_1_60' title='bbox 1365 617 1535 648; x_wconf 84' lang='lat' dir='ltr'><em>aetatem</em></span> <span class='ocrx_word' id='word_1_61' title='bbox 1558 612 1658 649; x_wconf 68' lang='lat' dir='ltr'><em>viri-</em></span> 
     </span>
     <span class='ocr_line' id='line_1_10' title="bbox 191 665 1656 719; baseline 0.001 -15"><span class='ocrx_word' id='word_1_62' title='bbox 191 665 270 704; x_wconf 84' lang='lat' dir='ltr'><em>lem</em></span> <span class='ocrx_word' id='word_1_63' title='bbox 294 665 518 716; x_wconf 79' lang='lat' dir='ltr'><em>attigissem</em></span> <span class='ocrx_word' id='word_1_64' title='bbox 547 671 587 702; x_wconf 83' lang='lat' dir='ltr'><em>et</em></span> <span class='ocrx_word' id='word_1_65' title='bbox 614 665 684 702; x_wconf 74' lang='lat' dir='ltr'><em>im</em></span> <span class='ocrx_word' id='word_1_66' title='bbox 676 665 826 702; x_wconf 78' lang='lat' dir='ltr'><em>enilem</em></span> <span class='ocrx_word' id='word_1_67' title='bbox 850 667 1142 716; x_wconf 73' lang='lat' dir='ltr'><em>praetaeiissem</em></span> <span class='ocrx_word' id='word_1_68' title='bbox 1172 668 1217 704; x_wconf 84' lang='lat' dir='ltr'><em>in</em></span> <span class='ocrx_word' id='word_1_69' title='bbox 1241 666 1446 719; x_wconf 77' lang='lat' dir='ltr'><em>regalibus</em></span> <span class='ocrx_word' id='word_1_70' title='bbox 1475 675 1656 706; x_wconf 70' lang='lat' dir='ltr'><em>versatus</em></span> 
     </span>
     <span class='ocr_line' id='line_1_11' title="bbox 189 720 1656 776; baseline 0.001 -15"><span class='ocrx_word' id='word_1_71' title='bbox 189 723 324 768; x_wconf 50' lang='lat' dir='ltr'><em>atrita,</em></span> <span class='ocrx_word' id='word_1_72' title='bbox 347 720 534 760; x_wconf 84' lang='lat' dir='ltr'><em>militiam</em></span> <span class='ocrx_word' id='word_1_73' title='bbox 554 721 762 774; x_wconf 83' lang='lat' dir='ltr'><em>quandam</em></span> <span class='ocrx_word' id='word_1_74' title='bbox 781 721 1029 769; x_wconf 40' lang='lat' dir='ltr'><em>exercebam.</em></span> <span class='ocrx_word' id='word_1_75' title='bbox 1053 730 1090 760; x_wconf 82' lang='lat' dir='ltr'><em>et</em></span> <span class='ocrx_word' id='word_1_76' title='bbox 1107 724 1240 774; x_wconf 80' lang='lat' dir='ltr'><em>ipsam</em></span> <span class='ocrx_word' id='word_1_77' title='bbox 1261 738 1341 762; x_wconf 87' lang='lat' dir='ltr'><em>non</em></span> <span class='ocrx_word' id='word_1_78' title='bbox 1363 723 1514 776; x_wconf 78' lang='lat' dir='ltr'><em>absque</em></span> <span class='ocrx_word' id='word_1_79' title='bbox 1535 738 1656 775; x_wconf 82' lang='lat' dir='ltr'><em>opera</em></span> 
     </span>
     <span class='ocr_line' id='line_1_12' title="bbox 188 778 1656 830; baseline 0.001 -12"><span class='ocrx_word' id='word_1_80' title='bbox 188 793 241 818; x_wconf 83' lang='lat' dir='ltr'><em>ac</em></span> <span class='ocrx_word' id='word_1_81' title='bbox 258 779 457 830; x_wconf 44' lang='lat' dir='ltr'><em>remissa,</em></span> <span class='ocrx_word' id='word_1_82' title='bbox 474 778 546 815; x_wconf 80' lang='lat' dir='ltr'><em>sed</em></span> <span class='ocrx_word' id='word_1_83' title='bbox 566 791 669 830; x_wconf 85' lang='lat' dir='ltr'><em>quae</em></span> <span class='ocrx_word' id='word_1_84' title='bbox 689 792 768 830; x_wconf 80' lang='lat' dir='ltr'><em>per</em></span> <span class='ocrx_word' id='word_1_85' title='bbox 795 793 941 816; x_wconf 80' lang='lat' dir='ltr'><em>manus</em></span> <span class='ocrx_word' id='word_1_86' title='bbox 968 787 1005 816; x_wconf 86' lang='lat' dir='ltr'><em>et</em></span> <span class='ocrx_word' id='word_1_87' title='bbox 1033 779 1210 818; x_wconf 72' lang='lat' dir='ltr'><em>calamos</em></span> <span class='ocrx_word' id='word_1_88' title='bbox 1236 781 1452 819; x_wconf 79' lang='lat' dir='ltr'><em>exhibetur.</em></span> <span class='ocrx_word' id='word_1_89' title='bbox 1513 784 1656 819; x_wconf 80' lang='lat' dir='ltr'><em>etenim</em></span> 
     </span>
     <span class='ocr_line' id='line_1_13' title="bbox 189 834 1655 888; baseline 0.001 -14"><span class='ocrx_word' id='word_1_90' title='bbox 189 834 464 888; x_wconf 69' lang='lat' dir='ltr'><em>imperialibus</em></span> <span class='ocrx_word' id='word_1_91' title='bbox 490 836 700 872; x_wconf 81' lang='lat' dir='ltr'><em>intereram</em></span> <span class='ocrx_word' id='word_1_92' title='bbox 728 835 997 886; x_wconf 71' lang='lat' dir='ltr'><em>scriptoribus.</em></span> <span class='ocrx_word' id='word_1_93' title='bbox 1055 839 1238 876; x_wconf 76' lang='lat' dir='ltr'><em>asecreti-s·</em></span> <span class='ocrx_word' id='word_1_94' title='bbox 1265 852 1328 876; x_wconf 80' lang='lat' dir='ltr'><em>eos</em></span> <span class='ocrx_word' id='word_1_95' title='bbox 1358 851 1500 875; x_wconf 62' lang='lat' dir='ltr'><em>vocare</em></span> <span class='ocrx_word' id='word_1_96' title='bbox 1530 839 1655 884; x_wconf 80' lang='lat' dir='ltr'><em>soliti,</em></span> 
     </span>
     <span class='ocr_line' id='line_1_14' title="bbox 189 891 1652 947; baseline 0.002 -15"><span class='ocrx_word' id='word_1_97' title='bbox 189 894 366 933; x_wconf 82' lang='lat' dir='ltr'><em>Latinae</em></span> <span class='ocrx_word' id='word_1_98' title='bbox 387 891 553 944; x_wconf 79' lang='lat' dir='ltr'><em>linguae</em></span> <span class='ocrx_word' id='word_1_99' title='bbox 573 893 722 929; x_wconf 78' lang='lat' dir='ltr'><em>scimus</em></span> <span class='ocrx_word' id='word_1_100' title='bbox 742 906 822 930; x_wconf 80' lang='lat' dir='ltr'><em>esse</em></span> <span class='ocrx_word' id='word_1_101' title='bbox 839 893 1062 930; x_wconf 70' lang='lat' dir='ltr'><em>dictionem.</em></span> <span class='ocrx_word' id='word_1_102' title='bbox 1121 893 1364 947; x_wconf 88' lang='lat' dir='ltr'><em>Landulphus</em></span> <span class='ocrx_word' id='word_1_103' title='bbox 1386 896 1508 945; x_wconf 84' lang='lat' dir='ltr'><em>Sagax</em></span> <span class='ocrx_word' id='word_1_104' title='bbox 1529 895 1652 935; x_wconf 83' lang='lat' dir='ltr'><em>l.17:</em></span> 
     </span>
     <span class='ocr_line' id='line_1_15' title="bbox 189 949 1652 1004; baseline 0.001 -15"><span class='ocrx_word' id='word_1_105' title='bbox 189 950 330 1002; x_wconf 77' lang='lat' dir='ltr'><em>dirigit</em></span> <span class='ocrx_word' id='word_1_106' title='bbox 345 950 473 1001; x_wconf 77' lang='lat' dir='ltr'><em>igitur</em></span> <span class='ocrx_word' id='word_1_107' title='bbox 494 949 655 986; x_wconf 70' lang='lat' dir='ltr'><em>Phanas</em></span> <span class='ocrx_word' id='word_1_108' title='bbox 687 949 932 987; x_wconf 77' lang='lat' dir='ltr'><em>Theodorum</em></span> <span class='ocrx_word' id='word_1_109' title='bbox 958 951 1152 988; x_wconf 71' lang='lat' dir='ltr'><em>aseeretis.</em></span> <span class='ocrx_word' id='word_1_110' title='bbox 1213 953 1351 1003; x_wconf 88' lang='lat' dir='ltr'><em>primus</em></span> <span class='ocrx_word' id='word_1_111' title='bbox 1377 952 1514 990; x_wconf 77' lang='lat' dir='ltr'><em>ordinis</em></span> <span class='ocrx_word' id='word_1_112' title='bbox 1544 967 1652 1004; x_wconf 83' lang='grc' dir='ltr'><strong><em>πρω-</em></strong></span> 
     </span>
     <span class='ocr_line' id='line_1_16' title="bbox 183 1006 1652 1074; baseline 0 -26"><span class='ocrx_word' id='word_1_113' title='bbox 183 1019 488 1074; x_wconf 41' lang='grc' dir='ltr'><strong><em>,τοασηκρητηῂ</em></strong></span> <span class='ocrx_word' id='word_1_114' title='bbox 524 1007 685 1057; x_wconf 71' lang='lat' dir='ltr'><em>primus</em></span> <span class='ocrx_word' id='word_1_115' title='bbox 712 1020 740 1043; x_wconf 86' lang='lat' dir='ltr'><strong><em>a</em></strong></span> <span class='ocrx_word' id='word_1_116' title='bbox 765 1008 921 1044; x_wconf 74' lang='lat' dir='ltr'><em>secretis</em></span> <span class='ocrx_word' id='word_1_117' title='bbox 946 1006 1142 1046; x_wconf 81' lang='lat' dir='ltr'><em>Anastasio</em></span> <span class='ocrx_word' id='word_1_118' title='bbox 1171 1008 1258 1050; x_wconf 81' lang='lat' dir='ltr'><em>bibl.</em></span> <span class='ocrx_word' id='word_1_119' title='bbox 1283 1022 1319 1050; x_wconf 85' lang='lat' dir='ltr'><em>v.</em></span> <span class='ocrx_word' id='word_1_120' title='bbox 1347 1010 1385 1048; x_wconf 88' lang='lat' dir='ltr'><em>in</em></span> <span class='ocrx_word' id='word_1_121' title='bbox 1415 1021 1652 1061; x_wconf 79' lang='grc' dir='ltr'><strong><em>πρωτοαση-</em></strong></span> 
     </span>
     <span class='ocr_line' id='line_1_17' title="bbox 265 1077 350 1116; baseline -0.056 0"><span class='ocrx_word' id='word_1_122' title='bbox 265 1077 350 1116; x_wconf 62' lang='lat'><em>‘²19-</em></span> 
     </span>
    </p>

    <p class='ocr_par' dir='ltr' id='par_1_4' title="bbox 186 1079 1651 1459">
     <span class='ocr_line' id='line_1_18' title="bbox 186 1079 1649 1173; baseline -0.001 -12"><span class='ocrx_word' id='word_1_123' title='bbox 186 1079 264 1119; x_wconf 62' lang='grc' dir='ltr'><em>κρη</em></span> <span class='ocrx_word' id='word_1_124' title='bbox 303 1117 502 1172; x_wconf 80' lang='grc' dir='ltr'><strong><em>ασημον</em></strong></span> <span class='ocrx_word' id='word_1_125' title='bbox 541 1123 735 1171; x_wconf 83' lang='lat' dir='ltr'><em>argentum</em></span> <span class='ocrx_word' id='word_1_126' title='bbox 767 1121 877 1159; x_wconf 87' lang='lat' dir='ltr'><em>etiam</em></span> <span class='ocrx_word' id='word_1_127' title='bbox 911 1121 1109 1171; x_wconf 81' lang='lat' dir='ltr'><em>signatum.</em></span> <span class='ocrx_word' id='word_1_128' title='bbox 1167 1121 1348 1173; x_wconf 80' lang='lat' dir='ltr'><em>Georgius</em></span> <span class='ocrx_word' id='word_1_129' title='bbox 1381 1119 1649 1161; x_wconf 79' lang='lat' dir='ltr'><em>Alexandrinus</em></span> 
     </span>
     <span class='ocr_line' id='line_1_19' title="bbox 189 1174 1650 1230; baseline 0 -12"><span class='ocrx_word' id='word_1_130' title='bbox 189 1179 230 1218; x_wconf 82' lang='lat' dir='ltr'><em>in</em></span> <span class='ocrx_word' id='word_1_131' title='bbox 250 1178 330 1217; x_wconf 80' lang='lat' dir='ltr'><em>vita</em></span> <span class='ocrx_word' id='word_1_132' title='bbox 348 1177 396 1216; x_wconf 89' lang='grc' dir='ltr'><em>Β.</em></span> <span class='ocrx_word' id='word_1_133' title='bbox 403 1177 691 1228; x_wconf 77' lang='lat' dir='ltr'><em>chrysostomi:</em></span> <span class='ocrx_word' id='word_1_134' title='bbox 735 1174 778 1218; x_wconf 85' lang='grc' dir='ltr'>τὸ</span> <span class='ocrx_word' id='word_1_135' title='bbox 810 1175 884 1229; x_wconf 78' lang='grc' dir='ltr'><em>μὲν</em></span> <span class='ocrx_word' id='word_1_136' title='bbox 915 1178 1078 1229; x_wconf 83' lang='grc' dir='ltr'><strong><em>χρυσίον</em></strong></span> <span class='ocrx_word' id='word_1_137' title='bbox 1110 1177 1258 1220; x_wconf 78' lang='grc' dir='ltr'><strong><em>δέδωκε</em></strong></span> <span class='ocrx_word' id='word_1_138' title='bbox 1282 1182 1452 1230; x_wconf 82' lang='grc' dir='ltr'><strong><em>πτωχοῖς</em></strong></span> <span class='ocrx_word' id='word_1_139' title='bbox 1473 1177 1542 1219; x_wconf 81' lang='grc' dir='ltr'><em>καὶ</em></span> <span class='ocrx_word' id='word_1_140' title='bbox 1564 1183 1650 1227; x_wconf 89' lang='grc' dir='ltr'><strong><em>τοῖς</em></strong></span> 
     </span>
     <span class='ocr_line' id='line_1_20' title="bbox 187 1231 1651 1305; baseline 0 -30"><span class='ocrx_word' id='word_1_141' title='bbox 187 1232 416 1305; x_wconf 78' lang='grc' dir='ltr'><strong><em>δεομένοις,</em></strong></span> <span class='ocrx_word' id='word_1_142' title='bbox 467 1249 513 1274; x_wconf 88' lang='grc' dir='ltr'><strong><em>το</em></strong></span> <span class='ocrx_word' id='word_1_143' title='bbox 550 1231 594 1274; x_wconf 82' lang='grc' dir='ltr'><em>δὲ</em></span> <span class='ocrx_word' id='word_1_144' title='bbox 631 1231 788 1285; x_wconf 67' lang='grc' dir='ltr'><strong><em>ἄσημον</em></strong></span> <span class='ocrx_word' id='word_1_145' title='bbox 823 1233 1017 1303; x_wconf 79' lang='grc' dir='ltr'><strong><em>διένειμεν</em></strong></span> <span class='ocrx_word' id='word_1_146' title='bbox 1053 1234 1111 1282; x_wconf 81' lang='grc' dir='ltr'><strong><em>εἰς</em></strong></span> <span class='ocrx_word' id='word_1_147' title='bbox 1143 1251 1214 1284; x_wconf 86' lang='grc' dir='ltr'><em>τας</em></span> <span class='ocrx_word' id='word_1_148' title='bbox 1250 1235 1468 1287; x_wconf 78' lang='grc' dir='ltr'><strong><em>ἐκκλησίας.</em></strong></span> <span class='ocrx_word' id='word_1_149' title='bbox 1539 1237 1651 1275; x_wconf 87' lang='lat' dir='ltr'><em>hodie</em></span> 
     </span>
     <span class='ocr_line' id='line_1_21' title="bbox 188 1286 1650 1345; baseline -0.001 -14"><span class='ocrx_word' id='word_1_150' title='bbox 188 1287 318 1345; x_wconf 79' lang='grc' dir='ltr'><strong><em>οἷσημι</em></strong></span> <span class='ocrx_word' id='word_1_151' title='bbox 340 1290 471 1329; x_wconf 85' lang='lat' dir='ltr'><em>Graeci</em></span> <span class='ocrx_word' id='word_1_152' title='bbox 496 1290 624 1328; x_wconf 88' lang='lat' dir='ltr'><em>dicunt</em></span> <span class='ocrx_word' id='word_1_153' title='bbox 646 1304 714 1342; x_wconf 89' lang='lat' dir='ltr'><em>pro</em></span> <span class='ocrx_word' id='word_1_154' title='bbox 742 1297 896 1340; x_wconf 86' lang='lat' dir='ltr'><em>argento</em></span> <span class='ocrx_word' id='word_1_155' title='bbox 919 1296 957 1330; x_wconf 88' lang='lat' dir='ltr'><em>et</em></span> <span class='ocrx_word' id='word_1_156' title='bbox 982 1286 1201 1343; x_wconf 82' lang='grc' dir='ltr'><strong><em>α’σημένιον</em></strong></span> <span class='ocrx_word' id='word_1_157' title='bbox 1228 1306 1298 1345; x_wconf 81' lang='lat' dir='ltr'><em>plo</em></span> <span class='ocrx_word' id='word_1_158' title='bbox 1320 1298 1512 1342; x_wconf 86' lang='lat' dir='ltr'><em>argenteo.</em></span> <span class='ocrx_word' id='word_1_159' title='bbox 1570 1293 1650 1343; x_wconf 87' lang='lat' dir='ltr'><em>Cy-</em></span> 
     </span>
     <span class='ocr_line' id='line_1_22' title="bbox 187 1345 1650 1418; baseline 0.001 -30"><span class='ocrx_word' id='word_1_160' title='bbox 187 1349 287 1388; x_wconf 76' lang='lat' dir='ltr'><em>riuus</em></span> <span class='ocrx_word' id='word_1_161' title='bbox 304 1347 511 1418; x_wconf 82' lang='lat' dir='ltr'><em>patriarcha</em></span> <span class='ocrx_word' id='word_1_162' title='bbox 530 1347 593 1385; x_wconf 86' lang='lat' dir='ltr'><em>CP</em></span> <span class='ocrx_word' id='word_1_163' title='bbox 611 1348 785 1386; x_wconf 83' lang='lat' dir='ltr'><em>adversus</em></span> <span class='ocrx_word' id='word_1_164' title='bbox 807 1348 982 1386; x_wconf 88' lang='lat' dir='ltr'><em>Iudaeos·</em></span> <span class='ocrx_word' id='word_1_165' title='bbox 1024 1345 1128 1389; x_wconf 87' lang='grc' dir='ltr'><strong><em>όπου</em></strong></span> <span class='ocrx_word' id='word_1_166' title='bbox 1150 1346 1230 1402; x_wconf 80' lang='grc' dir='ltr'><strong><em>εἶχε</em></strong></span> <span class='ocrx_word' id='word_1_167' title='bbox 1251 1346 1326 1402; x_wconf 77' lang='grc' dir='ltr'><em>τὴν</em></span> <span class='ocrx_word' id='word_1_168' title='bbox 1345 1347 1528 1402; x_wconf 79' lang='grc' dir='ltr'><strong><em>κεφαλὴν</em></strong></span> <span class='ocrx_word' id='word_1_169' title='bbox 1552 1364 1650 1403; x_wconf 83' lang='grc' dir='ltr'><strong><em>χρυ-</em></strong></span> 
     </span>
     <span class='ocr_line' id='line_1_23' title="bbox 187 1401 1043 1470; baseline -0.001 -24"><span class='ocrx_word' id='word_1_170' title='bbox 187 1408 280 1459; x_wconf 80' lang='grc' dir='ltr'><strong><em>σῆν,</em></strong></span> <span class='ocrx_word' id='word_1_171' title='bbox 307 1420 357 1445; x_wconf 85' lang='grc' dir='ltr'><strong><em>τα</em></strong></span> <span class='ocrx_word' id='word_1_172' title='bbox 374 1402 498 1470; x_wconf 77' lang='grc' dir='ltr'><strong><em>χέρία</em></strong></span> <span class='ocrx_word' id='word_1_173' title='bbox 506 1402 574 1444; x_wconf 83' lang='grc' dir='ltr'><em>και</em></span> <span class='ocrx_word' id='word_1_174' title='bbox 593 1419 637 1444; x_wconf 90' lang='grc' dir='ltr'><strong><em>το</em></strong></span> <span class='ocrx_word' id='word_1_175' title='bbox 657 1406 808 1457; x_wconf 82' lang='grc' dir='ltr'><strong><em>στῆθος</em></strong></span> <span class='ocrx_word' id='word_1_176' title='bbox 825 1401 1043 1457; x_wconf 83' lang='grc' dir='ltr'><strong><em>α’σιμὲνιον.</em></strong></span> 
     </span>
    </p>

    <p class='ocr_par' dir='ltr' id='par_1_5' title="bbox 182 1457 1653 2079">
     <span class='ocr_line' id='line_1_24' title="bbox 301 1457 1647 1513; baseline 0.001 -12"><span class='ocrx_word' id='word_1_177' title='bbox 301 1457 496 1513; x_wconf 80' lang='grc' dir='ltr'><strong><em>ασκητη</em></strong></span> <span class='ocrx_word' id='word_1_178' title='bbox 509 1475 555 1513; x_wconf 90' lang='grc' dir='ltr'><em>ρι</em></span> <span class='ocrx_word' id='word_1_179' title='bbox 568 1475 622 1501; x_wconf 91' lang='grc' dir='ltr'><em>ον</em></span> <span class='ocrx_word' id='word_1_180' title='bbox 660 1462 888 1501; x_wconf 81' lang='lat' dir='ltr'><em>asceterium.</em></span> <span class='ocrx_word' id='word_1_181' title='bbox 946 1462 1104 1501; x_wconf 85' lang='lat' dir='ltr'><em>lulianus</em></span> <span class='ocrx_word' id='word_1_182' title='bbox 1137 1461 1357 1502; x_wconf 85' lang='lat' dir='ltr'><em>Antecessor</em></span> <span class='ocrx_word' id='word_1_183' title='bbox 1384 1461 1578 1504; x_wconf 78' lang='lat' dir='ltr'><em>Novel1.6</em></span> <span class='ocrx_word' id='word_1_184' title='bbox 1609 1463 1647 1503; x_wconf 84' lang='lat'><em>6.</em></span> 
     </span>
     <span class='ocr_line' id='line_1_25' title="bbox 186 1518 1653 1572; baseline -0.001 -15"><span class='ocrx_word' id='word_1_185' title='bbox 186 1518 343 1572; x_wconf 79' lang='lat' dir='ltr'><em>Papias:</em></span> <span class='ocrx_word' id='word_1_186' title='bbox 372 1518 633 1562; x_wconf 74' lang='lat' dir='ltr'><em>assisterium,</em></span> <span class='ocrx_word' id='word_1_187' title='bbox 654 1519 935 1555; x_wconf 76' lang='lat' dir='ltr'><em>monasterium</em></span> <span class='ocrx_word' id='word_1_188' title='bbox 959 1518 1127 1565; x_wconf 77' lang='lat' dir='ltr'><em>Graece,</em></span> <span class='ocrx_word' id='word_1_189' title='bbox 1157 1533 1227 1570; x_wconf 88' lang='lat' dir='ltr'><em>pro</em></span> <span class='ocrx_word' id='word_1_190' title='bbox 1249 1521 1462 1559; x_wconf 79' lang='lat' dir='ltr'><em>asceterium</em></span> <span class='ocrx_word' id='word_1_191' title='bbox 1482 1519 1539 1558; x_wconf 85' lang='lat' dir='ltr'><em>vel</em></span> <span class='ocrx_word' id='word_1_192' title='bbox 1556 1520 1653 1557; x_wconf 85' lang='lat' dir='ltr'><em>asci-</em></span> 
     </span>
     <span class='ocr_line' id='line_1_26' title="bbox 185 1574 1651 1646; baseline 0 -30"><span class='ocrx_word' id='word_1_193' title='bbox 185 1577 338 1622; x_wconf 86' lang='lat' dir='ltr'><em>terium,</em></span> <span class='ocrx_word' id='word_1_194' title='bbox 368 1579 408 1613; x_wconf 89' lang='lat' dir='ltr'><em>ut</em></span> <span class='ocrx_word' id='word_1_195' title='bbox 429 1575 565 1612; x_wconf 86' lang='lat' dir='ltr'><em>habent</em></span> <span class='ocrx_word' id='word_1_196' title='bbox 585 1574 714 1612; x_wconf 87' lang='lat' dir='ltr'><em>Iuliani</em></span> <span class='ocrx_word' id='word_1_197' title='bbox 732 1576 875 1613; x_wconf 86' lang='lat' dir='ltr'><em>codices</em></span> <span class='ocrx_word' id='word_1_198' title='bbox 895 1588 983 1614; x_wconf 91' lang='lat' dir='ltr'><em>mss.</em></span> <span class='ocrx_word' id='word_1_199' title='bbox 1004 1575 1195 1646; x_wconf 39' lang='lat' dir='ltr'><em>M-enolog.</em></span> <span class='ocrx_word' id='word_1_200' title='bbox 1214 1576 1281 1614; x_wconf 85' lang='lat' dir='ltr'><em>Gr.</em></span> <span class='ocrx_word' id='word_1_201' title='bbox 1306 1577 1343 1614; x_wconf 93' lang='lat' dir='ltr'><em>in</em></span> <span class='ocrx_word' id='word_1_202' title='bbox 1364 1577 1523 1615; x_wconf 85' lang='lat' dir='ltr'><em>Martio:</em></span> <span class='ocrx_word' id='word_1_203' title='bbox 1525 1591 1651 1642; x_wconf 78' lang='grc' dir='ltr'><strong><em>μετα</em></strong></span> 
     </span>
     <span class='ocr_line' id='line_1_27' title="bbox 183 1627 1649 1702; baseline -0.001 -29"><span class='ocrx_word' id='word_1_204' title='bbox 183 1647 261 1702; x_wconf 57' lang='grc' dir='ltr'><em>τἠν</em></span> <span class='ocrx_word' id='word_1_205' title='bbox 291 1628 392 1700; x_wconf 74' lang='grc' dir='ltr'><strong><em>ἕμην</em></strong></span> <span class='ocrx_word' id='word_1_206' title='bbox 423 1627 647 1683; x_wconf 81' lang='grc' dir='ltr'><strong><em>αποβίωσιν</em></strong></span> <span class='ocrx_word' id='word_1_207' title='bbox 685 1634 842 1682; x_wconf 78' lang='grc' dir='ltr'><strong><em>σεμνῶν</em></strong></span> <span class='ocrx_word' id='word_1_208' title='bbox 873 1647 1076 1685; x_wconf 78' lang='grc' dir='ltr'><strong><em>γυναικων</em></strong></span> <span class='ocrx_word' id='word_1_209' title='bbox 1107 1648 1225 1680; x_wconf 90' lang='grc' dir='ltr'><strong><em>ουτος</em></strong></span> <span class='ocrx_word' id='word_1_210' title='bbox 1254 1631 1279 1673; x_wconf 83' lang='lat' dir='ltr'><em>o‘</em></span> <span class='ocrx_word' id='word_1_211' title='bbox 1305 1630 1416 1680; x_wconf 84' lang='grc' dir='ltr'><strong><em>οἶκος</em></strong></span> <span class='ocrx_word' id='word_1_212' title='bbox 1440 1628 1649 1701; x_wconf 80' lang='grc' dir='ltr'><strong><em>γενήσεται</em></strong></span> 
     </span>
     <span class='ocr_line' id='line_1_28' title="bbox 184 1683 1653 1758; baseline -0.001 -28"><span class='ocrx_word' id='word_1_213' title='bbox 184 1683 442 1745; x_wconf 67' lang='grc' dir='ltr'><strong><em>ἄσκητηριον.</em></strong></span> <span class='ocrx_word' id='word_1_214' title='bbox 481 1687 731 1757; x_wconf 84' lang='lat' dir='ltr'><em>Nicephorus</em></span> <span class='ocrx_word' id='word_1_215' title='bbox 764 1687 903 1726; x_wconf 79' lang='lat' dir='ltr'><em>Callist.</em></span> <span class='ocrx_word' id='word_1_216' title='bbox 927 1691 953 1730; x_wconf 91' lang='lat'><strong>9</strong></span> <span class='ocrx_word' id='word_1_217' title='bbox 986 1689 1057 1732; x_wconf 84' lang='grc'><em>14.</em></span> <span class='ocrx_word' id='word_1_218' title='bbox 1097 1686 1140 1737; x_wconf 77' lang='grc' dir='ltr'><strong><em>ὃς</em></strong></span> <span class='ocrx_word' id='word_1_219' title='bbox 1162 1684 1358 1758; x_wconf 79' lang='grc' dir='ltr'><strong><em>α’λλαχοῦ,</em></strong></span> <span class='ocrx_word' id='word_1_220' title='bbox 1394 1685 1492 1742; x_wconf 82' lang='grc' dir='ltr'><strong><em>παρ’</em></strong></span> <span class='ocrx_word' id='word_1_221' title='bbox 1522 1685 1653 1740; x_wconf 78' lang='grc' dir='ltr'><em>Ἀθη-</em></span> 
     </span>
     <span class='ocr_line' id='line_1_29' title="bbox 184 1739 1650 1799; baseline -0.002 -12"><span class='ocrx_word' id='word_1_222' title='bbox 184 1743 316 1794; x_wconf 79' lang='grc' dir='ltr'><strong><em>ναίοις</em></strong></span> <span class='ocrx_word' id='word_1_223' title='bbox 340 1739 494 1797; x_wconf 75' lang='grc' dir='ltr'><strong><em>δηλαδῆ</em></strong></span> <span class='ocrx_word' id='word_1_224' title='bbox 507 1773 518 1793; x_wconf 91' lang='grc'><em>,</em></span> <span class='ocrx_word' id='word_1_225' title='bbox 562 1759 605 1784; x_wconf 83' lang='grc' dir='ltr'><strong><em>το</em></strong></span> <span class='ocrx_word' id='word_1_226' title='bbox 631 1739 877 1798; x_wconf 81' lang='grc' dir='ltr'><strong><em>α’σκητήριον</em></strong></span> <span class='ocrx_word' id='word_1_227' title='bbox 897 1741 985 1797; x_wconf 81' lang='grc' dir='ltr'><strong>εἶχε.</strong></span> <span class='ocrx_word' id='word_1_228' title='bbox 1045 1746 1129 1785; x_wconf 88' lang='lat' dir='ltr'><em>hinc</em></span> <span class='ocrx_word' id='word_1_229' title='bbox 1155 1741 1332 1798; x_wconf 82' lang='grc' dir='ltr'><strong><em>α’σκητής</em></strong></span> <span class='ocrx_word' id='word_1_230' title='bbox 1354 1748 1453 1799; x_wconf 86' lang='lat' dir='ltr'><em>apud</em></span> <span class='ocrx_word' id='word_1_231' title='bbox 1474 1747 1514 1784; x_wconf 91' lang='lat' dir='ltr'><em>S.</em></span> <span class='ocrx_word' id='word_1_232' title='bbox 1537 1747 1650 1786; x_wconf 87' lang='lat' dir='ltr'><em>Basil.</em></span> 
     </span>
     <span class='ocr_line' id='line_1_30' title="bbox 183 1799 1650 1869; baseline 0 -26"><span class='ocrx_word' id='word_1_233' title='bbox 183 1801 491 1869; x_wconf 81' lang='lat' dir='ltr'><em>Theophylactus</em></span> <span class='ocrx_word' id='word_1_234' title='bbox 511 1801 561 1839; x_wconf 83' lang='lat' dir='ltr'><em>ad</em></span> <span class='ocrx_word' id='word_1_235' title='bbox 593 1814 625 1839; x_wconf 87' lang='lat' dir='ltr'><em>c.</em></span> <span class='ocrx_word' id='word_1_236' title='bbox 647 1802 698 1842; x_wconf 89' lang='lat'><em>11</em></span> <span class='ocrx_word' id='word_1_237' title='bbox 722 1801 862 1840; x_wconf 87' lang='lat' dir='ltr'><em>Lucae.</em></span> <span class='ocrx_word' id='word_1_238' title='bbox 908 1802 951 1842; x_wconf 80' lang='grc' dir='ltr'><em>οἱ</em></span> <span class='ocrx_word' id='word_1_239' title='bbox 967 1800 1040 1854; x_wconf 79' lang='grc' dir='ltr'><em>μὲν</em></span> <span class='ocrx_word' id='word_1_240' title='bbox 1059 1801 1134 1856; x_wconf 74' lang='grc' dir='ltr'><em>γοὶρ</em></span> <span class='ocrx_word' id='word_1_241' title='bbox 1159 1805 1371 1857; x_wconf 85' lang='grc' dir='ltr'><strong><em>Φαρισαῖοι</em></strong></span> <span class='ocrx_word' id='word_1_242' title='bbox 1396 1819 1452 1851; x_wconf 89' lang='grc' dir='ltr'><strong><em>ως</em></strong></span> <span class='ocrx_word' id='word_1_243' title='bbox 1479 1799 1650 1855; x_wconf 81' lang='grc' dir='ltr'><strong><em>οἷσκηταὶ</em></strong></span> 
     </span>
     <span class='ocr_line' id='line_1_31' title="bbox 184 1852 1648 1927; baseline -0.002 -26"><span class='ocrx_word' id='word_1_244' title='bbox 184 1855 350 1901; x_wconf 75' lang='grc' dir='ltr'><strong><em>ἐδόκουν</em></strong></span> <span class='ocrx_word' id='word_1_245' title='bbox 372 1856 440 1898; x_wconf 78' lang='grc' dir='ltr'><em>καὶ</em></span> <span class='ocrx_word' id='word_1_246' title='bbox 465 1852 784 1926; x_wconf 83' lang='grc' dir='ltr'><strong><em>οἷποκεκομμένοι</em></strong></span> <span class='ocrx_word' id='word_1_247' title='bbox 808 1873 889 1898; x_wconf 88' lang='grc' dir='ltr'><em>των</em></span> <span class='ocrx_word' id='word_1_248' title='bbox 910 1856 1054 1900; x_wconf 65' lang='grc' dir='ltr'><strong><em>ἄλλων.</em></strong></span> <span class='ocrx_word' id='word_1_249' title='bbox 1111 1861 1195 1898; x_wconf 90' lang='lat' dir='ltr'><em>hinc</em></span> <span class='ocrx_word' id='word_1_250' title='bbox 1216 1856 1498 1927; x_wconf 81' lang='grc' dir='ltr'><strong><em>συνασκητής,</em></strong></span> <span class='ocrx_word' id='word_1_251' title='bbox 1529 1861 1648 1898; x_wconf 86' lang='lat' dir='ltr'><em>Curo-</em></span> 
     </span>
     <span class='ocr_line' id='line_1_32' title="bbox 182 1908 1647 1985; baseline 0 -29"><span class='ocrx_word' id='word_1_252' title='bbox 182 1916 326 1985; x_wconf 72' lang='lat' dir='ltr'><em>paintes</em></span> <span class='ocrx_word' id='word_1_253' title='bbox 348 1928 389 1967; x_wconf 91' lang='lat' dir='ltr'><em>p.</em></span> <span class='ocrx_word' id='word_1_254' title='bbox 409 1915 492 1956; x_wconf 82' lang='lat'><em>817</em></span> <span class='ocrx_word' id='word_1_255' title='bbox 522 1918 562 1952; x_wconf 83' lang='lat' dir='ltr'><em>et</em></span> <span class='ocrx_word' id='word_1_256' title='bbox 585 1908 780 1967; x_wconf 79' lang='grc' dir='ltr'><strong><em>ασκήτρια</em></strong></span> <span class='ocrx_word' id='word_1_257' title='bbox 803 1917 982 1964; x_wconf 77' lang='lat' dir='ltr'><em>ascetria,</em></span> <span class='ocrx_word' id='word_1_258' title='bbox 1010 1916 1167 1955; x_wconf 85' lang='lat' dir='ltr'><em>Iulianus</em></span> <span class='ocrx_word' id='word_1_259' title='bbox 1190 1916 1345 1956; x_wconf 83' lang='lat' dir='ltr'><em>Novella</em></span> <span class='ocrx_word' id='word_1_260' title='bbox 1366 1918 1431 1958; x_wconf 89' lang='grc'><em>53.</em></span> <span class='ocrx_word' id='word_1_261' title='bbox 1473 1911 1553 1957; x_wconf 81' lang='grc' dir='ltr'><em>απὸ</em></span> <span class='ocrx_word' id='word_1_262' title='bbox 1572 1919 1647 1968; x_wconf 82' lang='grc' dir='ltr'><em>τῆς</em></span> 
     </span>
     <span class='ocr_line' id='line_1_33' title="bbox 183 1968 1645 2025; baseline -0.001 -10"><span class='ocrx_word' id='word_1_263' title='bbox 183 1968 391 2025; x_wconf 77' lang='grc' dir='ltr'><strong><em>ἆσκήσεως</em></strong></span> <span class='ocrx_word' id='word_1_264' title='bbox 414 1971 492 2009; x_wconf 88' lang='lat' dir='ltr'><em>sive</em></span> <span class='ocrx_word' id='word_1_265' title='bbox 515 1971 793 2010; x_wconf 78' lang='lat' dir='ltr'><em>exercitatione:</em></span> <span class='ocrx_word' id='word_1_266' title='bbox 833 1976 980 2012; x_wconf 78' lang='lat' dir='ltr'><em>ascetae</em></span> <span class='ocrx_word' id='word_1_267' title='bbox 1010 1974 1105 2012; x_wconf 91' lang='lat' dir='ltr'><em>enim</em></span> <span class='ocrx_word' id='word_1_268' title='bbox 1137 1986 1203 2012; x_wconf 87' lang='lat' dir='ltr'><em>seu</em></span> <span class='ocrx_word' id='word_1_269' title='bbox 1222 1974 1389 2012; x_wconf 87' lang='lat' dir='ltr'><em>monachi</em></span> <span class='ocrx_word' id='word_1_270' title='bbox 1412 1977 1449 2012; x_wconf 90' lang='lat' dir='ltr'><em>et</em></span> <span class='ocrx_word' id='word_1_271' title='bbox 1467 1975 1645 2013; x_wconf 85' lang='lat' dir='ltr'><em>ascetriae</em></span> 
     </span>
     <span class='ocr_line' id='line_1_34' title="bbox 185 2028 1258 2079; baseline -0.002 -9"><span class='ocrx_word' id='word_1_272' title='bbox 185 2043 253 2070; x_wconf 79' lang='lat' dir='ltr'><em>seu</em></span> <span class='ocrx_word' id='word_1_273' title='bbox 273 2029 496 2069; x_wconf 87' lang='lat' dir='ltr'><em>monastriae</em></span> <span class='ocrx_word' id='word_1_274' title='bbox 515 2028 553 2066; x_wconf 90' lang='lat' dir='ltr'><em>in</em></span> <span class='ocrx_word' id='word_1_275' title='bbox 575 2029 674 2065; x_wconf 91' lang='lat' dir='ltr'><em>omni</em></span> <span class='ocrx_word' id='word_1_276' title='bbox 693 2029 840 2079; x_wconf 87' lang='lat' dir='ltr'><em>pietatis</em></span> <span class='ocrx_word' id='word_1_277' title='bbox 861 2041 998 2078; x_wconf 82' lang='lat' dir='ltr'><em>genere</em></span> <span class='ocrx_word' id='word_1_278' title='bbox 1015 2043 1055 2068; x_wconf 90' lang='lat' dir='ltr'><em>se</em></span> <span class='ocrx_word' id='word_1_279' title='bbox 1076 2035 1258 2068; x_wconf 85' lang='lat' dir='ltr'><em>exercent.</em></span> 
     </span>
    </p>

    <p class='ocr_par' dir='ltr' id='par_1_6' title="bbox 180 2079 1644 2308">
     <span class='ocr_line' id='line_1_35' title="bbox 299 2079 1644 2139; baseline 0.001 -13"><span class='ocrx_word' id='word_1_280' title='bbox 299 2079 554 2134; x_wconf 72' lang='grc' dir='ltr'><strong><em>ἀσσάριον</em></strong></span> <span class='ocrx_word' id='word_1_281' title='bbox 581 2085 779 2133; x_wconf 84' lang='lat' dir='ltr'><em>assarium,</em></span> <span class='ocrx_word' id='word_1_282' title='bbox 810 2087 1063 2126; x_wconf 81' lang='lat' dir='ltr'><em>as.v.G10ss.</em></span> <span class='ocrx_word' id='word_1_283' title='bbox 1090 2100 1219 2124; x_wconf 74' lang='lat' dir='ltr'><em>assem</em></span> <span class='ocrx_word' id='word_1_284' title='bbox 1241 2081 1451 2139; x_wconf 81' lang='grc' dir='ltr'><strong><em>οἷσσοῖριον,</em></strong></span> <span class='ocrx_word' id='word_1_285' title='bbox 1479 2082 1644 2138; x_wconf 75' lang='grc' dir='ltr'><strong><em>ὀβολόν.</em></strong></span> 
     </span>
     <span class='ocr_line' id='line_1_36' title="bbox 184 2136 1644 2210; baseline 0 -28"><span class='ocrx_word' id='word_1_286' title='bbox 184 2147 223 2182; x_wconf 87' lang='lat' dir='ltr'><em>et</em></span> <span class='ocrx_word' id='word_1_287' title='bbox 251 2142 451 2180; x_wconf 38' lang='lat' dir='ltr'><em>assarium</em></span> <span class='ocrx_word' id='word_1_288' title='bbox 481 2136 688 2192; x_wconf 79' lang='grc' dir='ltr'><strong><em>ἆσσαριον,</em></strong></span> <span class='ocrx_word' id='word_1_289' title='bbox 731 2141 942 2209; x_wconf 85' lang='grc' dir='ltr'><strong><em>νουμμίον.</em></strong></span> <span class='ocrx_word' id='word_1_290' title='bbox 1000 2143 1197 2210; x_wconf 86' lang='lat' dir='ltr'><em>Cleopatra</em></span> <span class='ocrx_word' id='word_1_291' title='bbox 1226 2143 1316 2195; x_wconf 83' lang='grc' dir='ltr'><strong><em>περι</em></strong></span> <span class='ocrx_word' id='word_1_292' title='bbox 1351 2147 1542 2195; x_wconf 77' lang='grc' dir='ltr'><strong><em>σταθμῶν</em></strong></span> <span class='ocrx_word' id='word_1_293' title='bbox 1574 2158 1644 2183; x_wconf 81' lang='grc' dir='ltr'><em>και</em></span> 
     </span>
     <span class='ocr_line' id='line_1_37' title="bbox 181 2194 1642 2253; baseline -0.001 -13"><span class='ocrx_word' id='word_1_294' title='bbox 181 2197 360 2253; x_wconf 81' lang='grc' dir='ltr'><strong><em>μὲτρων.·</em></strong></span> <span class='ocrx_word' id='word_1_295' title='bbox 405 2200 580 2238; x_wconf 80' lang='grc' dir='ltr'><strong><em>καλεῖται</em></strong></span> <span class='ocrx_word' id='word_1_296' title='bbox 606 2195 649 2238; x_wconf 80' lang='grc' dir='ltr'><em>δὲ</em></span> <span class='ocrx_word' id='word_1_297' title='bbox 675 2196 705 2250; x_wconf 77' lang='grc' dir='ltr'><em>ἦ</em></span> <span class='ocrx_word' id='word_1_298' title='bbox 736 2194 878 2251; x_wconf 85' lang='grc' dir='ltr'><strong><em>ου’γκία</em></strong></span> <span class='ocrx_word' id='word_1_299' title='bbox 909 2212 1191 2252; x_wconf 83' lang='grc' dir='ltr'><strong><em>τετρασσαριον</em></strong></span> <span class='ocrx_word' id='word_1_300' title='bbox 1221 2196 1422 2241; x_wconf 83' lang='grc' dir='ltr'><strong><em>Ἰταλικόν.</em></strong></span> <span class='ocrx_word' id='word_1_301' title='bbox 1483 2201 1642 2253; x_wconf 87' lang='lat' dir='ltr'><em>Papias:</em></span> 
     </span>
     <span class='ocr_line' id='line_1_38' title="bbox 180 2255 1183 2308; baseline -0.001 -13"><span class='ocrx_word' id='word_1_302' title='bbox 180 2258 381 2295; x_wconf 70' lang='lat' dir='ltr'><em>assarium</em></span> <span class='ocrx_word' id='word_1_303' title='bbox 399 2269 605 2300; x_wconf 78' lang='lat' dir='ltr'><em>nummus,</em></span> <span class='ocrx_word' id='word_1_304' title='bbox 631 2256 750 2300; x_wconf 65' lang='lat' dir='ltr'><em>assia,</em></span> <span class='ocrx_word' id='word_1_305' title='bbox 778 2269 805 2291; x_wconf 67' lang='grc' dir='ltr'><em>ι</em></span> <span class='ocrx_word' id='word_1_306' title='bbox 799 2255 844 2292; x_wconf 85' lang='lat' dir='ltr'><em>el</em></span> <span class='ocrx_word' id='word_1_307' title='bbox 853 2256 1000 2308; x_wconf 76' lang='lat' dir='ltr'><em>fi&#39;gura</em></span> <span class='ocrx_word' id='word_1_308' title='bbox 1016 2257 1183 2295; x_wconf 72' lang='lat' dir='ltr'><em>denarii.</em></span> 
     </span>
    </p>

    <p class='ocr_par' dir='ltr' id='par_1_7' title="bbox 157 2309 1644 2539">
     <span class='ocr_line' id='line_1_39' title="bbox 295 2309 1642 2383; baseline -0.001 -29"><span class='ocrx_word' id='word_1_309' title='bbox 295 2309 574 2366; x_wconf 79' lang='grc' dir='ltr'><strong><em>Αὖγοῦστα</em></strong></span> <span class='ocrx_word' id='word_1_310' title='bbox 601 2310 790 2362; x_wconf 81' lang='lat' dir='ltr'><em>Augusta,</em></span> <span class='ocrx_word' id='word_1_311' title='bbox 832 2313 989 2364; x_wconf 84' lang='lat' dir='ltr'><em>Augusti</em></span> <span class='ocrx_word' id='word_1_312' title='bbox 1020 2315 1162 2353; x_wconf 85' lang='lat' dir='ltr'><em>coniux.</em></span> <span class='ocrx_word' id='word_1_313' title='bbox 1219 2312 1374 2353; x_wconf 82' lang='lat' dir='ltr'><em>Achmes</em></span> <span class='ocrx_word' id='word_1_314' title='bbox 1408 2309 1642 2383; x_wconf 81' lang='grc' dir='ltr'><strong><em>ὄνειροκριτ.</em></strong></span> 
     </span>
     <span class='ocr_line' id='line_1_40' title="bbox 182 2368 1644 2423; baseline 0.003 -16"><span class='ocrx_word' id='word_1_315' title='bbox 182 2385 214 2410; x_wconf 90' lang='lat' dir='ltr'><em>c.</em></span> <span class='ocrx_word' id='word_1_316' title='bbox 243 2370 338 2412; x_wconf 80' lang='lat'><em>125.</em></span> <span class='ocrx_word' id='word_1_317' title='bbox 394 2370 528 2408; x_wconf 89' lang='lat' dir='ltr'><em>Simoc.</em></span> <span class='ocrx_word' id='word_1_318' title='bbox 550 2371 576 2410; x_wconf 90' lang='lat'>8</span> <span class='ocrx_word' id='word_1_319' title='bbox 608 2370 986 2412; x_wconf 9' lang='lat' dir='ltr'><em>13 Basilica1.1</em></span> <span class='ocrx_word' id='word_1_320' title='bbox 1019 2373 1074 2410; x_wconf 85' lang='lat' dir='ltr'><em>tit.</em></span> <span class='ocrx_word' id='word_1_321' title='bbox 1099 2371 1126 2411; x_wconf 90' lang='grc'>6</span> <span class='ocrx_word' id='word_1_322' title='bbox 1157 2385 1186 2410; x_wconf 90' lang='lat' dir='ltr'><em>c.</em></span> <span class='ocrx_word' id='word_1_323' title='bbox 1210 2372 1254 2412; x_wconf 91' lang='grc'><em>1.</em></span> <span class='ocrx_word' id='word_1_324' title='bbox 1294 2387 1314 2412; x_wconf 93' lang='grc' dir='ltr'><strong><em>ο</em></strong></span> <span class='ocrx_word' id='word_1_325' title='bbox 1345 2368 1530 2423; x_wconf 81' lang='grc' dir='ltr'><strong><em>βασιλευς</em></strong></span> <span class='ocrx_word' id='word_1_326' title='bbox 1557 2374 1644 2418; x_wconf 84' lang='grc' dir='ltr'><strong><em>τοῖς</em></strong></span> 
     </span>
     <span class='ocr_line' id='line_1_41' title="bbox 157 2421 1641 2494; baseline -0.001 -27"><span class='ocrx_word' id='word_1_327' title='bbox 157 2424 163 2431; x_wconf 76' lang='grc'><strong><em>’</em></strong></span> <span class='ocrx_word' id='word_1_328' title='bbox 181 2423 319 2479; x_wconf 84' lang='grc' dir='ltr'><strong><em>νόμοις</em></strong></span> <span class='ocrx_word' id='word_1_329' title='bbox 338 2421 412 2478; x_wconf 66' lang='grc' dir='ltr'><em>οὐχ</em></span> <span class='ocrx_word' id='word_1_330' title='bbox 430 2422 634 2466; x_wconf 80' lang='grc' dir='ltr'><strong><em>υπὸκειται</em></strong></span> <span class='ocrx_word' id='word_1_331' title='bbox 646 2453 659 2474; x_wconf 87' lang='grc'><strong><em>,</em></strong></span> <span class='ocrx_word' id='word_1_332' title='bbox 703 2423 733 2478; x_wconf 76' lang='grc' dir='ltr'><em>ἦ</em></span> <span class='ocrx_word' id='word_1_333' title='bbox 752 2423 795 2466; x_wconf 79' lang='grc' dir='ltr'><em>δὲ</em></span> <span class='ocrx_word' id='word_1_334' title='bbox 810 2423 1022 2494; x_wconf 74' lang='grc' dir='ltr'><strong><em>Αὕγοῦστα</em></strong></span> <span class='ocrx_word' id='word_1_335' title='bbox 1040 2423 1255 2468; x_wconf 73' lang='grc' dir='ltr'><strong><em>ὑπόκειται.</em></strong></span> <span class='ocrx_word' id='word_1_336' title='bbox 1313 2428 1504 2467; x_wconf 74' lang='lat' dir='ltr'><em>&#39;lheodor-</em></span> <span class='ocrx_word' id='word_1_337' title='bbox 1531 2428 1641 2480; x_wconf 86' lang='lat' dir='ltr'><em>epist.</em></span> 
     </span>
     <span class='ocr_line' id='line_1_42' title="bbox 183 2478 1287 2552; baseline -0.002 -26"><span class='ocrx_word' id='word_1_338' title='bbox 183 2484 286 2526; x_wconf 87' lang='lat'>138:</span> <span class='ocrx_word' id='word_1_339' title='bbox 314 2486 367 2552; x_wconf 81' lang='grc' dir='ltr'><strong><em>τῇ</em></strong></span> <span class='ocrx_word' id='word_1_340' title='bbox 384 2478 642 2537; x_wconf 74' lang='grc' dir='ltr'><strong><em>εύσεβεστάτῃ</em></strong></span> <span class='ocrx_word' id='word_1_341' title='bbox 661 2482 729 2523; x_wconf 79' lang='grc' dir='ltr'><em>καὶ</em></span> <span class='ocrx_word' id='word_1_342' title='bbox 748 2480 1037 2539; x_wconf 79' lang='grc' dir='ltr'><strong><em>θεοφιλεστάτῃ</em></strong></span> <span class='ocrx_word' id='word_1_343' title='bbox 1062 2481 1287 2540; x_wconf 74' lang='grc' dir='ltr'><strong><em>Αὕγούστῃ.</em></strong></span> 
     </span>
    </p>

    <p class='ocr_par' dir='ltr' id='par_1_8' title="bbox 180 2535 1639 2706">
     <span class='ocr_line' id='line_1_43' title="bbox 294 2535 1639 2609; baseline -0.002 -29"><span class='ocrx_word' id='word_1_344' title='bbox 294 2535 665 2594; x_wconf 75' lang='grc' dir='ltr'><strong><em>Αὕγουσταιτόν</em></strong></span> <span class='ocrx_word' id='word_1_345' title='bbox 693 2540 952 2590; x_wconf 73' lang='lat' dir='ltr'><em>Augustaeum.</em></span> <span class='ocrx_word' id='word_1_346' title='bbox 1010 2542 1207 2593; x_wconf 85' lang='lat' dir='ltr'><em>descriptio</em></span> <span class='ocrx_word' id='word_1_347' title='bbox 1236 2542 1336 2580; x_wconf 88' lang='lat' dir='ltr'><em>urbis</em></span> <span class='ocrx_word' id='word_1_348' title='bbox 1356 2540 1513 2609; x_wconf 78' lang='lat' dir='ltr'><em>Cpolit.:</em></span> <span class='ocrx_word' id='word_1_349' title='bbox 1542 2541 1639 2578; x_wconf 85' lang='grc' dir='ltr'><strong><em>Λιι-</em></strong></span> 
     </span>
     <span class='ocr_line' id='line_1_44' title="bbox 177 2593 1638 2651; baseline 0.002 -16.021"><span class='ocrx_word' id='word_1_350' title='bbox 177 2605 409 2650; x_wconf 79' lang='lat' dir='ltr'><em>gustaeum,</em></span> <span class='ocrx_word' id='word_1_351' title='bbox 435 2595 693 2647; x_wconf 75' lang='lat' dir='ltr'><em>Capitolium,</em></span> <span class='ocrx_word' id='word_1_352' title='bbox 715 2598 935 2635; x_wconf 78' lang='lat' dir='ltr'><em>Monetam.</em></span> <span class='ocrx_word' id='word_1_353' title='bbox 969 2599 1212 2637; x_wconf 82' lang='lat' dir='ltr'><em>Pachimerius</em></span> <span class='ocrx_word' id='word_1_354' title='bbox 1237 2599 1261 2637; x_wconf 90' lang='grc' dir='ltr'><em>Ι.</em></span> <span class='ocrx_word' id='word_1_355' title='bbox 1277 2602 1322 2642; x_wconf 90' lang='lat'><em>9:</em></span> <span class='ocrx_word' id='word_1_356' title='bbox 1352 2593 1638 2651; x_wconf 71' lang='grc' dir='ltr'><strong><em>Αὕγουσταιω-</em></strong></span> 
     </span>
     <span class='ocr_line' id='line_1_45' title="bbox 180 2649 1224 2720; baseline -0.002 -24"><span class='ocrx_word' id='word_1_357' title='bbox 180 2670 254 2703; x_wconf 77' lang='grc' dir='ltr'><em>νος</em></span> <span class='ocrx_word' id='word_1_358' title='bbox 273 2649 443 2694; x_wconf 79' lang='grc' dir='ltr'><strong><em>αυλαίαν</em></strong></span> <span class='ocrx_word' id='word_1_359' title='bbox 466 2657 721 2720; x_wconf 79' lang='grc' dir='ltr'><strong><em>πληροῦντες.</em></strong></span> <span class='ocrx_word' id='word_1_360' title='bbox 778 2655 951 2706; x_wconf 84' lang='lat' dir='ltr'><em>palatium</em></span> <span class='ocrx_word' id='word_1_361' title='bbox 977 2655 1224 2706; x_wconf 87' lang='lat' dir='ltr'><em>Cpolitanum.</em></span> 
     </span>
    </p>

    <p class='ocr_par' dir='ltr' id='par_1_9' title="bbox 179 2706 1639 2879">
     <span class='ocr_line' id='line_1_46' title="bbox 292 2706 1638 2784; baseline -0.002 -33"><span class='ocrx_word' id='word_1_362' title='bbox 292 2706 690 2765; x_wconf 73' lang='grc' dir='ltr'><strong><em>Αὕγουστάλιος</em></strong></span> <span class='ocrx_word' id='word_1_363' title='bbox 726 2710 949 2762; x_wconf 86' lang='lat' dir='ltr'><em>Augustalis.</em></span> <span class='ocrx_word' id='word_1_364' title='bbox 1004 2712 1139 2751; x_wconf 78' lang='lat' dir='ltr'><em>Paulus</em></span> <span class='ocrx_word' id='word_1_365' title='bbox 1172 2713 1196 2752; x_wconf 86' lang='lat' dir='ltr'><em>l.</em></span> <span class='ocrx_word' id='word_1_366' title='bbox 1227 2712 1280 2755; x_wconf 88' lang='lat'><em>35</em></span> <span class='ocrx_word' id='word_1_367' title='bbox 1298 2710 1338 2784; x_wconf 61' lang='lat' dir='ltr'><em>r§</em></span> <span class='ocrx_word' id='word_1_368' title='bbox 1369 2714 1405 2752; x_wconf 82' lang='lat'><em>8.</em></span> <span class='ocrx_word' id='word_1_369' title='bbox 1466 2724 1512 2751; x_wconf 85' lang='lat' dir='ltr'><em>ex</em></span> <span class='ocrx_word' id='word_1_370' title='bbox 1537 2711 1638 2762; x_wconf 88' lang='lat' dir='ltr'><em>quib.</em></span> 
     </span>
     <span class='ocr_line' id='line_1_47' title="bbox 179 2763 1639 2838; baseline 0 -32"><span class='ocrx_word' id='word_1_371' title='bbox 179 2780 280 2806; x_wconf 85' lang='lat' dir='ltr'><em>caus.</em></span> <span class='ocrx_word' id='word_1_372' title='bbox 299 2769 384 2806; x_wconf 81' lang='lat' dir='ltr'><em>mai.</em></span> <span class='ocrx_word' id='word_1_373' title='bbox 416 2769 622 2819; x_wconf 85' lang='lat' dir='ltr'><em>praefectus</em></span> <span class='ocrx_word' id='word_1_374' title='bbox 651 2781 798 2818; x_wconf 89' lang='lat' dir='ltr'><em>quoque</em></span> <span class='ocrx_word' id='word_1_375' title='bbox 828 2768 1002 2819; x_wconf 79' lang='lat' dir='ltr'><em>Aegypti.</em></span> <span class='ocrx_word' id='word_1_376' title='bbox 1058 2769 1237 2808; x_wconf 78' lang='lat' dir='ltr'><em>Basilica:</em></span> <span class='ocrx_word' id='word_1_377' title='bbox 1285 2786 1306 2810; x_wconf 94' lang='grc' dir='ltr'><strong><em>ο</em></strong></span> <span class='ocrx_word' id='word_1_378' title='bbox 1339 2763 1639 2838; x_wconf 83' lang='grc' dir='ltr'><strong><em>Αυγουσταλιος</em></strong></span> 
     </span>
     <span class='ocr_line' id='line_1_48' title="bbox 176 2818 1637 2879; baseline 0 -15"><span class='ocrx_word' id='word_1_379' title='bbox 176 2818 481 2879; x_wconf 76' lang='grc' dir='ltr'><strong><em>Ἀλεξανδρείας.</em></strong></span> <span class='ocrx_word' id='word_1_380' title='bbox 539 2825 758 2864; x_wconf 74' lang='lat' dir='ltr'><em>iustinianus</em></span> <span class='ocrx_word' id='word_1_381' title='bbox 779 2825 925 2865; x_wconf 88' lang='lat' dir='ltr'><em>Novell.</em></span> <span class='ocrx_word' id='word_1_382' title='bbox 949 2827 1028 2869; x_wconf 88' lang='grc'><em>23.</em></span> <span class='ocrx_word' id='word_1_383' title='bbox 1066 2821 1268 2879; x_wconf 78' lang='grc' dir='ltr'><strong><em>ἄκροατην</em></strong></span> <span class='ocrx_word' id='word_1_384' title='bbox 1300 2825 1375 2877; x_wconf 77' lang='grc' dir='ltr'><strong><em>ἕξει</em></strong></span> <span class='ocrx_word' id='word_1_385' title='bbox 1403 2819 1637 2879; x_wconf 76' lang='grc' dir='ltr'><strong><em>Αὕγουστᾶ-</em></strong></span> 
     </span>
    </p>
   </div>
  </div>
 </body>
</html>
