1890 3236
306 183 370 234 64
774 184 1009 231 GEORGII
1036 185 1276 232 CEDRENI

307 297 427 355 δράσι
448 296 797 356 δορυφορουμένῃ,
830 294 937 354 ἑώρα
969 297 1013 340 δὲ
1040 299 1106 340 καὶ
1134 297 1203 342 τὸν
1225 303 1338 343 θεῖον
1361 300 1459 344 ναὸν
1479 301 1747 355 cantaremus-¹

306 368 541 422 πλησμένον.
608 363 828 421 προστάξαι
857 366 901 408 δὲ
920 365 992 421 τὴν
1013 370 1236 410 &marrow
1255 367 1378 424 κόρην
1405 367 1461 411 ἑνὶ
1488 373 1568 411 τῶν
1592 371 1752 424 leugae

305 435 439 490 μόνων
457 435 614 490 ἀνδρῶν
627 431 782 490 χύτραν
800 433 887 476 τινὰ
909 432 1104 490 πλήσαντι
1128 437 1296 490 αἰζιιατος
1313 440 1364 494 τῇ
1377 438 1498 492 μητρὶ
1514 439 1588 479 τοῦ
1605 435 1742 479 Λέον-

305 520 374 553 τος
399 502 601 544 ἐπιδοῦναι
629 508 754 544 πιεῖν·
786 501 910 557 αὐτῆς
940 503 983 544 δὲ
1013 506 1184 558 πολυετῆ
1207 505 1372 559 χηρείαν
1402 504 1743 561 προβαλλομένης,

303 570 363 614 δι’
389 569 439 624 ἢν
463 566 563 624 μήτε
589 574 713 626 κρεῶν
742 567 842 625 μήτε
872 569 979 621 τινὸς
1007 575 1087 613 τῶν
1116 572 1287 626 ἐναίμων
1309 570 1554 627 γεύσασθαι,
1587 573 1654 614 καὶ
1675 569 1776 615 διὰ-ἰ

301 642 419 681 τοῦτο
440 638 546 692 μηδὲ
572 637 719 693 ταύτης
740 642 811 693 τῆς
831 637 986 696 χύτρας
1013 638 1230 693 ἅψασθαι,
1265 637 1361 682 “nai
1387 639 1504 691 πῶς”
1539 639 1687 697 ἔφησεν
1715 636 1742 695 ἦ
1775 688 1778 691 ,

303 704 401 762 κόρη
418 706 520 760 μετὰ
538 710 678 760 θυμοῦ
696 704 774 748 “02²1
797 704 965 749 παύεται
985 705 1006 748 ὃ
1028 707 1098 757 σὸς
1117 707 1203 758 υἱὸς
1223 711 1380 750 πολλῶν
1398 708 1602 761 ἐμπιπλῶν
1620 704 1750 762 αἷμά-ε

254 783 285 817 C
309 792 388 817 των
408 774 476 829 ἐμὲ
497 776 562 816 καὶ
583 774 652 817 τὸν
671 774 766 828 ε’μὸν
787 776 1035 832 παροργίζιον
1061 775 1148 817 υἱὸν
1176 778 1241 818 καὶ
1268 774 1427 829 θεόν,·”
1463 774 1593 820 πολλά
1617 793 1661 819 τε
1679 773 1744 818 ἕκ-

304 860 394 885 τοτε
423 842 490 885 τὸν
521 840 666 898 ἑαυτῆς
694 841 910 900 ε’ξελιπάρει
937 842 1025 886 υἱὸν
1055 849 1127 899 τῆς
1154 849 1234 887 τῶν
1263 841 1531 898 εἶκονομάχων
1562 844 1747 899 &rivas

306 910 513 967 αἱρέσεως,
547 910 618 965 τὴν
640 910 737 965 ὄψιν
756 910 1103 968 ἓκτραγῳδήσασα.
1169 914 1235 954 καὶ
1265 910 1380 969 ἑτέρα
1411 913 1457 954 δέ
1481 929 1542 963 τις
1570 910 1668 966 ι’)’ψις
1695 909 1801 955 οὗ10

305 983 459 1036 μικρῶς
481 977 766 1035 συνετάρασσε·
802 977 1009 1037 Ταράσιος
1025 979 1102 1037 γὰρ
1123 977 1144 1021 ὅ
1166 980 1347 1034 ἀοίδιμος
1366 978 1638 1037 πατριάρχης,
1667 977 1748 1021 πά-

308 1052 376 1090 λαι
393 1048 462 1090 τὸν
477 1048 568 1101 βιόν
585 1045 861 1102 μετηλλαχώς,
897 1047 1072 1103 Μιχαήλ
1089 1065 1178 1090 τινα
1196 1047 1321 1091 ἐδόκει
1341 1053 1472 1090 καλεῖν
1490 1049 1532 1099 ἓξ
1551 1046 1748 1102 ὀνόματος

308 1116 350 1159 ἐν
376 1115 560 1172 ὀνείροις,
607 1116 848 1170 ἕπιπηδῆσαι
880 1114 1197 1172 προτρεπόμενος
1224 1121 1280 1174 τῷ
1308 1117 1460 1159 Λέοντι
1493 1118 1560 1158 καὶ
1589 1116 1748 1171 καιρίαν

306 1187 453 1238 πλῆξαι
474 1181 607 1226 αὐτόν.
675 1182 856 1240 ε’στρόβει
884 1185 927 1227 δὲ
952 1183 1073 1226 αὐτὸν
1102 1186 1168 1226 καὶ
1187 1182 1214 1239 ἦ
1237 1188 1308 1226 τοῦ
1325 1185 1427 1227 κατὰ
1444 1183 1490 1226 τὸ
1512 1185 1747 1239 Φιλομίλιον
1775 1233 1778 1235 ,

307 1256 485 1306 μοναχοῢ
503 1250 722 1309 πρόρρησις
742 1254 806 1294 καὶ
825 1250 850 1306 ἢ
869 1256 940 1307 τῆς
959 1252 1132 1307 ἐσθῆτος
1149 1253 1433 1309 μεταμφίασις,
1460 1251 1510 1306 ἣν
1529 1250 1552 1295 ὅ
1574 1251 1747 1307 Μιχαὴλ
1757 1258 1802 1295 15

306 1318 542 1374 ἐποιήσατο,
586 1319 641 1370 ὥς
667 1336 743 1362 που
775 1317 1009 1378 φθάσαντες
1035 1318 1311 1377 ἱστορήσαμεν.
1380 1317 1440 1370 οἷς
1461 1318 1587 1363 ἅπασι
1605 1323 1753 1374 δειμαω4

304 1386 495 1442 τούμενος
519 1386 539 1429 ὅ
559 1388 749 1443 βασιλεὺς
777 1387 966 1431 ε’πάλλετό
994 1405 1036 1431 τε
1065 1393 1122 1446 τῷ
1152 1389 1230 1431 δέει
1249 1391 1315 1430 καὶ
1336 1388 1408 1443 τὴν
1425 1389 1564 1443 ψυχὴν
1582 1387 1749 1442 ἔκυμαί-

252 1469 285 1505 D
306 1473 407 1499 νετο.
476 1456 537 1498 διὸ
564 1459 631 1499 καὶ
662 1456 862 1512 ἄγρυπνος
890 1456 1049 1499 διετέλει
1070 1456 1171 1513 παρ’
1203 1456 1298 1511 ὅλην
1315 1456 1387 1511 τὴν
1405 1454 1542 1498 νύκτα.
1609 1453 1749 1512 σοφώ-

304 1542 400 1581 τερα
426 1525 557 1566 τοίνυν
585 1523 611 1578 ἢ
640 1524 934 1582 βασιλικώτερα
954 1522 1296 1578 βουλευσάμενος,
1329 1524 1402 1579 τὴν
1424 1525 1486 1566 ἐπὶ
1508 1524 1578 1567 τὸν
1597 1524 1748 1566 παπίαν

304 1594 508 1651 φέρουσαν
531 1594 678 1636 πυλίδα
703 1591 921 1650 διαρρήξας
952 1591 1182 1636 κατεσκόπει
1208 1592 1259 1635 τὰ
1288 1592 1413 1635 ἔνδον.
1481 1591 1804 1641 &camah-dizo

307 1660 361 1710 εἴς
384 1678 422 1703 τι
453 1659 655 1714 δωμάτιον
678 1662 818 1716 θέαμα
847 1660 922 1721 ὁρᾷ
954 1663 1009 1711 εἷς
1038 1660 1222 1715 ἔκπληξιν
1248 1660 1295 1702 οὗ
1321 1659 1395 1715 τὴν
1423 1665 1626 1714 τυχοῦσαν
1651 1658 1749 1715 ἄγον

306 1726 448 1771 αὐτόν·
484 1727 559 1772 εἶδε
581 1729 658 1786 γὰρ
684 1729 752 1772 τὸν
780 1730 853 1784 μὲν
883 1728 1120 1786 κατάκριτον
1153 1730 1215 1771 ἐπὶ
1242 1728 1434 1782 στιβάδος
1455 1725 1618 1783 ὖψηλῆς
1644 1725 1748 1775 πάνυ

304 1800 615 1853 μεγαλοπρεπῶς
635 1798 902 1852 ἀνακείμενον,
934 1797 1002 1840 τὸν
1033 1798 1076 1841 δὲ
1102 1798 1254 1839 παπίαν
1281 1798 1343 1840 ἐπὶ
1370 1800 1492 1853 ξηροῦ
1516 1793 1751 1840 κατακλινό-

398 1891 421 1929 5
441 1885 489 1937 ἧς
510 1891 540 1926 Ρ
677 1894 700 1929 7
724 1890 904 1937 ἐμπιπλὰς
927 1892 957 1927 C
1072 1892 1118 1928 16
1138 1903 1205 1936 περ
1229 1892 1259 1926 C
1371 1893 1414 1927 21
1439 1891 1491 1932 εἰς
1513 1889 1556 1926 τὸ
1582 1902 1698 1936 margo
1721 1889 1751 1924 P

308 1984 349 2009 se
370 1971 492 2007 videre
515 1971 682 2018 sanguine
702 1971 881 2018 repletam,
913 1976 949 2007 et
971 1971 1139 2016 virginem
1161 1971 1262 2006 istam
1284 1969 1418 2006 cuidam
1441 1970 1631 2005 albatorum
1651 1981 1749 2004 man-

308 2019 394 2054 dare
416 2023 456 2053 ut
478 2018 578 2052 ollam
601 2017 769 2063 sanguine
791 2018 950 2062 impleret
972 2018 1142 2062 matrique
1168 2016 1297 2051 Leonis
1327 2016 1510 2050 bibendum
1533 2016 1751 2060 porrigerem

310 2076 349 2099 se
374 2069 487 2099 autem
511 2064 688 2098 multorum
710 2074 874 2098 annorum
895 2063 1097 2098 viduitatem
1118 2063 1358 2108 praetendere,
1381 2062 1477 2096 cuius
1499 2062 1613 2106 gratia
1636 2073 1750 2107 neque

310 2122 431 2144 carnes
446 2121 558 2154 neque
574 2109 754 2156 quicquam
773 2108 940 2154 sanguine
963 2109 1155 2154 praeditum
1175 2113 1360 2152 gustasset,
1387 2107 1535 2151 ideoque
1553 2106 1622 2141 olla
1644 2107 1750 2142 etiam

310 2155 375 2190 hac
387 2155 589 2190 abstineret.
613 2160 682 2190 tum
697 2155 866 2199 virginem
880 2154 1001 2188 iratam
1014 2154 1132 2188 dicere
1143 2149 1228 2198 “qui
1244 2165 1326 2197 ergo
1340 2152 1431 2187 filius
1447 2157 1525 2186 tuus
1542 2163 1609 2186 non
1625 2152 1754 2188 desinit

310 2213 350 2236 se
366 2202 468 2236 multo
484 2212 606 2236 cruore
622 2200 777 2246 opplere,
799 2211 910 2245 eoque
929 2211 982 2234 me
1005 2204 1042 2234 et
1061 2199 1167 2234 filium
1189 2199 1289 2233 deum
1308 2209 1416 2232 meum
1434 2197 1573 2232 irritare
1582 2194 1625 2232 ‘2”
1646 2203 1753 2244 atque

310 2249 354 2282 ab
390 2260 431 2281 eo
462 2252 616 2293 tempore
650 2251 757 2280 mater
786 2246 955 2280 visionem
986 2245 1086 2279 istam
1109 2245 1243 2289 tragice
1265 2245 1442 2288 reserens,
1477 2255 1546 2278 non
1568 2243 1755 2279 destiterat

308 2293 462 2327 Leonem
496 2292 627 2327 hortari
659 2297 697 2326 ut
718 2291 1040 2337 imaginiperdarum
1063 2291 1201 2325 haeresi
1223 2290 1422 2327 obsisteret.
1469 2290 1696 2334 perturbabat
1717 2293 1754 2324 et

310 2338 379 2372 alia
403 2339 493 2373 haud
517 2338 650 2372 modice
672 2337 778 2372 visio.
825 2349 902 2372 nam
927 2348 989 2383 per
1011 2336 1162 2382 quietem
1184 2336 1281 2370 visus
1303 2336 1372 2370 sibi
1396 2335 1512 2370 fuerat
1533 2334 1654 2370 audire
1677 2335 1754 2370 Ta-

309 2384 438 2417 rasium
459 2384 688 2429 patriarcham
707 2383 856 2418 nobilem
873 2382 977 2427 illum,
1003 2382 1062 2428 qui
1084 2382 1278 2416 iamdudum
1301 2381 1407 2416 vitam
1432 2391 1507 2415 cum
1528 2385 1639 2415 morte
1659 2392 1752 2415 com-

311 2434 516 2474 mutaverat,
542 2429 750 2464 Michaelum
773 2429 943 2474 quendam
966 2428 1166 2463 nominatim
1191 2427 1368 2462 exhortari
1392 2431 1496 2471 atque
1519 2426 1696 2471 impellere
1714 2429 1753 2460 ut

310 2474 348 2508 in
370 2474 520 2509 Leonem
542 2475 705 2520 impetum
736 2476 870 2510 faceret
899 2474 1063 2519 letalique
1091 2473 1163 2508 ictu
1197 2477 1380 2508 sterneret.
1428 2471 1629 2515 exagitabat
1650 2471 1752 2506 etiam

312 2519 469 2554 monachi
491 2521 580 2565 apud
604 2521 839 2555 Philomelium
862 2519 1067 2566 praedictio,
1091 2524 1127 2554 et
1147 2519 1257 2554 vestis
1280 2530 1363 2553 suae
1385 2529 1405 2552 a
1418 2516 1589 2551 Michaelo
1610 2517 1754 2552 indutae

311 2564 529 2609 recordatio,
565 2577 665 2610 quam
687 2578 759 2600 rem
782 2578 886 2611 supra
908 2566 1140 2612 exposuimus.
1185 2564 1239 2600 his
1265 2565 1419 2598 omnibus
1442 2562 1634 2597 terroribus
1656 2566 1755 2597 actus

312 2611 500 2656 imperator
530 2616 620 2645 metu
654 2613 916 2647 concutiebatur
947 2617 1050 2657 atque
1075 2610 1187 2645 animo
1210 2610 1420 2653 fluctuabat,
1454 2618 1599 2661 eamque
1620 2611 1755 2642 noctem

311 2656 499 2691 insomnem
522 2656 662 2700 exigens
683 2657 874 2702 sapientius
898 2669 998 2703 quam
1021 2656 1088 2691 sibi
1112 2655 1319 2690 commodius
1342 2653 1518 2688 consilium
1537 2652 1628 2687 iniit.
1677 2664 1755 2688 nam

313 2707 481 2748 perrupta
505 2713 573 2746 qua
595 2703 638 2735 ad
661 2703 798 2747 papiam
820 2703 935 2737 ibatur
959 2702 1114 2749 portula,
1139 2701 1271 2735 domum
1296 2699 1369 2734 eius
1395 2699 1559 2742 intravit,
1595 2698 1755 2744 specula-

313 2754 386 2782 tum
412 2747 495 2792 quid
518 2747 568 2782 ibi
590 2754 782 2791 gereretur.
829 2748 986 2793 ingresso
1010 2749 1144 2783 domum
1167 2757 1240 2781 eam
1264 2743 1493 2791 spectaculum
1518 2744 1668 2779 oblatum
1690 2748 1757 2787 est,

314 2793 407 2838 quod
431 2804 506 2827 eum
528 2792 618 2827 haud
640 2793 830 2840 vulgariter
852 2794 1053 2839 perterruit.
1099 2792 1188 2827 vidit
1217 2802 1364 2835 namque
1389 2790 1582 2825 damnatum
1614 2790 1683 2825 alto
1715 2801 1757 2824 ac

315 2838 497 2885 magnifice
515 2838 693 2875 admodum
716 2844 889 2876 exstructo
910 2843 988 2876 toro
1012 2840 1139 2885 iacere,
1170 2837 1275 2884 papia
1297 2836 1334 2872 in
1358 2836 1450 2872 nudo
1477 2835 1675 2882 pavimento
1697 2846 1756 2871 re-
