1890 3236
285 206 380 253 140
753 203 990 249 GEORGII
1019 205 1263 250 CEDRENI

277 320 321 361 ἐκ
342 318 561 376 προοιμίων
577 314 807 372 ὖποθήκαις
824 316 982 375 ἀνδρῶν
1000 317 1176 373 εὐσεβῶν
1196 320 1247 362 τὰ
1263 323 1340 376 τῆς
1359 319 1551 380 αἱρέσεως
1569 321 1735 367 ἀνεσκο-

277 394 385 431 πεῖτο
405 392 484 428 τῶν
504 383 795 439 εἴκονομάχων,
824 385 903 428 ἀπὸ
925 390 996 441 τῆς
1013 390 1223 441 βασιλείας
1239 389 1422 441 Λέοντος
1439 395 1514 434 τοῦ
1531 391 1574 442 ἐξ
1589 391 1732 450 Ἀρμιεὁ

274 458 368 498 νίων
389 456 453 496 καὶ
472 454 590 509 μέχρι
610 457 684 508 τῆς
702 457 887 508 τελευτῆς
911 455 1115 513 Θεοφίλου
1145 457 1218 512 τὴν
1246 455 1324 500 ὑπὸ
1349 456 1574 513 Ῥωμαίους
1598 461 1732 504 διανε-

272 522 460 577 μομένης.
528 523 808 564 συνεπετίθετο
839 524 882 566 δὲ
910 528 960 581 τῇ
996 526 1232 582 καθαιρέσει
1257 525 1407 581 ταύτης
1427 529 1494 569 καὶ
1513 525 1535 570 ὃ
1563 526 1734 571 Θεόκτι-

275 607 381 640 στος.
451 587 472 631 ὅ
508 590 553 631 δὲ
590 590 797 646 Μανουὴλ
836 592 903 634 ἐπί
933 609 1023 635 τινα
1053 594 1192 650 καιρὸν
1217 593 1394 647 ὀκλάζων
1419 589 1492 650 ἦν,
1526 595 1658 647 οὐδεὶς
1689 596 1765 642 δέὄ

273 656 624 715 παρρησιάζεσθαι
655 657 805 713 ἐτόλμα
814 690 827 711 ,
867 662 923 711 εἷς
950 662 1180 719 τούμφανὲς
1207 663 1372 718 ἐνεγκεῖν
1401 661 1522 719 λόγον
1544 665 1635 721 περὶ
1660 668 1733 719 τῆς
1770 693 1773 697 ’

274 725 423 780 ταύτης
441 732 746 784 καταστροφῆς,
781 732 856 771 τοῦ
871 730 1055 772 πλείστου
1072 731 1222 788 μέρους
1239 736 1312 786 τῆς
1329 730 1551 787 συγκλήτου
1570 733 1638 775 καὶ
1661 736 1734 788 τῆς

274 793 447 838 συνόδου
488 796 556 836 καὶ
594 797 720 838 αὐτοῦ
753 800 827 838 τοῦ
862 796 1112 855 πατριάρχου
1148 803 1200 855 τῇ
1235 799 1384 856 αἱρέσει
1417 800 1734 855 κατεσχημένων.

276 862 401 918 μόνος
429 863 473 905 δὲ
499 867 618 906 τοῦτο
639 862 830 919 ἐτόλμησε
852 868 1030 921 κινηθεὶς
1052 869 1094 909 ἐκ
1115 870 1234 918 θειάς
1255 869 1451 925 ἐνεργείας
1471 867 1492 912 ὃ
1514 867 1734 925 Μανουήλ.

224 940 254 974 Β
279 930 472 988 πρότερον
489 932 562 986 μὲν
582 930 681 989 γάρ,
708 930 763 982 ὥς
781 933 933 990 εἶῖρηται
941 966 955 986 ,
985 934 1196 988 ἐνδοιάζων
1213 931 1262 992 ἦν
1279 939 1368 992 περὶ
1389 936 1463 992 τὴν
1482 941 1562 980 τῶν
1577 941 1731 980 oenum
1741 944 1786 981 10

275 998 435 1043 εἰκόνιον
463 999 752 1057 προσκύνησιν,
781 1000 950 1059 ὕστερον
978 1004 1022 1046 δὲ
1051 1003 1200 1061 ταύτην
1230 1004 1442 1060 ἠσπάσατο
1474 1006 1518 1048 ἐκ
1544 1003 1736 1061 τοιαύτης

275 1070 418 1119 αι’τίας.
485 1067 592 1126 νόσῳ
626 1070 848 1125 κατεσχέθη
877 1070 1168 1130 χαλεπωτάτῃ,
1212 1075 1279 1116 καὶ
1307 1073 1535 1129 ἀπέγνωστο
1565 1074 1676 1133 αὐτῷ’
1704 1072 1732 1128 ἦ

276 1136 355 1191 ζωή
369 1169 381 1188 ,
411 1134 543 1191 πάσης
571 1140 752 1194 ἰατρικῆς
779 1139 917 1194 τέχνης
945 1140 1248 1196 ἀποκαμούσης.
1315 1136 1447 1197 ἦλθον
1469 1137 1540 1184 οὖν
1557 1143 1660 1193 τινὲς
1677 1143 1734 1192 εἷς

275 1205 421 1256 αὐτόν,
467 1205 683 1260 ἀκηκοότες
714 1211 856 1249 τοῦτον
886 1206 1101 1261 τεθνάναι,
1146 1210 1328 1263 εὐλαβεῖς
1355 1211 1524 1265 μοναχοὶ
1554 1210 1632 1253 ἀπὸ
1659 1214 1733 1266 τῆς

272 1278 346 1315 τοῦ
374 1275 575 1316 Στουδιόυ
606 1280 754 1330 μονῆς·
800 1279 1128 1333 προσεγγίσαντες
1159 1278 1202 1320 δὲ
1231 1282 1283 1334 τῇ
1311 1279 1446 1335 κλίνῃ,
1480 1279 1546 1321 καὶ
1576 1277 1732 1335 γνόντες
1743 1282 1787 1319 15

275 1343 397 1384 αὐτὸν
414 1342 469 1385 ἔτι
491 1344 560 1398 ζῆν
577 1360 619 1385 τε
641 1345 706 1384 καὶ
727 1345 905 1397 ἐμπνεῖν,
933 1348 1244 1401 εὐαγγελίζονται
1262 1346 1368 1401 ζωὴν
1387 1347 1496 1405 αὐτῷ
1514 1348 1581 1389 καὶ
1604 1345 1732 1403 ἄνᾶρ-

276 1428 401 1465 ρωσιν
441 1413 508 1452 καὶ
548 1411 649 1467 πρὸς
681 1412 753 1467 τὴν
782 1412 1011 1468 ἔμπροσθεν
1039 1413 1190 1470 ὑγίειαν
1228 1413 1566 1458 ἀποκατάστασιν.
1634 1412 1655 1457 ὃ
1688 1415 1733 1457 δὲ

274 1478 470 1534 πρότερον
503 1480 576 1533 μὲν
607 1482 821 1534 διηπίστει·
858 1481 969 1536 ὅμως
1001 1483 1262 1536 ἐνισταμένων
1290 1487 1371 1526 τῶν
1399 1485 1525 1527 θείων
1557 1483 1732 1540 ἀνδρῶν,

276 1549 342 1589 καὶ
374 1548 432 1603 μὴ
463 1547 676 1600 ἐνδοιάζειν
707 1547 899 1605 λεγόντων
918 1551 1019 1608 πρὸς
1038 1552 1111 1606 τὴν
1132 1551 1287 1608 δωρεὰν
1308 1552 1374 1594 καὶ
1396 1551 1519 1602 δόξαν
1537 1556 1609 1594 τοῦ
1628 1554 1733 1594 θεοῦ

226 1623 256 1656 C
279 1617 353 1670 τὴν
379 1616 739 1673 ἀποκαλυφθεῖσαν
772 1619 907 1669 αὐτοῖς
914 1650 927 1670 ,
961 1621 1105 1676 μικρὸν
1138 1620 1352 1676 ἀνενεγκὼν
1371 1624 1445 1675 τῆς
1462 1618 1584 1662 νόσου
1605 1617 1788 1670 οὕτως-20

278 1686 378 1741 φησὶ
398 1685 499 1739 πρὸς
519 1685 665 1736 αὐτοὺς
683 1690 812 1744 λεπτῷ
833 1690 898 1729 καὶ
920 1688 1089 1744 ἀδρανεῖ
1101 1693 1158 1746 τῷ
1178 1687 1362 1742 ἄσθματι
1385 1686 1484 1731 “nai
1510 1692 1596 1738 πῶς
1621 1687 1732 1731 ἕσται

277 1769 349 1807 μοι
378 1757 519 1805 τοῦτο,
545 1749 578 1796 ὦ
606 1758 712 1796 θεῖοι
738 1756 930 1813 πατε’ρες,·
961 1757 1003 1798 αἱ
1025 1759 1198 1812 ψυχικαὶ
1222 1756 1410 1812 δυνάμεις
1431 1751 1732 1808 ἀπολελοίπασι,

281 1821 328 1864 τὸ
345 1825 463 1877 σῶμα
482 1823 614 1865 τέλεον
630 1824 867 1879 ἐξησθένηκε
886 1827 953 1867 καὶ
973 1827 1249 1881 κατέσκληκεν.
1316 1826 1394 1883 ε’γιὺ
1411 1826 1456 1868 δὲ
1469 1831 1602 1880 κεῖμαι
1616 1841 1734 1868 τετα-

372 1940 396 1977 6
416 1937 741 1985 παρρησιάσασθαι
763 1943 795 1978 C
931 1946 976 1980 10
996 1941 1215 1979 πανσέπτων
1232 1944 1264 1979 C
1401 1944 1446 1982 12
1465 1955 1548 1981 κατ.
1569 1941 1593 1981 ὁ
1616 1943 1734 1990 δηλω-

372 1986 456 2028 θεὶς
478 1987 662 2034 Μανουὴλ
683 2000 714 2033 χ.
738 1990 768 2024 C
903 1990 948 2025 20
970 1988 1041 2035 τὴν
1064 1989 1223 2036 δύναμιν
1244 1989 1313 2025 τοῦ
1337 1990 1368 2026 C

276 2089 413 2134 statim,
443 2090 535 2135 quod
558 2090 609 2136 pii
627 2091 783 2126 homines
804 2091 1055 2138 hortabantur,
1087 2092 1132 2127 de
1158 2091 1483 2138 imaginiperdarum
1505 2089 1644 2126 haeresi
1668 2089 1732 2126 de-

275 2136 448 2180 liberare,
481 2148 569 2182 quae
591 2139 635 2172 ab
656 2138 800 2183 imperio
831 2139 961 2172 Leonis
993 2139 1148 2174 Armenii
1170 2140 1215 2174 ad
1242 2144 1384 2173 mortem
1407 2149 1518 2183 usque
1540 2136 1733 2182 Theophili

276 2193 343 2227 per
370 2183 557 2217 Romanam
581 2195 619 2218 se
641 2189 897 2229 propagaverat
919 2184 1102 2220 dicionem.
1150 2186 1194 2220 ad
1228 2197 1303 2219 eam
1326 2184 1582 2229 exstirpandam
1609 2183 1731 2218 Theo-

278 2228 402 2262 ctistus
424 2239 561 2273 quoque
583 2241 622 2264 se
644 2231 774 2264 socium
799 2230 974 2275 praebuit,
999 2231 1161 2266 Manuelo
1185 2230 1392 2276 aliquamdiu
1413 2234 1572 2264 nutante.
1617 2232 1733 2274 neque*

278 2285 364 2308 vero
388 2280 509 2320 aperte
533 2274 712 2320 quisquam
734 2288 806 2311 rem
829 2277 972 2321 aggredi
995 2278 1160 2321 audebat,
1196 2289 1271 2312 cum
1295 2276 1403 2310 maior
1425 2286 1507 2320 pars
1529 2279 1672 2310 senatus
1695 2277 1733 2309 et

279 2319 418 2354 concilii
438 2325 542 2366 atque
565 2321 642 2366 ipse
666 2322 768 2357 etiam
791 2323 991 2368 patriarcha
1013 2323 1149 2357 haeresi
1172 2324 1207 2357 ei
1231 2328 1348 2357 essent
1370 2321 1494 2356 dediti.
1541 2319 1634 2355 solus
1666 2320 1733 2354 hoc

280 2376 383 2399 ausus
418 2373 473 2400 est
504 2366 706 2412 Manuelus,
744 2368 864 2403 divina
896 2368 1066 2403 excitatus
1098 2369 1148 2403 vi.
1195 2380 1270 2403 cum
1301 2368 1390 2402 enim
1424 2368 1469 2401 de
1499 2366 1639 2411 negotio
1661 2366 1732 2401 isto

280 2411 506 2456 aliquamdiu,
532 2419 571 2447 ut
585 2414 751 2458 diximus,
777 2426 904 2459 anceps
929 2414 1151 2459 haesitasset,
1175 2416 1313 2449 tandem
1338 2420 1376 2448 ut
1397 2413 1490 2448 serio
1513 2412 1551 2446 id
1574 2411 1732 2466 suscipe-

278 2461 355 2500 ret,
382 2458 469 2491 hanc
493 2459 614 2493 habuit
637 2471 784 2495 causam.
830 2461 1003 2495 inciderat
1026 2461 1062 2495 in
1081 2460 1320 2505 gravissimum
1341 2461 1516 2502 morbum,
1542 2458 1628 2492 adeo
1653 2468 1731 2503 qm-

279 2503 357 2536 dem
390 2508 429 2536 ut
463 2505 553 2537 omni
583 2506 790 2541 medicorum
811 2513 886 2541 arte
908 2507 1100 2552 defatigata
1122 2507 1188 2541 iam
1213 2509 1257 2541 de
1279 2506 1354 2540 vita
1375 2506 1450 2540 eius
1473 2505 1732 2557 desperaretur.

281 2559 359 2582 eum
394 2560 573 2584 accessere
608 2552 745 2597 quidam
769 2553 819 2598 pii
842 2552 1002 2587 monachi
1025 2565 1069 2587 ex
1092 2553 1208 2587 Studii
1232 2551 1461 2593 monasterio,
1494 2550 1619 2593 qulbus
1641 2559 1730 2582 nun-

280 2593 401 2628 tiatum
435 2595 551 2628 fuerat
584 2609 660 2631 esse
689 2605 879 2640 mortuum3
917 2610 1062 2644 cumque
1084 2599 1128 2633 ad
1149 2598 1273 2633 lectum
1297 2595 1454 2642 aggressi
1476 2594 1598 2629 vivere
1621 2594 1734 2648 adhuc

282 2645 319 2674 et
347 2639 482 2686 spirare
513 2642 722 2688 sensissent,
755 2644 882 2678 laetum
906 2644 939 2678 ei
964 2645 1008 2679 de
1029 2644 1104 2679 vita
1133 2644 1306 2679 servanda
1335 2641 1551 2688 pristinaque
1582 2644 1735 2675 samtate

281 2687 519 2731 recuperanda
549 2689 704 2723 nuntium
733 2690 1035 2734 praedicaverunt.
1082 2702 1156 2724 cum
1187 2695 1299 2724 autem
1321 2687 1423 2722 initio
1446 2685 1644 2727 diffideret,
1677 2691 1734 2719 ta-

283 2743 361 2765 men
383 2731 591 2766 instantibus
614 2734 741 2768 divinis
765 2735 843 2770 istis
866 2736 1072 2780 hominibus,
1094 2734 1428 2781 prohibentibusque
1443 2732 1555 2777 ipsum
1573 2731 1735 2766 dubitare

284 2779 329 2812 de
352 2778 441 2812 dono
466 2777 524 2812 dei
545 2785 580 2811 et
605 2779 715 2822 gloria
736 2780 823 2825 ipsis
846 2783 1041 2826 patefacta,
1079 2780 1249 2826 paululum
1282 2791 1321 2814 se
1353 2791 1397 2813 ex
1421 2779 1540 2812 morbo
1567 2777 1735 2822 colligens

284 2824 382 2858 tenui
415 2835 456 2858 ac
488 2823 661 2858 imbecilla
691 2837 777 2860 voce
807 2823 1023 2871 “quomodo''
1057 2826 1189 2871 inquit,
1223 2823 1358 2859 “divini
1387 2829 1528 2870 patres,
1562 2822 1629 2857 hoc
1652 2822 1736 2856 mihi

285 2869 492 2915 contingat'}
517 2870 614 2905 cuius
638 2875 676 2906 et
696 2871 832 2907 animae
853 2872 1037 2908 facultates
1056 2873 1258 2909 defecerunt
1281 2875 1317 2906 et
1341 2881 1468 2917 corpus
1490 2868 1628 2904 omuino
1650 2879 1735 2903 con-
