1890 3236
290 223 354 273 22
757 221 995 267 GEORGH
1018 221 1261 266 GEDREM
1284 236 1292 258 ε

411 341 498 397 -Τῷ
512 335 548 380 ‹5'
568 335 642 380 ἔτει
659 338 827 386 Παῦλος
843 334 864 378 ὃ
885 333 994 386 ὅσιος
1009 336 1075 378 καὶ
1092 331 1310 390 ἄγιώτατος
1327 331 1574 390 πατριάρχης
1589 331 1718 376 &aasz

290 404 414 462 νήσας
431 406 610 448 κατέλιπε
628 404 697 447 τὸν
715 402 865 461 θρόνον
886 406 953 447 καὶ
971 405 1012 446 ἐν
1030 407 1080 461 τῇ
1105 405 1209 458 μονῇ
1230 406 1307 444 τῶν
1326 400 1504 459 Φλώρου
1526 399 1720 458 ‹insuden-

286 474 441 532 ἔρχεται
462 469 530 516 οὖν
550 471 651 530 πρὸς
671 472 792 515 αὐτὸν
808 474 1025 526 βασίλισσα
1044 470 1282 524 λυπουμένη,
1310 470 1377 511 καὶ
1397 467 1587 526 (mul-“vl
1599 473 1722 512 rafim·

287 544 475 596 ἐποίησας
486 541 532 595 ,·²'
569 539 590 583 ὃ
612 541 656 583 δὲ
673 541 774 595 μετὰ
790 539 953 597 θρήνων
970 540 1047 597 ἔφη
1074 538 1191 582 “εἰ’θε
1210 538 1314 592 μηδὲ
1328 535 1500 580 ἐκάθισα
1519 539 1562 580 ἓν
1576 541 1635 596 τῷ
1649 540 1721 593 τῆς

289 608 502 666 ἱερωσύνης
534 607 694 667 θρόνῳ,
746 613 818 664 τῆς
847 610 1053 663 ἐκκλησίας
1081 612 1153 650 τοῦ
1180 609 1284 649 θεοῦ
1311 605 1624 661 τυραννουμένης
1652 608 1718 649 καὶ
1731 611 1754 647 6

288 677 518 732 ἐσχισμένης
539 678 581 719 ἐκ
599 681 679 720 τῶν
701 681 848 720 λοιπῶν
868 680 1096 720 καθολικῶν
1115 673 1276 732 θρόνων
1293 675 1359 715 καὶ
1377 673 1722 729 ἀναθεματιζομέ-
1766 710 1769 713 .

287 763 371 801 νης.
436 746 504 788 καὶ
531 745 601 788 ἐὰν
628 745 687 800 μὴ
715 743 883 795 σύνοδος
911 745 1067 801 γένηται
1098 741 1347 797 οῗκουμενικὴ
1379 743 1444 784 καὶ
1471 741 1526 784 τὰ
1551 742 1724 800 ἐνμέσῳ

288 812 509 871 σφάλματα
525 816 766 870 διορθωθῇ,
812 813 884 856 οὒκ
914 812 1018 867 ἔχετε
1043 810 1287 867 σωτηρίαν.”
1356 807 1382 864 ἦ
1411 810 1455 852 δὲ
1483 810 1586 853 εἶπεν
1604 810 1725 868 αὐτῷ

282 879 380 925 “nai
395 883 463 924 ἵνα
485 882 528 924 τί
542 880 780 938 ὖπέγραψας
797 882 838 924 ἐν
859 885 916 939 τῷ
931 879 1252 938 χειροτονεῖσθαί
1264 895 1308 921 σε
1328 881 1401 920 τοῦ
1418 878 1476 932 μὴ
1493 884 1725 934 προσκυνεῖν

288 948 495 1004 εῖκόνας;”
531 948 553 992 ὅ
575 951 619 992 δὲ
638 949 715 1007 ἔφη
743 948 839 991 “uui
872 949 940 991 διὰ
967 953 1085 992 τοῦτο
1117 951 1259 1005 θρηνῶ
1288 947 1355 988 καὶ
1383 945 1483 1003 πρὸς
1511 943 1781 1000 μετοίνοιανὶθ

289 1016 539 1074 καταφεύγω,
573 1016 757 1071 δεόμενος
776 1022 847 1060 τοῦ
868 1021 969 1059 θεοῦ
982 1017 1052 1059 ἵνα
1069 1017 1125 1072 μὴ
1149 1014 1204 1066 ὡς
1223 1014 1329 1071 ἱερέα
1348 1031 1397 1068 με
1419 1012 1585 1070 κολάσῃ,
1611 1013 1727 1070 σιγή-

240 1091 271 1127 C
294 1102 420 1128 σαντα
439 1086 512 1135 ἕως
532 1089 606 1127 τοῦ
625 1090 694 1127 νῦν
715 1087 782 1126 καὶ
803 1085 861 1140 μὴ
885 1083 1109 1141 κηρύξαντα
1127 1083 1202 1139 τὴν
1221 1082 1418 1137 ἀλήθειαν
1442 1086 1500 1139 τῷ
1521 1079 1638 1140 φόβῳ
1655 1087 1728 1138 τῆς
1790 1091 1792 1096 “

287 1155 433 1208 μανίας
452 1151 610 1206 ῧμῶν.”
678 1153 720 1194 ἐν
740 1151 895 1203 τούτοις
911 1151 1107 1207 ἐκοιμήθη
1131 1153 1172 1194 ἐν
1195 1149 1342 1208 εἰρήνῃ.
1410 1149 1541 1193 ἔκτοτε
1561 1145 1633 1192 οὖν
1650 1150 1728 1208 ἦρέ

287 1224 384 1272 ξατο
415 1223 627 1264 λαλεῖσθαι
656 1218 680 1261 ὅ
711 1223 802 1279 περὶ
832 1225 912 1264 τῶν
943 1219 1066 1277 ἁγίων
1098 1217 1258 1263 εἰκόνων
1282 1217 1399 1274 λόγος
1421 1219 1626 1279 παρρησία
1648 1217 1728 1263 ὑπὸ

286 1287 459 1332 πάντων.
1612 1308 1614 1310 >
1740 1292 1783 1328 15

425 1359 500 1413 Τῷ
531 1352 560 1397 ε’
590 1352 665 1398 ἴτει
684 1359 964 1411 συναγαγοῧσα
986 1353 1012 1409 ἦ
1032 1355 1191 1409 βασιλὶς
1213 1351 1366 1411 Εἰρήνη
1387 1353 1613 1408 πᾶσαντὴν
1630 1351 1731 1410 σύγ’-

289 1426 432 1478 κλητον
453 1425 520 1466 καὶ
542 1423 611 1466 τὸν
631 1423 730 1466 λαὸν
750 1422 874 1477 ἐζήτει,
895 1425 953 1473 τίς
972 1421 1174 1478 γενήσεται
1196 1420 1467 1477 πατριάρχης,
1501 1423 1568 1463 καὶ
1588 1420 1732 1472 πάντες

290 1490 544 1548 ἐξεφώνησαν
567 1489 774 1548 Ταράσιον
803 1491 871 1533 τὸν
890 1491 1119 1547 ἀσηκρῆτις.
1185 1488 1206 1531 ὅ
1231 1490 1274 1531 δὲ
1297 1495 1525 1545 παρῃτεῖτο,
1557 1489 1630 1544 τὴν
1651 1494 1731 1533 τῶν

292 1562 401 1601 λαῶν
419 1561 485 1601 καὶ
507 1563 585 1602 τῶν
607 1560 822 1614 ἐκκλησιῶν
841 1557 1166 1615 προβαλλόμενος
1185 1558 1452 1612 διχοστασίαν,
1476 1558 1544 1598 καὶ
1563 1555 1732 1600 σύνοδον

292 1627 457 1677 ἐξαιτῶν
481 1627 679 1682 γενέσθαι.
750 1630 822 1681 τῆς
847 1627 891 1668 de*
911 1627 1150 1680 βασιλίσσης
1170 1626 1236 1666 καὶ
1255 1628 1326 1666 τοῦ
1348 1627 1447 1665 λαοῦ
1467 1627 1586 1666 τοῦτο
1605 1631 1787 1668 κατα-ΞΟ

292 1694 528 1747 νευσάντων,
551 1700 601 1751 τῇ
620 1691 674 1737 κε’
696 1698 768 1737 τοῦ
779 1695 1027 1750 Δεκεμβρίου
1052 1691 1177 1747 μηνὸς
1194 1695 1267 1746 τῆς
1287 1690 1325 1746 η’
1342 1692 1582 1742 ῗνὸικτίωνος
1595 1709 1732 1750 χειρο-

291 1769 460 1806 τονεῖται
488 1762 509 1804 ὃ
542 1761 650 1813 ὅσιος
679 1763 810 1818 πατὴρ
840 1761 953 1816 ἡμῶν
975 1759 1182 1818 Ταράσιος
1207 1758 1455 1816 πατριάρχης
1475 1761 1734 1804 Κωνσταντι-

241 1833 272 1869 D
296 1829 530 1880 νουπόλεως.
596 1831 663 1872 καὶ
688 1830 921 1880 ἀποστείλας
937 1831 977 1872 ἐν
992 1827 1127 1885 Ῥώμῃ
1147 1827 1198 1870 τὰ
1218 1827 1408 1870 συνοδικὰ
1425 1828 1490 1868 καὶ
1511 1827 1581 1869 τὸν
1599 1831 1733 1883 λίβελ-

295 1902 365 1941 λον
385 1903 457 1954 τῆς
475 1899 641 1949 πίστεως
660 1898 792 1941 αὐτῶν
810 1895 1014 1952 ἀπεδέχθη
1031 1896 1143 1954 παρὰ
1160 1899 1231 1938 τοῦ
1249 1893 1362 1938 πάπα
1376 1895 1601 1952 Ἀδριανοῦ.

382 2050 481 2084 Anno
504 2050 527 2085 4
549 2049 676 2084 Paulus
698 2048 933 2083 sanctissimus
957 2046 1156 2092 patriarcha
1181 2047 1301 2082 morbo
1333 2047 1483 2082 affectus*
1500 2047 1587 2082 solio
1609 2049 1732 2084 relicto

296 2101 401 2141 caput
422 2095 521 2139 rasit,
543 2107 650 2140 seque
673 2094 710 2128 in
732 2094 972 2128 monasterium
988 2092 1087 2127 Flori
1109 2093 1252 2127 abdidit.
1298 2092 1499 2138 imperatrix
1521 2093 1733 2135 tristis-eum

295 2142 468 2185 convenit,
492 2152 627 2175 causam
646 2140 732 2174 facti
752 2150 936 2184 quaerens.
960 2138 1014 2172 cui
1037 2138 1164 2172 Paulus
1185 2135 1337 2172 “utinam
1358 2135 1466 2172 vero”
1488 2138 1602 2183 inquit
1621 2135 1733 2174 “solio

295 2186 486 2231 pontificali
513 2197 684 2231 nunquam
712 2185 934 2229 insedissem,
969 2183 1116 2218 ecclesia
1145 2184 1203 2218 dei
1233 2194 1297 2228 per
1323 2184 1541 2228 tyrannidem
1565 2196 1740 2231 oppressa*

297 2236 401 2275 atque
425 2233 469 2269 ab
493 2231 570 2266 aliis
599 2230 778 2266 catholicis
809 2230 904 2264 soliis
935 2229 1056 2264 avulsa
1084 2230 1367 2274 anathemateque
1395 2234 1526 2264 notata.
1571 2230 1742 2276 quodnisi.

298 2279 516 2311 oecumenica
539 2277 729 2312 instituitur
750 2276 902 2320 synodus
926 2280 963 2310 et
983 2275 1147 2310 hactenus
1170 2279 1286 2309 errata
1307 2274 1536 2320 corriguntur,
1568 2275 1663 2310 nulla
1681 2280 1736 2311 est

297 2322 399 2356 vobis
421 2319 551 2357 salus.”
595 2322 776 2368 quaerenti
803 2321 947 2356 ulterius
978 2321 1101 2355 Irenae
1126 2331 1187 2355 cur
1209 2331 1292 2365 ergo
1321 2321 1517 2375 patriarcha
1536 2321 1736 2379 designatus

299 2368 545 2413 subscripserit
573 2379 612 2402 se
645 2367 812 2412 imagines
843 2379 911 2401 non
943 2366 1179 2410 adoraturum,
1211 2362 1302 2400 “hoc
1321 2377 1433 2411 lpsum
1454 2364 1529 2401 est”
1549 2367 1599 2402 ait
1631 2365 1738 2412 ‘quod

299 2412 422 2456 lugeo,
447 2419 482 2447 et
504 2413 547 2447 ad
570 2414 817 2459 poenitentiam
839 2413 1013 2458 confugio,
1037 2413 1136 2446 deum
1156 2413 1346 2457 deprecans
1364 2423 1409 2446 ne
1427 2424 1480 2446 me
1499 2412 1596 2447 velut
1617 2413 1736 2459 ponti-

299 2457 401 2491 ficem
422 2458 564 2502 puniat,
598 2459 656 2503 qui
689 2459 864 2504 hucusque
896 2457 1062 2492 tacuerim
1090 2462 1250 2502 metuque
1275 2458 1404 2492 furoris
1434 2458 1544 2492 vestri
1573 2458 1734 2492 veritatis

300 2503 486 2547 praeconio
508 2501 767 2538 abstinuerim.’'
790 2504 843 2538 his
866 2503 916 2538 ita
938 2503 1024 2538 actis
1046 2503 1106 2537 ille
1126 2503 1231 2538 vitam
1254 2514 1329 2538 cum
1346 2507 1455 2538 morte
1471 2502 1621 2538 feliciter
1637 2514 1734 2537 com-

301 2548 459 2582 mutavit.
507 2549 628 2582 exinde
648 2550 757 2584 libere
778 2551 821 2584 ab
845 2549 999 2584 omnibus
1022 2549 1130 2584 verba
1153 2549 1198 2583 de
1219 2549 1327 2583 sacris
1349 2548 1552 2593 imaginibus
1573 2548 1666 2582 fieri.

392 2593 489 2627 Anno
512 2594 533 2628 5
554 2595 654 2628 Irene
679 2600 800 2629 senatu
831 2595 1026 2640 populoque
1050 2594 1247 2629 convocatis
1268 2594 1468 2629 sententiam
1490 2594 1535 2627 de
1557 2605 1647 2628 novo
1670 2605 1734 2638 pa—

302 2637 454 2673 triarcha
477 2640 623 2673 creando
645 2640 793 2683 rogavit.
840 2641 883 2674 ab
915 2639 1070 2675 omnibus
1101 2640 1168 2674 sibi
1196 2640 1232 2675 id
1254 2651 1372 2674 munus
1395 2638 1541 2673 delatum
1563 2639 1734 2674 Tarasius

303 2684 511 2718 secretarius
534 2686 725 2728 recusavit,
751 2685 953 2730 populorum
984 2690 1020 2720 et
1052 2685 1270 2720 ecclesiarum
1294 2690 1451 2719 causatus
1473 2685 1734 2728 dissensionem,

303 2730 550 2774 conciliumque
572 2731 650 2775 cogi
671 2730 861 2774 postulans.
910 2731 1002 2776 quod
1023 2742 1098 2765 cum
1119 2731 1320 2765 annuissent
1339 2730 1539 2774 imperatrix
1565 2735 1600 2765 et
1622 2742 1734 2776 popu-

302 2775 368 2818 lus,
391 2775 442 2809 ita
464 2777 593 2810 demum
617 2781 753 2810 sanctus
776 2780 875 2821 pater
897 2781 1015 2809 noster
1039 2776 1207 2810 Tarasius
1229 2775 1424 2829 patriarcha
1446 2775 1649 2821 Cpolitanus
1671 2777 1733 2810 de-

303 2820 464 2864 claratur,
487 2821 531 2855 25
550 2821 607 2856 die
628 2821 839 2864 Decembris,
863 2820 1050 2856 indictione
1072 2824 1108 2857 8.
1153 2821 1333 2866 missmque
1358 2822 1500 2855 Romam
1523 2822 1566 2855 de
1589 2820 1734 2855 concilio
1779 2847 1781 2850 -

301 2865 413 2901 literis
435 2872 470 2902 et
492 2867 575 2902 fidei
598 2878 682 2902 suae
703 2866 932 2911 confessione,
956 2872 1010 2901 est
1033 2868 1075 2902 ab
1097 2865 1249 2902 Adriano
1272 2878 1364 2913 papa
1386 2869 1609 2913 approbatus.
