1916 3210
337 221 435 267 '530
744 235 747 239 ·
808 215 1045 262 GEORGII
1077 217 1319 262 GEDRENI

335 350 441 389 κτωρ
460 334 539 374 τῶν
563 330 685 373 ἐκεῖσε
708 329 912 384 δημοσίων
932 327 1070 388 φόρων
1090 331 1292 387 πεμφθεὶς
1319 329 1387 372 καὶ
1407 327 1780 389 βαρέωςπροσενηὸ

335 400 517 456 νεγμὲνος
537 403 620 447 τοῖς
641 397 844 454 ἐγχωρίοις
863 395 994 455 ἑαυτῷ
1011 415 1052 441 τε
1070 397 1243 455 ὄλεθρον
1265 397 1497 454 προεξένησε
1515 399 1583 441 καὶ
1597 398 1780 443 &noard-

336 483 437 516 σεως
455 466 580 515 αἶ’τιος
597 464 727 520 γε’γονε
745 471 828 515 τοΐς
845 466 1151 516 Νικοπολίταις·
1183 465 1242 520 μὴ
1263 465 1450 523 φέροντες
1465 464 1544 523 γὰρ
1558 465 1778 521 τὴνάιίτοῦ

333 533 560 584 πλεονεξίαν
579 533 870 584 ἀποστατοῢσι,
904 535 971 576 καὶ
992 533 1113 576 αὐτὸν
1130 534 1203 589 μὲν
1220 535 1277 583 εἷς
1291 533 1394 590 με’ρη
1412 534 1479 575 καὶ
1498 533 1599 588 με’λη
1619 534 1777 578 κατέτε-

334 619 425 656 μον,
460 600 574 643 αὐτοὶ
602 600 647 642 δὲ
674 599 743 643 τὸν
761 601 932 655 βασιλέα
951 601 1286 658 δυσφημῆσαντες
1307 599 1514 655 Ῥωμαίων
1537 606 1622 652 τοῖς
1643 603 1810 645 ,Bova-5

283 679 313 715 Β
335 668 473 727 γάροις
497 667 755 726 προσέθεντο.
824 668 870 711 οὗ
898 673 1090 712 τοσοῦτον
1111 670 1155 712 δὲ
1183 669 1251 711 διὰ
1275 669 1320 712 τὸ
1354 668 1455 725 πρὸς
1481 667 1552 711 τὸν
1578 666 1780 712 Aea-enimv
1819 693 1822 696 >
1854 668 1858 674 “

334 739 501 796 φίλτρον
521 737 749 794 ἄφηνίασαν
777 738 843 779 καὶ
867 736 937 779 τὸν
963 735 1184 791 Ῥωμαϊκὸν
1210 736 1325 792 ζυγὸν
1343 735 1574 793 ἀπέρριψαν
1594 735 1690 780 ὅσον
1712 735 1780 779 διὰ

332 805 408 861 τὴν
428 809 499 847 τοῦ
521 801 830 861 ὄρφανοτρόφου
850 804 1072 860 ἀπληστίαν
1091 807 1159 848 καὶ
1187 805 1290 861 πρὸς
1315 803 1390 854 τὰς
1416 801 1640 861 εἰσπράξεις
1655 801 1781 861 ὕπερ-

331 871 473 928 βολήν.
540 873 754 915 Βασιλείου
774 873 851 929 γὰρ
871 878 943 915 τοῦ
961 874 1181 927 βασιλέως,
1210 871 1379 928 ὁπηνίκα
1403 870 1780 930 Βουλγάρονςέχεισ

333 939 492 998 ρώσατο
501 971 515 992 ,
556 939 614 994 μὴ
636 945 860 994 νεοχμῶσαι
881 940 1132 996 θελήσαντος
1153 939 1256 991 ὅλως
1275 940 1378 995 μηδιἒ
1399 940 1451 983 τὰ
1470 938 1688 997 πράγματα
1704 945 1834 995 pat-10

333 1012 556 1063 τακινῆσαι,
578 1007 671 1049 ἄλλ’
695 1010 757 1050 ἐπὶ
781 1013 853 1063 τῆς
875 1009 1000 1064 αὐτῆς
1016 1010 1145 1064 μένειν
1165 1007 1446 1058 καταστάσεως
1466 1009 1533 1050 καὶ
1549 1006 1656 1051 οὕτω
1673 1009 1780 1059 διεξ-

334 1075 508 1133 άγεσθαι
527 1074 668 1126 καθώς
689 1093 766 1118 που
786 1074 806 1118 ὁ
824 1078 1019 1132 Σαμουὴλ
1041 1077 1279 1134 διωρίσατο,
1314 1078 1381 1118 καὶ
1409 1074 1565 1118 διδόναι
1591 1076 1662 1120 τὸν
1691 1078 1779 1129 ζεῦ-

333 1162 405 1201 γος
426 1148 535 1198 βοῶν
555 1143 697 1198 ἔχοντα
719 1143 956 1202 Βούλγαρον
987 1146 1040 1195 εἷς
1066 1145 1112 1188 τὸ
1141 1145 1273 1187 κοινὸν
1302 1145 1413 1187 σίτου
1442 1141 1586 1198 μόδιον
1614 1143 1683 1186 ἵνα
1711 1145 1778 1187 καὶ

333 1213 500 1269 κε’γχρου
524 1216 715 1254 τοσοῦτον
742 1214 810 1254 καὶ
840 1213 949 1255 οἴνου
981 1211 1157 1267 στάμνον
1183 1213 1266 1263 ἕνα,
1305 1210 1329 1254 ὅ
1355 1209 1664 1269 ὄρφανοτρόφος
1689 1210 1777 1254 ἀντὶ

333 1285 413 1324 τῶν
440 1282 556 1322 εἰδῶν
585 1279 813 1334 νομίσματα
840 1282 1032 1323 δίδοσθαι
1052 1281 1281 1337 διωρίσατο.
1343 1278 1443 1335 ὅπερ
1462 1278 1520 1334 μὴ
1538 1277 1721 1337 εὐφόρως
1738 1280 1777 1321 οἳ
1790 1284 1832 1318 15

334 1346 517 1405 ἐγχώριοι
541 1348 748 1404 φέροντες,
785 1346 962 1406 εὑρόντες
986 1349 1029 1390 δὲ
1059 1350 1126 1391 καὶ
1155 1348 1295 1405 καιρὸν
1315 1346 1496 1403 εὔκαιρον
1512 1346 1585 1401 τὴν
1603 1351 1676 1391 τοῦ
1695 1347 1780 1389 Δε·

334 1415 477 1458 λεάνου
497 1414 743 1473 ἐπιφάνειαν,
765 1417 838 1471 τὴν
853 1415 1077 1472 Ῥωμαϊκὴν
1094 1417 1352 1459 ἅπεσείσαντο
1369 1414 1580 1472 ἡγεμονίαν
1598 1417 1664 1458 καὶ
1679 1415 1781 1472 πρὸς

281 1493 313 1527 C
336 1483 381 1527 τὸ
404 1483 572 1541 ἀρχαῖον
589 1484 864 1541 ἓπανὲδραμον
883 1484 994 1534 ἔθος.

462 1551 638 1607 Ἐγένετο
663 1552 707 1594 δὲ
725 1553 828 1595 κατὰ
848 1557 989 1594 τοῦτον
1011 1550 1081 1594 τὸν
1109 1549 1248 1606 καιρὸν
1264 1549 1407 1604 μελέτη
1426 1549 1660 1606 τυραννίδος
1675 1548 1776 1592 κατὰ

333 1623 407 1663 τοῦ
421 1620 642 1673 βασιλέως,
683 1618 854 1676 ἔξαρχον
874 1619 1021 1673 ἔχουσα
1041 1618 1214 1672 Μιχαὴλ
1238 1618 1308 1660 τὸν
1333 1615 1541 1672 λεγόμενον
1557 1615 1775 1674 Κηρουλά-
1787 1623 1833 1656 20

334 1704 422 1744 ριον
441 1688 508 1728 καὶ
525 1685 709 1741 Ἰωάννην
729 1688 799 1730 τὸν
815 1688 1160 1744 Μακρεμβολίτην
1178 1687 1244 1728 καὶ
1260 1685 1407 1734 ἄλλους
1427 1685 1500 1727 οὒκ
1521 1684 1678 1740 ὀλίγους
1698 1688 1778 1728 τῶν

333 1758 520 1805 πολιτῶν,
554 1754 599 1795 οἳ
614 1757 681 1796 καὶ
698 1756 963 1810 δημευθέντες
979 1755 1270 1810 ἕξωρίσθησαν.
1337 1754 1403 1795 καὶ
1422 1751 1537 1810 ἑτέρα
1551 1753 1599 1796 δέ
1615 1769 1676 1803 τις
1690 1752 1778 1795 ἐπι-

333 1822 527 1873 σύστασις
553 1822 686 1878 γέγονε
715 1824 818 1866 κατὰ
846 1824 1149 1867 Κωνσταντίνου
1175 1826 1249 1864 τοῦ
1273 1819 1449 1877 μεγάλου
1477 1822 1713 1876 δομεστίκου
1737 1822 1778 1867 ἐν

422 1962 449 1996 4
463 1958 554 2005 μέλη
576 1960 639 1995 καὶ
657 1959 748 2006 μέρη
771 1962 803 1996 C
952 1963 978 1999 8
997 1958 1173 2007 ὑπάρξεις
1191 1960 1225 1995 C
1374 1960 1418 1997 13
1437 1957 1482 1995 ἓν
1503 1958 1535 1995 C
1668 1959 1717 1996 25
1737 1955 1779 1993 ἐν

425 2006 684 2049 Μεσανάκτοις
707 2020 762 2044 om
784 2009 814 2043 C

336 2133 463 2176 mytes,
484 2128 607 2164 missus
632 2140 673 2164 eo
696 2129 740 2163 ad
763 2129 969 2175 exigendum
990 2129 1162 2175 publicum
1176 2130 1351 2174 tributum,
1378 2139 1454 2164 cum
1474 2127 1627 2174 iniquius
1647 2129 1779 2164 tracta-

335 2183 393 2211 ret
415 2176 558 2220 incolas,
581 2174 651 2210 sibi
671 2175 742 2221 ipsi
765 2176 905 2211 exitium
928 2176 1070 2222 paravit
1092 2181 1128 2211 et
1141 2176 1228 2221 ipsis
1244 2175 1429 2211 deficiendi
1444 2173 1656 2210 occasionem
1675 2185 1778 2220 prae-

334 2222 424 2257 buit.
472 2226 526 2256 est
561 2221 651 2255 enim
683 2222 726 2255 ab
748 2221 835 2267 ipsis
861 2223 905 2256 ob
927 2222 1178 2257 intolerabilem
1202 2222 1383 2256 avaritiam
1408 2221 1445 2255 in
1465 2221 1578 2255 frusta
1601 2219 1780 2261 concisus3

334 2272 371 2302 et
393 2267 622 2302 Romanorum
642 2265 883 2312 imperatorem
907 2268 1131 2311 detestantes,
1167 2267 1241 2302 eius
1263 2268 1344 2311 iugo
1368 2277 1531 2310 excusso,
1557 2264 1716 2310 Balgaris
1739 2275 1780 2299 se

334 2313 596 2356 coniunxerunt,
621 2323 690 2347 non
714 2317 784 2347 tam
806 2314 919 2348 studio
942 2313 1089 2348 Deleani
1108 2313 1255 2358 impulsi,
1280 2324 1381 2358 quam
1404 2311 1483 2346 odio
1506 2323 1546 2345 or
1570 2308 1780 2354 hanon-ophi

333 2360 379 2393 ob
401 2357 660 2392 insaturabilem
693 2358 768 2392 eius
801 2358 837 2392 in
870 2359 1107 2393 exactionibus
1131 2359 1324 2395 avaritiam.
1369 2369 1446 2393 nam
1468 2357 1549 2392 ΒΜ·
1566 2356 1618 2392 ius
1641 2355 1780 2402 quidem

333 2405 545 2449 imperator,
582 2414 650 2448 quo
672 2408 829 2448 tempore
851 2405 991 2450 subegit
1012 2404 1204 2449 Bulgaros,
1237 2403 1322 2438 nihil
1353 2414 1494 2449 prorsus
1524 2403 1778 2444 immutaverat,

336 2450 398 2484 sed
422 2448 536 2483 omnia
557 2448 704 2494 pristina
727 2450 930 2484 condicione
951 2461 1089 2484 manere
1110 2449 1331 2495 permiserat,
1361 2460 1473 2493 neque
1495 2460 1517 2482 a
1540 2446 1691 2482 Samueli
1715 2458 1776 2480 ex-

335 2494 472 2529 actione
493 2494 593 2528 aliam
616 2494 779 2530 instituit.
824 2508 868 2531 ea
899 2499 1012 2531 autem
1040 2496 1157 2530 fuerat
1186 2500 1225 2529 ut
1251 2495 1447 2540 quicunque
1469 2493 1639 2538 Bulgarus
1661 2493 1777 2537 iugum

334 2539 437 2574 boum
460 2540 683 2585 possidebat,
716 2540 746 2575 is
779 2540 816 2575 iu
838 2541 1010 2587 publicum
1031 2541 1208 2576 conferret
1230 2552 1332 2575 unum
1353 2539 1534 2583 frumenti,
1567 2550 1671 2575 unum
1692 2536 1777 2571 milii

332 2585 483 2620 modium
507 2590 542 2620 et
562 2585 637 2619 vini
659 2597 792 2621 urnam.
838 2587 1138 2632 orphanotrophus
1161 2598 1202 2621 ea
1223 2586 1259 2620 in
1280 2584 1461 2632 pecuniam
1482 2587 1643 2620 mutarat.
1683 2582 1777 2628 quod

335 2630 478 2665 moleste
510 2631 663 2665 ferentes
691 2631 928 2677 Nicopolitae,
962 2632 1079 2667 oblata
1102 2632 1283 2666 occasione
1303 2630 1450 2666 Deleani
1471 2635 1585 2676 motu,
1620 2629 1775 2664 Romano

337 2675 481 2721 imperio
501 2677 630 2710 reiecto
654 2676 699 2711 ad
716 2688 797 2712 suos
815 2677 964 2723 gentiles
982 2677 1172 2712 redierunt.

426 2720 504 2754 Hoc
535 2726 692 2766 ternpore
719 2722 887 2758 adversus
917 2723 1160 2769 imperatorem
1194 2721 1424 2767 conspiratum
1454 2723 1528 2763 est,
1562 2718 1777 2765 principibus

337 2764 502 2800 facinoris
536 2767 707 2801 Michaelo
741 2768 922 2803 Cerulario
957 2773 994 2803 et
1020 2769 1152 2803 Ioanne
1182 2766 1445 2812 Macrempolita
1471 2765 1617 2810 aliisque
1649 2764 1774 2799 civium

336 2810 430 2844 haud
453 2812 585 2855 paucis.
630 2813 667 2846 hi
690 2812 854 2858 relegati,
885 2815 978 2849 bona
1013 2825 1129 2848 eorum
1159 2813 1345 2859 publicata.
1392 2812 1454 2846 sed
1478 2815 1514 2846 et
1536 2816 1656 2845 contra
1678 2808 1774 2843 Con-

335 2854 524 2891 stantinum
553 2868 711 2903 magnum
742 2859 964 2896 domesticum
986 2871 1043 2896 res
1065 2871 1179 2896 novae
1199 2858 1410 2895 Mesanactis
1432 2860 1599 2893 tentatae.
1646 2853 1774 2889 iudicio
