1890 3236
495 154 896 201 HISTORIARUM
931 152 1321 199 COMPENDIUM.
1551 147 1652 198 415

158 289 244 321 tm
264 270 434 330 ἔναγχος
453 271 570 330 παρὰ
591 267 838 330 Νικηφόρον
859 273 934 314 τοῦ
952 268 1174 324 βασιλέως,
1209 267 1311 323 αὕτη
1332 267 1378 311 δὲ
1399 264 1512 323 παρὰ
1532 267 1651 310 τοί-’δε

156 347 248 388 τοῦ
264 343 504 398 δομεστίκου
522 345 604 385 τῶν
620 344 800 396 σχολῶν,
835 341 904 383 καὶ
923 337 1027 394 αὕτη
1044 338 1158 397 παρὰ
1175 342 1248 382 τοῦ
1269 340 1420 390 δεῖνος,
1458 337 1526 379 καὶ
1546 334 1648 392 αὕτη

172 414 243 457 καὶ
268 412 372 468 αὕτη
398 410 513 468 παρὰ
544 414 642 462 σοῦ,
676 412 745 453 καὶ
768 414 826 468 τῷ
847 410 1051 467 Βασιλείῳ
1073 406 1323 467 δεδώρηνται
1334 439 1348 460 ,
1383 405 1500 450 οὐδὲν
1522 405 1565 448 δὲ
1588 405 1650 448 ὅτι

160 483 241 526 «καὶ
276 479 400 538 λόγου
436 480 550 532 ἄξιον
583 477 685 523 εἶδεν
719 477 1059 539 ὑπολελειμμένορ
1095 481 1178 520 τῶν
1211 475 1550 534 προσκτηθέντων
1592 478 1652 532 τῷ

120 552 385 609 ἑὸδημοσίῳ,
417 547 629 606 γενόμενος
659 546 879 606 περιαλγὴς
904 548 972 590 καὶ
997 544 1150 601 βύθιον
1178 544 1374 598 στενάξας
1400 543 1582 606 ι(δεινόν,
1617 539 1652 588 ὦ

156 619 441 678 -παρόντες,”·
464 617 543 677 ἔφη
571 615 639 661 “et
666 617 719 661 τὰ
750 614 929 673 δημόσια
964 617 1326 659 καταναλίσκονται
1353 612 1551 671 χρήματα
1581 615 1649 656 καὶ

166 689 224 734 τὰ
245 687 452 743 Ῥωμαϊκὰ
477 690 830 745 ταλαιπωροῦνται
851 683 1138 742 στρατεύματα
1155 687 1223 728 καὶ
1243 685 1281 728 οἳ
1297 688 1481 740 βασιλεῖς
1499 681 1649 740 ὗπερο-
1670 690 1700 724 P
1724 689 1794 725 684

170 761 286 816 ρίους
313 757 577 811 ἀναδέχονται
603 754 778 808 κόπους,
813 754 865 798 τὰ
888 755 933 797 δὲ
954 756 999 798 ἐκ
1021 753 1226 798 τοσούτων
1250 751 1543 813 προσκτώμενοι
1568 751 1649 807 μό-

149 831 296 884 ’7:³¹2'
311 828 380 870 καὶ
401 824 537 869 κόπων
560 823 651 875 ἑνὸς
674 822 866 879 εὐνούχου
886 825 1062 879 γίνονται
1083 823 1268 879 κτῆμα.”
1339 825 1407 867 καὶ
1429 821 1451 866 ὃ
1471 823 1546 878 μὲν
1568 827 1650 876 βα-

117 895 308 947 1οσιλεῦς
334 900 488 947 ταῦτα,
517 898 599 938 τῶν
623 910 686 945 τις
716 895 762 937 δὲ
787 892 1000 948 παρόντων
1026 898 1084 953 τῷ
1112 894 1316 952 Βασιλείῳ
1338 893 1408 937 τὸν
1430 897 1504 935 τοῦ
1524 897 1650 946 βασι-

171 966 276 1017 λέως
304 963 424 1022 λόγον
453 961 794 1022 διαπορθμεύσας
826 962 1044 1019 ἀνηρέθισε
1074 962 1176 1018 πρὸς
1206 960 1345 1021 ὀργήν.
1413 964 1483 1006 καὶ
1514 960 1648 1005 ἔκτοτε

153 1035 378 1092 -εὐκαιρίαν
416 1031 544 1089 ἐζήτει
583 1033 655 1076 τὸν
687 1032 862 1087 βασιλέα
897 1030 1280 1076 ἀποσκευάσασθαι.
1348 1033 1548 1082 θωπείαις
1577 1026 1649 1074 οὖν

169 1102 365 1149 ὑπελθών
383 1119 479 1147 ποτε
497 1100 564 1145 καὶ
583 1100 732 1159 δώροις
748 1099 1006 1157 ἐξαπατήσας
1024 1101 1093 1144 τὸν
1111 1102 1238 1157 ἐγχεῖν
1258 1100 1435 1144 εἶωθότα
1452 1100 1523 1144 τὸν
1543 1099 1655 1144 οἶνον

169 1178 230 1234 ’τῷ
257 1177 441 1228 βασιλεῖ’,
475 1174 542 1214 καὶ
573 1170 819 1230 δηλητήριον
839 1169 1112 1228 κερασάμενος
1136 1171 1184 1214 οὗ
1207 1175 1287 1214 τῶν
1309 1169 1648 1228 δραστικωτάτων

115 1257 161 1295 15
172 1245 242 1287 καὶ
257 1242 386 1298 ταχὺν
404 1238 676 1299 ἐπιφερόντων
691 1241 762 1284 τὸν
779 1242 985 1293 κίνδυνον,
1021 1240 1126 1283 ἀλλὰ
1144 1244 1226 1284 τῶν
1245 1242 1442 1295 σχολαίως
1459 1241 1528 1283 καὶ
1545 1239 1648 1283 κατὰ

0 342 17 388 ζ.

0 490 18 656 ἒ

0 716 15 778 21³

0 780 10 874 i

168 1312 316 1371 μικρὸν
349 1309 647 1357 ἀναλισκόντων
668 1311 743 1365 τὴν
767 1314 842 1353 τοῦ
862 1307 1094 1361 πεπωκότος
1119 1308 1312 1364 δύναμιν,
1347 1307 1558 1365 κεράννυσι
1591 1313 1651 1367 τῷ

168 1386 344 1438 βασιλεῖ’.
413 1382 482 1424 καὶ
504 1379 607 1424 πιὼν
628 1381 697 1422 καὶ
717 1380 812 1423 κατ’
838 1379 973 1436 ὀλίγον
993 1377 1309 1434 νοσηλευόμενος
1326 1380 1393 1421 καὶ
1412 1383 1486 1433 τῆς
1504 1379 1652 1429 οῗκειάς

169 1449 384 1507 δυνάμεως
400 1450 651 1502 ἄποπίπτων,
680 1453 908 1493 τελευταΐον
929 1449 974 1491 δὲ
991 1450 1058 1491 καὶ
1078 1448 1175 1500 τοὺς
1193 1447 1331 1503 ὤμους
1348 1446 1645 1505 ἀνθρακιάσας,
1667 1457 1698 1492 Β

169 1523 346 1577 αἵματος
369 1522 526 1562 πολλοῦ
553 1518 714 1577 ῥυέντος
743 1518 855 1577 ἀὐτῷ
886 1517 955 1561 διὰ
985 1522 1065 1563 τῶν
1096 1517 1330 1575 ὀφθαλμῶν
1339 1550 1354 1570 ,
1389 1517 1585 1561 εἰσελθών
1606 1520 1648 1560 ἐν

112 1594 223 1649 ξοτῇ
253 1590 436 1646 βασιλίδι
467 1589 660 1644 κατέλυσε
682 1587 756 1644 τὴν
778 1586 907 1644 ζωήν,
940 1585 1190 1642 βασιλεύσας
1209 1586 1277 1643 ἔτη
1305 1586 1339 1638 ς’
1365 1585 1584 1638 τοσούτους
1606 1604 1649 1629 τε

146 1664 306 1716 ’μῆνας
332 1660 401 1702 καὶ
430 1655 554 1715 πρός,
588 1655 806 1713 διαδόχους
835 1656 1069 1700 καταλιπών
1093 1662 1167 1712 τῆς
1189 1657 1402 1713 βασιλείας
1429 1659 1647 1701 Βασίλειον

140 1731 142 1734 ’
169 1730 239 1774 καὶ
262 1730 569 1773 Κωνσταντῖνον
587 1728 685 1780 τοὺς
703 1729 854 1778 παῖδας
873 1731 945 1771 τοῦ
961 1725 1186 1783 Ῥωμαικοῦ.

260 1862 286 1899 3
307 1858 517 1906 δεδώρηται
538 1860 570 1896 C
651 1861 674 1896 8
697 1857 739 1895 δὲ
759 1857 1046 1905 προσκτηθέντα
1068 1857 1108 1895 ἐκ
1129 1859 1207 1894 τῶν
1227 1854 1412 1895 τοιούτων
1432 1854 1646 1902 μόχθων,0

258 1909 307 1945 22
340 1913 424 1956 post
454 1905 650 1952 Ῥωμανοῦ
683 1908 735 1943 C:
770 1905 839 1952 τὴν
863 1905 902 1942 δὲ
927 1906 1034 1942 ἰδέαν
1057 1904 1206 1941 τοιόσδε
1232 1918 1289 1946 τις
1310 1899 1378 1949 ἦν,
1414 1902 1544 1944 λευκὸς
1576 1901 1645 1946 μὲν

257 1952 330 2003 τὴν
356 1952 451 2001 ὄψιν
481 1953 546 1990 καὶ
580 1949 757 2001 εὕχρους,
799 1951 871 1999 τὴν
898 1952 1019 1999 κόμην
1051 1952 1180 1999 φέρων
1208 1950 1356 1998 ξανθὴν
1391 1949 1455 1986 καὶ
1490 1947 1644 1996 ἅραιάν,

164 2072 324 2109 Romano
346 2071 494 2118 imperio
517 2070 657 2107 adiecta
679 2083 701 2106 a
724 2068 930 2115 Nicephoro
953 2068 1177 2114 imperatore,
1206 2067 1331 2114 partim
1351 2067 1395 2102 ab
1410 2066 1490 2111 hoc,
1517 2065 1646 2112 partim

164 2121 212 2155 ab
236 2119 306 2155 alio
326 2118 523 2154 scholarum
544 2117 757 2162 domestico,
782 2116 950 2161 quaedam
966 2117 1010 2150 ab
1027 2115 1105 2160 ipso
1122 2115 1320 2159 Tzimisca,
1346 2119 1452 2158 atque
1469 2125 1511 2147 ea
1529 2113 1645 2147 omnia

164 2165 298 2202 Basilio
333 2165 484 2209 donata,
520 2164 606 2199 nihil
628 2169 821 2199 memoratu
845 2163 985 2207 dignum
1013 2162 1134 2196 videns
1157 2162 1315 2196 relictum
1340 2161 1393 2194 rei
1417 2159 1576 2205 publicae
1599 2160 1646 2194 de

165 2219 239 2248 tam
261 2211 377 2246 multis
401 2211 435 2246 ei
461 2211 645 2256 acquisitis
668 2210 794 2253 bonis,
820 2209 922 2254 gravi
944 2214 1127 2253 correptus
1150 2208 1271 2243 dolore
1296 2212 1331 2241 et
1353 2206 1482 2250 gemitu
1506 2217 1549 2240 ex
1573 2205 1646 2240 imo

165 2263 311 2306 pectore
333 2257 438 2292 ducto
459 2253 549 2303 “pro
572 2253 772 2301 indignam''
795 2257 846 2289 ait
869 2251 984 2298 “rem,
1010 2255 1176 2299 comites,
1202 2253 1361 2300 publicas
1384 2252 1507 2286 insumi
1534 2257 1644 2297 pecu'-

165 2304 268 2349 nias,
293 2304 469 2339 Romanos
494 2303 668 2338 exercitus
692 2313 874 2337 aerumnas
898 2300 1095 2345 exantlare,
1121 2300 1351 2346 imperatores
1375 2304 1475 2333 extra
1499 2299 1554 2332 sui
1577 2299 1643 2332 im-

192 2350 259 2386 erii
285 2351 372 2386 fines
395 2350 535 2384 labores
558 2349 731 2391 tolerare,
765 2354 802 2383 et
826 2354 941 2382 tamen
965 2347 1132 2392 quidquid
1158 2353 1212 2382 tot
1232 2345 1411 2380 laboribus
1437 2350 1543 2389 atque
1568 2356 1644 2379 mo-

180 2397 280 2433 estiis
303 2397 506 2440 conficitur,
529 2394 567 2430 id
592 2407 692 2430 omne
715 2396 751 2430 in
776 2394 877 2428 unius
900 2394 1022 2427 venire
1039 2405 1056 2428 s
1084 2394 1205 2428 adonis
1225 2387 1520 2439 possessionem?
1553 2391 1654 2430 hunc„

165 2443 390 2491 imperatoris
412 2454 605 2478 sermonem
629 2441 767 2487 quidam
793 2441 837 2475 ad
860 2439 1027 2474 Basilium
1077 2440 1189 2474 etulit.
1239 2451 1307 2484 quo
1331 2437 1391 2472 ille
1415 2437 1575 2472 irritatus
1599 2450 1644 2472 ex

165 2503 209 2528 eo
244 2496 403 2536 tempore
436 2488 653 2523 occasionem
684 2486 861 2533 quaesivit
883 2485 1105 2532 imperatoris
1128 2486 1286 2521 tollendi.
1334 2484 1454 2530 itaque
1477 2495 1553 2519 eum
1582 2484 1644 2530 qui

165 2537 328 2573 minister
358 2548 380 2572 a
409 2535 544 2582 poculis
576 2534 782 2580 imperatori
815 2538 911 2578 erat,
954 2532 1139 2578 aliquando
1174 2531 1356 2567 blanditiis
1380 2536 1416 2565 et
1441 2530 1644 2566 muneribus

164 2582 376 2629 corrumpit,
415 2582 562 2628 eiusque
586 2593 695 2627 opera
717 2591 887 2616 venenum
911 2591 979 2614 non
1003 2578 1297 2614 vehementissimi
1322 2577 1462 2622 generis
1487 2582 1525 2611 et
1547 2579 1642 2623 quod

163 2630 284 2667 statim
307 2634 470 2674 necaret,
505 2629 569 2664 sed
592 2628 686 2673 quod
709 2627 837 2662 sensim
862 2626 956 2661 vires
981 2624 1172 2660 haurientis
1196 2625 1454 2669 exstingueret,
1486 2623 1640 2669 impera-

165 2676 238 2714 tori
271 2677 451 2723 propinat.
497 2686 567 2720 quo
590 2675 623 2709 is
646 2680 752 2720 epoto
777 2672 942 2719 paulatim
965 2673 1216 2707 contabescens
1242 2676 1277 2706 et
1300 2670 1434 2705 viribus
1458 2670 1642 2715 deficiens,

164 2723 306 2759 tandem
330 2723 434 2758 etiam
458 2720 678 2757 carbunculis
701 2733 767 2767 per
790 2720 950 2754 humeros
969 2718 1114 2763 exortis,
1138 2718 1245 2753 multo
1258 2729 1323 2763 per
1339 2717 1458 2752 oculos
1473 2717 1644 2752 effluente

165 2769 362 2815 sanguine,
395 2768 523 2815 cpolin
547 2779 713 2803 reversus
735 2766 880 2802 vivendi
902 2767 1006 2800 finem
1029 2765 1136 2810 fecit,
1160 2764 1308 2810 imperio
1330 2763 1461 2799 Basilio
1484 2769 1520 2798 et
1543 2763 1641 2798 Con-

163 2816 323 2853 stantino
346 2815 497 2852 Romani
518 2814 603 2852 filiis
626 2813 765 2851 relicto.
811 2811 1001 2860 imperavit
1023 2822 1135 2848 annos
1157 2811 1180 2847 6
1205 2811 1423 2859 totidemque
1443 2821 1581 2848 menses
1603 2816 1641 2845 et

161 2863 268 2912 paulo
291 2862 453 2911 amplius.
