1916 3210
300 135 397 184 824
435 158 441 166 ·
718 131 1029 177 XYLANDRI
1047 131 1121 176 ET
1150 131 1327 177 GOARI

299 248 372 288 τοῦ
391 238 546 296 θρόνου
564 244 703 294 μοῖχον
721 238 788 282 καὶ
807 236 993 292 διάδοχον
1011 236 1209 292 γενέσθαι.
1265 240 1366 280 uude
1387 244 1426 281 et
1445 241 1653 295 Stephanus
1664 243 1758 284 Ba-

300 303 369 342 silii
393 301 486 352 filius
508 311 587 337 cum
609 298 742 336 Photio
761 297 959 347 educatus,
988 300 1028 335 et
1048 295 1196 347 syncelli
1217 296 1394 347 dignitate
1411 304 1624 350 promotus,
1648 299 1748 340 nullo

301 349 507 397 discrimine
526 355 564 392 in
582 354 657 392 eius
678 354 793 391 locum
812 356 869 391 est
886 353 1122 402 subrogatus.
1180 357 1305 391 auctor
1321 353 1442 391 infra
1433 366 1471 392 in
1486 353 1617 395 Leone
1625 357 1756 396 smum

302 415 368 452 sub
386 413 512 456 initio,
539 422 608 447 nec
623 422 695 447 non
715 409 877 456 inferius,
903 408 967 446 ubi
983 407 1219 460 Euthymium
1236 407 1379 448 Nicolai
1395 421 1542 461 quoque
1555 412 1751 464 syncellum

299 471 337 507 in
354 465 593 519 patriarcham
611 465 842 516 postmodum
859 468 1069 515 provectum
1087 468 1219 503 narrat.
1256 477 1300 503 ae
1319 465 1478 516 denique
1495 467 1755 508 disertissdem

299 524 419 563 verbis
446 522 515 559 hoc
538 521 737 586 aliquando
759 520 918 572 positum
945 520 983 558 in
1011 533 1132 571 more,
1161 524 1201 558 ut
1223 521 1400 572 syncellus
1417 525 1515 561 esset
1532 523 1600 574 qui
1614 523 1753 566 deinde

299 577 526 633 patriarcha,
556 577 737 628 explicat
728 589 764 614 ιιι
786 576 1030 615 Constantino
1050 575 1295 616 Monomacho
1312 590 1350 628 p.
1368 577 1463 619 775.
1518 578 1700 621 Gonu>
1691 595 1738 615 τι,

412 647 450 685 p.
467 633 548 674 798
566 646 600 671 v.
622 636 683 675 16.
740 632 919 682 Diippus
934 632 1078 671 videtur
1093 633 1205 672 fuisse
1220 633 1406 684 appendix
1423 633 1534 673 Circi.
1589 635 1759 679 Zonm
1786 645 1788 648 ’

302 690 413 730 habet
440 688 633 729 διίππιον.
689 693 842 740 apparet
867 688 985 726 locum
1009 689 1204 739 significari
1231 689 1460 740 equestribus
1482 690 1758 731 decursionibus

303 747 535 785 destinatum.
566 746 670 783 XYn.
727 745 823 782 Circi
851 744 1032 795 stadium,
1061 757 1135 795 quo
1155 745 1263 795 bigae
1282 745 1528 795 quadrigaeve
1545 752 1754 824 excurrunt.

303 802 470 852 duppin»
488 802 651 840 reddidit
669 800 802 840 Paulus
820 799 1023 839 Diaconus.
1051 801 1118 840 sed
1135 802 1322 840 mendose
1378 800 1517 842 GoAn.
1798 827 1804 850 3

411 871 450 909 p.
471 860 554 900 799
583 870 618 896 v.
640 860 678 898 1.
735 854 1018 909 θηριομαχων]
1048 856 1177 895 alludit
1203 857 1253 895 ad
1281 856 1319 894 id
1345 857 1447 906 quod
1476 856 1611 896 Paulus
1631 858 1698 898 de
1712 870 1761 901 se}
1801 886 1804 890 -

302 918 579 963 commemorat,
607 915 635 954 2
659 913 827 951 Corinth.
851 912 917 953 11.
954 913 1058 952 XY1..
1135 913 1186 951 ad
1207 911 1345 951 Leonis
1369 912 1500 952 ferocis
1523 914 1758 966 imperatoris

301 982 457 1019 nomen,
487 983 562 1008 non
588 970 636 1008 ad
661 969 766 1009 Pauli
795 968 929 1018 verba,
957 972 1001 1006 ut
1020 969 1205 1022 scriptur-it
1224 968 1430 1020 Xylander,
1456 973 1582 1010 auctor
1613 970 1759 1013 alludit«

302 1027 437 1064 GoAR.

417 1080 471 1118 ib.
502 1093 537 1119 v.
560 1079 600 1123 4.
657 1075 853 1134 Διάλογος
886 1074 1063 1132 ἐκλήθη]
1103 1080 1151 1119 ab
1181 1080 1339 1119 auctoris
1369 1081 1553 1120 sententia
1580 1044 1763 1121 recedunt

304 1138 488 1185 nonnulli,
516 1138 579 1188 qui
603 1137 821 1187 Gregorium
840 1150 1031 1187 magnum,
1059 1136 1213 1175 nominis
1232 1136 1335 1175 huius
1352 1138 1529 1188 primum,
1556 1133 1758 1192 Διάλογον

305 1195 355 1233 ob
372 1194 526 1244 scriptos
543 1193 590 1231 ab
609 1205 654 1232 eo
673 1194 838 1243 dialogos
859 1194 1056 1231 vocitatum
1074 1192 1249 1231 scribunt.
1304 1193 1444 1231 Goni-

416 1248 470 1292 ib.
489 1262 523 1286 v.
549 1251 610 1290 10.
673 1247 955 1300 Chrysorroas]
986 1261 1075 1288 auro
1095 1250 1234 1297 fluens,
1259 1249 1335 1287 hoe
1348 1253 1404 1288 est
1419 1261 1568 1289 aureum
1584 1250 1758 1289 orationis

303 1307 441 1344 flumen
473 1305 649 1352 fundens3
688 1319 797 1356 quam
833 1305 978 1343 laudem
1010 1304 1195 1344 Aristoteli
1222 1305 1348 1343 tribuit
1373 1306 1516 1344 Cicero.
1570 1305 1758 1345 Diaconus

304 1361 546 1411 Chrysaoram
569 1362 686 1399 minus
709 1366 795 1414 apte
813 1362 960 1400 videtur
978 1373 1125 1410 vocare,
1153 1373 1263 1400 aureo
1283 1373 1373 1401 ense
1390 1364 1587 1400 armatum:
1613 1363 1759 1402 tametsi

307 1418 355 1455 ob
384 1429 502 1455 aerem
528 1416 708 1455 idolorum
734 1418 982 1456 defensionem
1010 1417 1129 1455 videri
1149 1420 1260 1467 queat
1277 1417 1347 1455 hoe
1363 1417 1469 1456 titulo
1489 1417 1759 1458 cohonestatus.

305 1472 513 1512 Lentrabus
536 1477 656 1511 autem
680 1475 770 1524 quid
788 1473 938 1512 Graecis
958 1473 1156 1522 significet,
1181 1485 1256 1510 non
1274 1473 1391 1523 magis
1409 1474 1518 1512 video
1538 1485 1647 1524 quam
1667 1474 1759 1525 quid

305 1529 474 1567 Manzur.
509 1529 557 1566 de
575 1541 648 1579 quo
668 1530 806 1579 aliquid
822 1532 971 1580 poterat
989 1529 1138 1576 comici,
1166 1529 1197 1567 si
1216 1526 1428 1582 λέντραβος
1445 1530 1626 1568 Graecum
1642 1534 1758 1569 esset.

306 1583 461 1622 Manzer
478 1585 635 1623 fortasse
656 1589 712 1623 est
730 1585 890 1623 Mamser
908 1594 1027 1632 -ιιυυ,
1058 1585 1158 1634 quod
1176 1587 1214 1623 et
1231 1585 1269 1622 in
1288 1586 1400 1623 sacris
1417 1585 1531 1623 literis
1548 1588 1589 1624 et
1609 1586 1647 1624 in
1666 1585 1760 1624 Ara-

307 1652 413 1678 maea
431 1639 556 1690 lingua
574 1641 733 1691 spurium
752 1641 956 1690 significatt,
982 1644 1094 1690 atque
1113 1652 1157 1679 ea
1175 1652 1246 1678 vox
1265 1645 1324 1679 est
1341 1641 1378 1678 in
1398 1641 1563 1692 Hispano
1584 1641 1760 1681 idiomate

307 1699 465 1734 retenta.
521 1695 702 1734 Mansuris
728 1697 839 1734 filium
864 1697 973 1734 credo
996 1696 1079 1734 dici.
1135 1696 1172 1733 in
1193 1696 1284 1734 actis
1309 1696 1526 1747 Cpolitanae
1545 1698 1678 1746 synodi
1699 1700 1761 1736 est

306 1752 420 1789 fuisse
437 1751 652 1790 Manzurem
670 1753 891 1802 ignominiae
907 1765 1016 1790 causa
1031 1764 1054 1789 a
1072 1752 1238 1803 patribus
1253 1752 1305 1790 ibi
1323 1753 1470 1790 dictum.
1499 1752 1617 1790 Χιτι..Ι
1663 1752 1763 1791 Pau·

307 1806 363 1845 lus
382 1806 586 1845 Diaconus:
613 1814 651 1844 et
665 1821 739 1858 pro
761 1809 954 1854 Mansur,
978 1808 1087 1859 qaod
1103 1809 1184 1844 eius
1203 1807 1357 1845 avitum
1373 1820 1515 1844 nomen
1533 1814 1607 1853 est,
1632 1808 1762 1860 quod-

309 1875 385 1915 que
409 1862 630 1912 redemptus
657 1865 950 1914 interpretatur,
979 1877 1094 1900 sensu
1121 1863 1306 1909 Iudaico,
1335 1876 1557 1915 novumque
1579 1864 1763 1902 ecelesiae

309 1919 565 1969 magistrum,
602 1920 768 1957 Mans-er
769 1934 819 1956 on
839 1920 1048 1984 .(spu·rlum
1077 1920 1247 1970 expone)
1283 1926 1434 1957 mutato
1464 1921 1619 1958 nomine
1649 1922 1760 1959 voci-

310 1973 434 2012 tabat.
491 1975 735 2024 Chrysorroas
758 1975 868 2015 sacris
890 1976 974 2015 viris
997 1976 1148 2025 dicitur,
1177 1977 1227 2015 de
1251 1977 1398 2015 nomine
1418 1976 1519 2015 fluvii
1539 1976 1760 2016 Damascum

308 2031 463 2084 patriam
483 2033 784 2083 praeterfluentis.
844 2033 977 2071 GoAn.

420 2086 610 2127 ib.v.12.
668 2083 844 2143 μελωδός
867 2087 1104 2139 hymnorum
1128 2086 1475 2125 ecclesiasticorum
1497 2094 1636 2126 auctor
1659 2089 1759 2141 apud

308 2143 483 2182 Graecos.
541 2144 678 2186 GoAR.

422 2199 476 2238 ib.
494 2212 525 2237 ν.
549 2197 612 2239 14.
666 2214 748 2239 των
768 2200 953 2251 γραπτῶν
975 2199 1162 2250 proprium
1184 2200 1331 2251 putavi3
1360 2203 1398 2238 et
1417 2200 1660 2252 Graptensem
1680 2200 1760 2251 epi·-

310 2266 458 2305 scopum
479 2256 572 2303 feci,
601 2256 707 2294 valde
727 2257 873 2294 dubius.
921 2255 987 2293 sed
1009 2268 1068 2293 res
1090 2269 1165 2293 non
1181 2268 1328 2305 magna.
1359 2255 1462 2295 ΧῩι..
1517 2256 1568 2294 nil
1586 2269 1759 2306 magnum

311 2311 479 2359 equidem
497 2315 535 2348 et
550 2317 733 2351 momento
749 2313 900 2361 dignum
917 2311 1108 2361 Xylandro
1126 2325 1287 2358 errasse3
1315 2316 1352 2350 et
1368 2312 1466 2350 tituli
1481 2312 1759 2362 inscriptorum

311 2367 410 2415 vice,
439 2369 487 2405 ob
507 2367 645 2405 iambos
667 2369 855 2417 utriusque
874 2368 994 2405 fratris
1016 2367 1063 2405 ab
1081 2367 1193 2418 impio
1213 2367 1419 2419 Theophilo
1436 2369 1615 2406 frontibus
1630 2368 1760 2406 inseri-

312 2426 418 2472 ptos,
454 2423 692 2462 Theodorum
736 2423 980 2473 Graptornm
1012 2423 1235 2473 episcopum
1263 2437 1331 2474 pro
1359 2424 1494 2474 ingenii
1525 2427 1633 2475 captu
1654 2424 1760 2462 insti-

314 2478 437 2516 tuisse.
495 2479 541 2516 de
561 2480 639 2517 dira
661 2480 721 2517 illa
741 2480 972 2530 inscriptione
995 2483 1122 2517 auctor
1144 2481 1182 2517 in
1207 2479 1422 2531 Theophilo.
1478 2480 1610 2517 GoAn.

425 2546 463 2583 p.
487 2535 567 2575 801
593 2547 629 2575 v.
651 2538 689 2576 8.
745 2535 953 2574 Hieracitae
985 2536 1048 2584 qui
1077 2536 1231 2584 fuerint,
1267 2537 1428 2573 nondum
1455 2536 1544 2573 seio.
1603 2535 1688 2574 novi
1713 2548 1758 2574 ea

316 2591 565 2637 tempestate
556 2604 593 2627 ιιι
616 2591 719 2628 Italia
740 2589 1038 2643 γυναιοιὲρακας
1060 2592 1181 2631 fuisse.
1238 2593 1306 2630 sed
1334 2592 1371 2629 hi
1397 2591 1484 2629 nihil
1510 2591 1593 2630 huc.
1649 2592 1759 2631 ΧΠ..

316 2640 360 2683 τὸ
376 2640 496 2694 Ιερόν
522 2645 643 2684 fauces
667 2647 928 2697 PropontidoS,
958 2660 980 2685 a
1001 2647 1131 2696 quibus
1153 2647 1370 2686 Hieraeitae.
1428 2648 1564 2685 GoAn.

428 2699 480 2738 ib.
502 2714 535 2740 v.
556 2702 620 2742 13.
679 2698 921 2756 Ξηρολόφῳ]
953 2703 1119 2741 columna
1145 2707 1203 2741 est
1221 2703 1335 2753 qualis
1356 2703 1516 2742 Traiana
1530 2704 1588 2742 vel
1607 2702 1760 2741 Antoni-

316 2754 423 2793 niana
447 2755 606 2807 Romae,
636 2770 680 2796 ex
705 2771 777 2796 uno
802 2757 879 2797 solo
905 2759 1049 2809 lapide,
1079 2771 1122 2797 ac
1139 2759 1224 2798 ideo
1240 2759 1363 2798 incolis
1380 2755 1599 2813 μονόπετρα
1616 2762 1758 2808 vocata,
