1890 3236
323 211 421 259 388
766 203 771 206 ⁵
794 208 1031 254 GEORGII
1060 209 1302 254 GEDRENI

321 325 433 384 φέρει
450 322 496 366 τὸ
514 321 629 380 ξίφος
648 322 704 372 εἷς
722 321 793 364 τὸν
809 320 958 376 αὗχένα
977 326 1052 365 τοῦ
1067 323 1194 365 ’ίππου
1212 325 1278 366 καὶ
1297 323 1506 378 ἀποτέμνει
1523 329 1596 369 τοῦ
1613 323 1770 384 τραχή-

320 397 393 436 λου
409 393 481 446 τὴν
497 387 690 447 κεφαλήν.
755 388 946 440 πεσόντος
963 391 1006 433 δὲ
1021 396 1094 434 τοῦ
1112 390 1282 435 Σκύθου
1299 391 1459 446 ἀποβὰς
1475 397 1549 436 τοῦ
1559 394 1685 438 ἵππου
1702 395 1771 437 καὶ

317 465 371 517 ’τῇ
384 461 489 515 χειρὶ
509 463 581 513 τῆς
599 454 801 513 γενειάδος
820 457 1069 512 δραξάμενος
1089 458 1338 517 ἀποσφάττει
1358 465 1513 504 τοῦτον.
1578 465 1702 506 τοῦτο
1720 462 1768 505 τὸ

318 527 434 584 ἔργον
455 526 675 581 Ῥωμαίους
697 527 771 580 μὲν
794 527 993 584 ἐπέρρωσε
1012 529 1078 569 καὶ
1099 530 1458 586 θαρραλεωτέρους
1473 530 1654 585 ἐποίησε,
1685 531 1770 573 δει-

320 597 410 646 λίας
437 595 481 637 δὲ
508 596 574 637 καὶ
597 593 729 652 φόβου
751 595 846 646 τοὺς
867 593 1038 646 Σκύθας
1058 596 1265 652 ἐνέπλησε·
1299 599 1365 640 καὶ
1387 597 1489 652 ταχὺ
1511 598 1801 653 ἓπιλελησμᾼό

320 681 382 706 νοι
401 662 526 718 ἀλκῆς
541 662 593 706 τὰ
611 667 720 707 νῶτα
741 662 938 707 δεδώκασι
948 695 961 715 ,
996 666 1062 707 καὶ
1079 665 1263 720 ἀσέμνως
1280 667 1346 708 καὶ
1362 666 1465 720 μετὰ
1483 670 1634 722 πολλῆς
1649 665 1771 724 ἔφευ-
1787 689 1790 692 >

317 749 389 789 γον
421 731 632 786 ἀκοσμίας.
701 733 853 775 εἵποντο
877 733 922 777 δὲ
939 731 1151 787 Ῥωμαῖοι,
1183 736 1251 776 καὶ
1275 733 1382 777 ἅπαν
1399 735 1446 778 τὸ
1468 735 1603 778 πεδίον
1622 738 1772 791 νεκρῶν

319 797 628 855 ἐμπεπλήκασιν.
694 799 858 855 ἣλωσαν
897 802 940 843 δὲ
975 803 1041 843 καὶ
1080 802 1242 858 ζωγρίαι
1269 807 1350 845 τῶν
1375 800 1575 847 πεσόντων
1600 804 1773 853 πλείους.

320 869 494 925 ἐγένοντο
526 869 571 910 δὲ
596 869 661 910 καὶ
680 869 784 923 πλὴν
802 868 945 925 ὀλίγων
961 868 1105 920 πάντες
1122 871 1159 912 οἶ
1178 872 1499 928 περιλειφθέντες
1515 871 1772 928 τραυματίαι.

175 949 206 983 P
229 949 298 986 669
320 939 388 980 καὶ
409 938 541 987 οὐδεὶς
561 935 612 979 ἂν
631 937 771 994 διέδρα
790 937 858 979 τὸν
877 939 1081 990 κίνδυνον,
1117 940 1151 980 εἶ
1177 939 1236 994 μὴ
1261 940 1333 990 νὺξ
1358 940 1609 996 ἐπιγενομένη
1631 939 1770 993 ἐπέσχε
1783 946 1828 982 10

319 1011 395 1062 τῆς
426 1004 599 1056 διώξεως
624 1004 719 1056 τοὺς
742 1003 976 1061 Ῥωμαίους.
1044 1008 1110 1049 καὶ
1130 1011 1210 1049 τῶν
1225 1008 1299 1062 μὲν
1318 1006 1542 1066 βαρβάρων
1562 1009 1606 1050 ἐκ
1626 1005 1774 1051 τοσού-

316 1091 398 1118 των
415 1072 628 1131 μυριάδων
645 1072 771 1129 ὀλίγοι
792 1078 995 1125 παντελῶς
1013 1075 1252 1130 διεγένοντο,
1276 1074 1468 1130 Ῥωμαῖοι
1495 1076 1540 1119 δὲ
1565 1074 1706 1119 ἔπεσον
1730 1075 1773 1118 ἓν

317 1147 370 1200 τῇ
384 1141 498 1199 μάχῃ
514 1139 583 1194 κε’,
617 1143 859 1198 τραυματίαι
880 1144 904 1184 δ
910 1142 922 1158 ’
943 1143 1118 1198 ἐγένοντο
1139 1141 1241 1198 ὃμοῢ
1259 1161 1297 1186 τι
1315 1142 1556 1198 σύμπαντες.

461 1210 587 1253 Οὔπω
624 1210 737 1260 τέλος
766 1208 842 1265 εἶχε
872 1215 929 1269 τῷ
961 1213 1132 1268 Σκληρῷ
1159 1211 1209 1254 τὰ
1237 1216 1311 1254 τοῦ
1342 1215 1550 1256 Σκυθικοῦ
1579 1211 1772 1267 πολέμου,

320 1278 417 1322 οὐδὲ
445 1277 702 1335 προσεγένετο
728 1285 813 1329 τοῖς
837 1276 1049 1333 Ῥωμαίοις
1070 1279 1140 1322 τὸν
1158 1281 1201 1322 ἐκ
1219 1284 1292 1336 τῆς
1306 1278 1442 1336 μάχης
1457 1278 1770 1324 ἀποπλόνασθαι
1784 1288 1827 1324 15

317 1346 500 1404 λύθρον,
534 1348 600 1388 καὶ
622 1345 842 1403 γράμματα
866 1348 1007 1404 ἐφοίτα
1027 1348 1218 1402 βασιλικὰ
1239 1347 1486 1404 μετάκλητον
1505 1352 1697 1392 ποιοῦντα
1718 1349 1775 1398 εἷς

319 1416 492 1469 βασιλέα
519 1414 589 1457 τὸν
616 1414 859 1472 μάγιστρον·
894 1414 940 1458 ὃν
968 1414 1208 1474 ἀφικόμενον
1233 1418 1275 1467 ἐς
1297 1417 1370 1474 τὴν
1383 1417 1521 1460 Ἀσίαν
1537 1413 1684 1460 κελεύει
1700 1433 1774 1459 πε-

195 1537 198 1541 ,
267 1495 300 1532 Β
324 1487 575 1541 ραιωθῆναι,
609 1483 660 1526 τὰ
686 1483 787 1540 πρὸς
813 1483 883 1526 τὸν
907 1486 1161 1539 προκείμενον
1189 1484 1391 1542 ἀρκοῦντα
1421 1484 1558 1542 ἀγῶνα
1580 1482 1774 1541 εἰληφότα

321 1550 618 1609 στρατεύματα.
666 1550 777 1606 ἔτυχε
794 1552 872 1608 γὰρ
893 1550 1064 1608 Βάρδας
1080 1551 1102 1594 ὅ
1121 1555 1271 1603 Φωκᾶς
1287 1553 1470 1611 ἀποδρὰς
1489 1555 1531 1604 ἐξ
1544 1553 1772 1608 Ἀμασείας,

320 1619 373 1675 ἢν
404 1622 524 1662 οἲκεΐν
551 1620 823 1676 κατεκέκριτο,
859 1620 960 1674 μετὰ
989 1625 1188 1677 συγγενῶν
1214 1623 1282 1663 καὶ
1309 1622 1439 1678 φίλων
1470 1623 1538 1664 καὶ
1567 1618 1828 1676 συνήθων,ἳο

320 1687 423 1743 μεθ’
462 1682 517 1731 ὧν
556 1688 723 1746 ἀφανῶς
753 1687 1016 1742 συνωμόσατο
1050 1690 1124 1744 τὴν
1153 1689 1194 1732 έν
1222 1690 1500 1750 Καππαδοκίᾳ
1531 1693 1773 1744 καταλαβεῖν

323 1753 594 1813 Καισάρειαν,
639 1756 793 1799 κάκεῖσε
825 1754 1022 1814 ἑταιρικὸν
1050 1758 1123 1800 οὐκ
1150 1756 1283 1814 ὀλίγον
1314 1757 1542 1815 ἀθροίσας,
1586 1751 1642 1801 ὧν
1668 1752 1774 1813 ἦσαν

321 1822 487 1881 ξ’ξαρχοι
519 1825 557 1867 οἱ
584 1828 658 1867 τοῦ
683 1825 891 1882 πατρικίου
917 1823 1146 1868 Θεοδοῦλου
1166 1828 1307 1877 παῖδες
1330 1830 1404 1869 τοῦ
1423 1828 1776 1884 Παρσακουτηνοῦ

326 1891 540 1951 Θεόδωρος
567 1894 634 1936 καὶ
657 1891 895 1952 Νικηφόρος
913 1894 983 1937 καί
1001 1910 1063 1946 τις
1082 1894 1290 1953 πατρίκιος
1310 1893 1432 1946 ἄλλος
1451 1894 1618 1950 Συμεών
1637 1892 1659 1937 ὃ
1675 1894 1775 1949 Ἀμ-

412 2024 437 2061 8
458 2023 595 2060 τοῦτον
618 2035 674 2061 om
695 2024 726 2060 C
858 2024 901 2062 15
922 2020 1205 2061 ἀποπλύνεσθαι
1226 2025 1258 2061 C
1380 2025 1425 2063 19
1448 2021 1720 2071 στρατεύματος
1741 2023 1773 2059 C

321 2137 416 2174 tham
438 2138 483 2173 ab
506 2149 596 2184 equo
618 2138 850 2184 descendens,
882 2150 983 2175 manu
1005 2143 1119 2175 mento
1145 2139 1219 2174 eius
1241 2142 1406 2184 arrepto,
1435 2138 1581 2184 iugulat.
1627 2137 1696 2173 hoc
1717 2137 1774 2172 fa-

321 2185 420 2220 cinus
443 2185 607 2219 Romanis
630 2185 762 2220 animos
784 2184 899 2230 auxit,
923 2186 1074 2230 Scythas
1094 2191 1209 2221 autem
1227 2191 1318 2220 metu
1335 2185 1514 2230 implevit3
1536 2185 1657 2230 itaque
1674 2183 1776 2219 obliti

321 2242 403 2265 mox
431 2230 573 2265 virtutis
602 2235 702 2276 terga
731 2231 922 2276 dederunt,
955 2237 1159 2277 turpemque
1188 2232 1281 2266 nullo
1311 2232 1434 2266 ordine
1457 2232 1573 2276 fugam
1602 2231 1774 2273 fecerunt,

321 2287 411 2321 quos
442 2275 591 2311 insecuti
621 2277 770 2311 Romani
797 2288 952 2323 campum
984 2277 1213 2312 cadaveribus
1235 2275 1477 2323 oppleverunt.
1525 2276 1640 2323 plures
1662 2275 1774 2310 inter-

321 2322 426 2356 fectis
449 2322 544 2368 capti
565 2329 663 2367 sunt,
697 2328 734 2358 et
755 2323 982 2368 superstites,
1013 2323 1134 2369 paucis
1154 2323 1321 2369 demptis,
1351 2334 1469 2357 omnes
1489 2322 1631 2357 fuerunt
1649 2320 1773 2357 saucii.

321 2367 486 2412 quodnisi
512 2379 581 2402 nox
602 2368 767 2413 ingruens
789 2370 963 2404 Romanos
987 2380 1008 2404 a
1030 2369 1269 2415 persequendo
1297 2369 1398 2403 hoste
1418 2373 1638 2413 revocasset,
1673 2377 1774 2402 nemo

323 2424 409 2446 sane
441 2413 625 2448 evasisset.
671 2415 716 2449 de
747 2419 801 2449 tot
831 2415 965 2449 milibus
995 2416 1220 2450 barbarorum
1242 2413 1410 2461 perpauci
1431 2415 1696 2459 superfuerunt:
1730 2413 1777 2447 de

323 2457 491 2493 Romanis
515 2459 552 2493 in
574 2459 651 2495 acie
674 2461 876 2496 ceciderunt
898 2460 968 2495 viri
988 2461 1051 2504 25,
1076 2460 1248 2496 vulnerati
1269 2465 1350 2503 sunt
1373 2459 1541 2494 universi.

412 2504 573 2539 Nondum
611 2506 771 2541 confecto
809 2506 978 2551 Scythico
1014 2506 1125 2551 bello,
1162 2517 1238 2552 cum
1273 2505 1410 2551 quidem
1439 2505 1588 2540 nondum
1618 2514 1775 2539 cruorem

320 2547 422 2583 istius
447 2551 569 2595 praelii
592 2552 733 2586 abluere
754 2552 920 2587 Romanis
941 2552 1116 2596 licuisset,
1138 2552 1249 2587 literis
1271 2550 1488 2597 imperatoris
1509 2551 1641 2586 Bardaa
1660 2551 1777 2585 Durus

321 2593 365 2627 ad
394 2595 637 2640 imperatorem
670 2603 847 2633 evocatur.
896 2597 956 2644 qui
980 2603 1019 2633 ut
1040 2610 1082 2632 eo
1109 2598 1225 2642 venit,
1260 2598 1375 2632 statim
1405 2597 1546 2631 iubetur
1573 2607 1649 2630 cum
1673 2607 1776 2630 exer-

320 2639 412 2683 citu,
447 2647 596 2685 quantus
617 2644 798 2689 proposito
822 2644 1001 2678 certamini
1022 2643 1202 2678 videretur
1223 2644 1449 2686 suffecturus,
1474 2641 1511 2676 in
1534 2641 1650 2676 Asiam
1674 2641 1778 2676 traii-

319 2695 414 2721 cere.
463 2687 588 2721 etenim
623 2689 756 2723 Bardas
787 2689 924 2724 Phocus
957 2702 1002 2724 ex
1030 2689 1170 2724 Amasin
1201 2690 1389 2735 profugus,
1415 2687 1453 2722 in
1475 2698 1577 2732 quam
1601 2687 1776 2732 relegatus

321 2730 456 2775 fuerat,
488 2733 583 2767 facta
613 2734 749 2769 occulte
778 2736 1035 2781 conspiratione
1059 2747 1134 2770 cum
1156 2734 1312 2780 cognatis
1344 2732 1464 2768 amicis
1488 2738 1525 2768 et
1546 2733 1775 2773 familiaribus

319 2775 392 2810 suis
426 2785 657 2823 occupaverat
686 2781 896 2815 Caesaream
930 2781 1190 2826 Cappadociae,
1227 2779 1346 2825 ibique
1375 2779 1489 2814 socios
1522 2778 1612 2814 haud
1645 2788 1776 2824 paucos

318 2820 523 2866 collegerat,
557 2835 702 2868 quorum
733 2825 910 2872 principes
943 2831 1044 2862 erant
1074 2826 1138 2860 filii
1170 2825 1310 2872 patricii
1338 2824 1514 2860 Theoduli
1546 2822 1774 2860 Pnrsacuteni

317 2866 525 2903 Theodorus
557 2876 594 2903 et
623 2870 865 2918 Nicephorus,
899 2883 942 2908 ac
973 2872 1114 2918 quidam
1143 2871 1311 2920 patricius
1333 2871 1474 2906 Simeon
1495 2870 1672 2917 Ampelas.
1719 2868 1773 2903 his
