<?xml version="1.0" encoding="UTF-8"?>
<!DOCTYPE html PUBLIC "-//W3C//DTD XHTML 1.0 Transitional//EN"
    "http://www.w3.org/TR/xhtml1/DTD/xhtml1-transitional.dtd">
<html xmlns="http://www.w3.org/1999/xhtml" xml:lang="en" lang="en">
 <head>
  <title>
</title>
<meta http-equiv="Content-Type" content="text/html;charset=utf-8" />
  <meta name='ocr-system' content='tesseract 3.04.00' />
  <meta name='ocr-capabilities' content='ocr_page ocr_carea ocr_par ocr_line ocrx_word'/>
</head>
<body>
  <div class='ocr_page' id='page_1' title='image "./corpusscriptorum14niebuoft/corpusscriptorum14niebuoft_0891.png"; bbox 0 0 1916 3210; ppageno 0'>
   <div class='ocr_carea' id='block_1_1' title="bbox 686 188 1644 235">
    <p class='ocr_par' dir='ltr' id='par_1_1' title="bbox 686 188 1644 235">
     <span class='ocr_line' id='line_1_1' title="bbox 686 188 1644 235; baseline 0.004 -4"><span class='ocrx_word' id='word_1_1' title='bbox 686 188 1132 233; x_wconf 82' lang='lat' dir='ltr'><strong>ANNOTATIONES.</strong></span> <span class='ocrx_word' id='word_1_2' title='bbox 1548 189 1576 234; x_wconf 91' lang='lat'>8</span> <span class='ocrx_word' id='word_1_3' title='bbox 1584 189 1611 234; x_wconf 88' lang='grc'>8</span> <span class='ocrx_word' id='word_1_4' title='bbox 1622 191 1644 235; x_wconf 95' lang='grc'><strong>1</strong></span> 
     </span>
    </p>
   </div>
   <div class='ocr_carea' id='block_1_2' title="bbox 176 297 1648 519">
    <p class='ocr_par' dir='ltr' id='par_1_2' title="bbox 176 297 1648 519">
     <span class='ocr_line' id='line_1_2' title="bbox 177 297 1646 350; baseline 0.001 -12"><span class='ocrx_word' id='word_1_5' title='bbox 177 297 466 348; x_wconf 77' lang='lat' dir='ltr'><strong>Francigenam,</strong></span> <span class='ocrx_word' id='word_1_6' title='bbox 505 298 568 348; x_wconf 90' lang='lat' dir='ltr'><strong>qui</strong></span> <span class='ocrx_word' id='word_1_7' title='bbox 603 299 771 337; x_wconf 80' lang='lat' dir='ltr'><strong>fortassis</strong></span> <span class='ocrx_word' id='word_1_8' title='bbox 808 311 890 338; x_wconf 90' lang='lat' dir='ltr'><strong>cum</strong></span> <span class='ocrx_word' id='word_1_9' title='bbox 928 302 1048 338; x_wconf 87' lang='lat' dir='ltr'><strong>turma</strong></span> <span class='ocrx_word' id='word_1_10' title='bbox 1075 298 1199 350; x_wconf 86' lang='lat' dir='ltr'><strong>aliqua</strong></span> <span class='ocrx_word' id='word_1_11' title='bbox 1230 299 1448 339; x_wconf 81' lang='lat' dir='ltr'>Francorum</span> <span class='ocrx_word' id='word_1_12' title='bbox 1482 299 1646 350; x_wconf 89' lang='lat' dir='ltr'><strong>equitum</strong></span> 
     </span>
     <span class='ocr_line' id='line_1_3' title="bbox 178 354 1646 407; baseline 0.001 -13"><span class='ocrx_word' id='word_1_13' title='bbox 178 355 364 407; x_wconf 73' lang='lat' dir='ltr'><strong>stipendia</strong></span> <span class='ocrx_word' id='word_1_14' title='bbox 394 354 463 394; x_wconf 87' lang='lat' dir='ltr'><strong>sub</strong></span> <span class='ocrx_word' id='word_1_15' title='bbox 494 355 739 394; x_wconf 86' lang='lat' dir='ltr'><strong>Monomacho</strong></span> <span class='ocrx_word' id='word_1_16' title='bbox 770 356 915 404; x_wconf 85' lang='lat' dir='ltr'><strong>fecerit,</strong></span> <span class='ocrx_word' id='word_1_17' title='bbox 947 359 990 394; x_wconf 90' lang='lat' dir='ltr'><strong>ut</strong></span> <span class='ocrx_word' id='word_1_18' title='bbox 1011 369 1125 407; x_wconf 86' lang='lat' dir='ltr'><strong>supra</strong></span> <span class='ocrx_word' id='word_1_19' title='bbox 1143 355 1336 396; x_wconf 82' lang='lat' dir='ltr'><strong>Arduenus</strong></span> <span class='ocrx_word' id='word_1_20' title='bbox 1359 357 1429 395; x_wconf 90' lang='lat' dir='ltr'><strong>sub</strong></span> <span class='ocrx_word' id='word_1_21' title='bbox 1448 357 1646 396; x_wconf 79' lang='lat' dir='ltr'><strong>Michaelo.</strong></span> 
     </span>
     <span class='ocr_line' id='line_1_4' title="bbox 177 411 1648 461; baseline 0.001 -11"><span class='ocrx_word' id='word_1_22' title='bbox 177 414 217 450; x_wconf 85' lang='lat' dir='ltr'><strong>et</strong></span> <span class='ocrx_word' id='word_1_23' title='bbox 239 423 330 450; x_wconf 81' lang='lat' dir='ltr'><strong>sane</strong></span> <span class='ocrx_word' id='word_1_24' title='bbox 355 411 451 449; x_wconf 80' lang='lat' dir='ltr'><strong>infra</strong></span> <span class='ocrx_word' id='word_1_25' title='bbox 474 411 608 450; x_wconf 87' lang='lat' dir='ltr'><strong>Franci</strong></span> <span class='ocrx_word' id='word_1_26' title='bbox 633 411 804 451; x_wconf 87' lang='lat' dir='ltr'><strong>dicuntur</strong></span> <span class='ocrx_word' id='word_1_27' title='bbox 821 412 860 451; x_wconf 90' lang='lat' dir='ltr'><strong>in</strong></span> <span class='ocrx_word' id='word_1_28' title='bbox 875 411 996 452; x_wconf 84' lang='lat' dir='ltr'>Iberia</span> <span class='ocrx_word' id='word_1_29' title='bbox 1015 413 1213 461; x_wconf 59' lang='lat' dir='ltr'><strong>militasse,</strong></span> <span class='ocrx_word' id='word_1_30' title='bbox 1238 417 1277 453; x_wconf 89' lang='lat' dir='ltr'><strong>et</strong></span> <span class='ocrx_word' id='word_1_31' title='bbox 1297 414 1335 452; x_wconf 89' lang='lat' dir='ltr'><strong>in</strong></span> <span class='ocrx_word' id='word_1_32' title='bbox 1355 414 1570 453; x_wconf 86' lang='lat' dir='ltr'><strong>Stratiotico</strong></span> <span class='ocrx_word' id='word_1_33' title='bbox 1590 414 1648 452; x_wconf 89' lang='lat' dir='ltr'><strong>di-</strong></span> 
     </span>
     <span class='ocr_line' id='line_1_5' title="bbox 176 468 1208 519; baseline 0.001 -12"><span class='ocrx_word' id='word_1_34' title='bbox 176 470 276 507; x_wconf 79' lang='lat' dir='ltr'><strong>serte</strong></span> <span class='ocrx_word' id='word_1_35' title='bbox 298 468 506 506; x_wconf 81' lang='lat' dir='ltr'><strong>ostenditur</strong></span> <span class='ocrx_word' id='word_1_36' title='bbox 525 469 609 519; x_wconf 86' lang='lat' dir='ltr'><strong>quis</strong></span> <span class='ocrx_word' id='word_1_37' title='bbox 630 469 740 507; x_wconf 86' lang='lat' dir='ltr'><strong>fuerit</strong></span> <span class='ocrx_word' id='word_1_38' title='bbox 759 470 831 508; x_wconf 87' lang='lat' dir='ltr'><strong>iste</strong></span> <span class='ocrx_word' id='word_1_39' title='bbox 847 468 1208 513; x_wconf 71' lang='lat' dir='ltr'><strong>Erbebius.XY1..</strong></span> 
     </span>
    </p>
   </div>
   <div class='ocr_carea' id='block_1_3' title="bbox 172 533 1648 927">
    <p class='ocr_par' dir='ltr' id='par_1_3' title="bbox 172 533 1647 927">
     <span class='ocr_line' id='line_1_6' title="bbox 288 533 1647 589; baseline 0.003 -17"><span class='ocrx_word' id='word_1_40' title='bbox 288 537 316 573; x_wconf 91' lang='lat' dir='ltr'><strong>t.</strong></span> <span class='ocrx_word' id='word_1_41' title='bbox 334 533 369 572; x_wconf 93' lang='lat'><strong>11</strong></span> <span class='ocrx_word' id='word_1_42' title='bbox 396 547 438 586; x_wconf 88' lang='lat' dir='ltr'><strong>p.</strong></span> <span class='ocrx_word' id='word_1_43' title='bbox 456 533 539 577; x_wconf 89' lang='lat'><strong>598</strong></span> <span class='ocrx_word' id='word_1_44' title='bbox 561 548 594 574; x_wconf 88' lang='lat' dir='ltr'><strong>v.</strong></span> <span class='ocrx_word' id='word_1_45' title='bbox 612 537 652 578; x_wconf 88' lang='grc'><strong>3.</strong></span> <span class='ocrx_word' id='word_1_46' title='bbox 698 535 815 588; x_wconf 78' lang='lat' dir='ltr'><strong>fitga</strong></span> <span class='ocrx_word' id='word_1_47' title='bbox 842 534 1049 589; x_wconf 70' lang='lat' dir='ltr'><strong>evaderet]</strong></span> <span class='ocrx_word' id='word_1_48' title='bbox 1077 536 1137 575; x_wconf 90' lang='lat' dir='ltr'><strong>hic</strong></span> <span class='ocrx_word' id='word_1_49' title='bbox 1167 537 1208 575; x_wconf 88' lang='lat' dir='ltr'><strong>in</strong></span> <span class='ocrx_word' id='word_1_50' title='bbox 1236 537 1363 576; x_wconf 90' lang='lat' dir='ltr'><strong>codice</strong></span> <span class='ocrx_word' id='word_1_51' title='bbox 1393 538 1472 576; x_wconf 84' lang='lat' dir='ltr'><strong>sere</strong></span> <span class='ocrx_word' id='word_1_52' title='bbox 1499 537 1647 587; x_wconf 83' lang='lat' dir='ltr'><strong>integra</strong></span> 
     </span>
     <span class='ocr_line' id='line_1_7' title="bbox 173 590 1648 659; baseline 0.001 -30"><span class='ocrx_word' id='word_1_53' title='bbox 173 590 314 644; x_wconf 87' lang='lat' dir='ltr'><strong>pagina</strong></span> <span class='ocrx_word' id='word_1_54' title='bbox 345 595 426 630; x_wconf 85' lang='lat' dir='ltr'><strong>erat</strong></span> <span class='ocrx_word' id='word_1_55' title='bbox 453 603 579 631; x_wconf 88' lang='lat' dir='ltr'><strong>vacua.</strong></span> <span class='ocrx_word' id='word_1_56' title='bbox 636 592 761 642; x_wconf 84' lang='lat' dir='ltr'><strong>deest,</strong></span> <span class='ocrx_word' id='word_1_57' title='bbox 787 597 830 631; x_wconf 88' lang='lat' dir='ltr'><strong>ut</strong></span> <span class='ocrx_word' id='word_1_58' title='bbox 849 593 1023 642; x_wconf 91' lang='lat' dir='ltr'><strong>coniicio,</strong></span> <span class='ocrx_word' id='word_1_59' title='bbox 1052 593 1251 659; x_wconf 83' lang='lat' dir='ltr'><strong>descriptio</strong></span> <span class='ocrx_word' id='word_1_60' title='bbox 1270 594 1401 632; x_wconf 85' lang='lat' dir='ltr'>advers</span> <span class='ocrx_word' id='word_1_61' title='bbox 1404 607 1448 633; x_wconf 90' lang='lat' dir='ltr'><strong>ae</strong></span> <span class='ocrx_word' id='word_1_62' title='bbox 1467 595 1505 632; x_wconf 91' lang='lat' dir='ltr'><strong>in</strong></span> <span class='ocrx_word' id='word_1_63' title='bbox 1523 593 1648 633; x_wconf 82' lang='lat' dir='ltr'><strong>Patzi-</strong></span> 
     </span>
     <span class='ocr_line' id='line_1_8' title="bbox 174 641 1645 702; baseline 0.002 -16"><span class='ocrx_word' id='word_1_64' title='bbox 174 659 286 686; x_wconf 85' lang='lat' dir='ltr'><strong>nacas</strong></span> <span class='ocrx_word' id='word_1_65' title='bbox 304 641 454 699; x_wconf 80' lang='lat' dir='ltr'><strong>pugnae</strong></span> <span class='ocrx_word' id='word_1_66' title='bbox 470 646 670 700; x_wconf 89' lang='lat' dir='ltr'><strong>Nicephori</strong></span> <span class='ocrx_word' id='word_1_67' title='bbox 690 649 866 698; x_wconf 87' lang='lat' dir='ltr'><strong>rectoris,</strong></span> <span class='ocrx_word' id='word_1_68' title='bbox 894 650 958 689; x_wconf 88' lang='lat' dir='ltr'><strong>et&#39;</strong></span> <span class='ocrx_word' id='word_1_69' title='bbox 947 650 1197 702; x_wconf 76' lang='lat' dir='ltr'><strong>impressionis</strong></span> <span class='ocrx_word' id='word_1_70' title='bbox 1214 650 1350 688; x_wconf 89' lang='lat' dir='ltr'><strong>deinde</strong></span> <span class='ocrx_word' id='word_1_71' title='bbox 1367 651 1645 689; x_wconf 87' lang='lat' dir='ltr'><strong>Patzinacarum</strong></span> 
     </span>
     <span class='ocr_line' id='line_1_9' title="bbox 173 703 1646 758; baseline 0.002 -15"><span class='ocrx_word' id='word_1_72' title='bbox 173 703 325 743; x_wconf 85' lang='lat' dir='ltr'><strong>alicuius</strong></span> <span class='ocrx_word' id='word_1_73' title='bbox 343 707 382 742; x_wconf 88' lang='lat' dir='ltr'><strong>et</strong></span> <span class='ocrx_word' id='word_1_74' title='bbox 398 703 476 742; x_wconf 88' lang='lat' dir='ltr'><strong>ad</strong></span> <span class='ocrx_word' id='word_1_75' title='bbox 465 717 584 756; x_wconf 79' lang='lat' dir='ltr'><strong>ipsum</strong></span> <span class='ocrx_word' id='word_1_76' title='bbox 604 718 721 756; x_wconf 89' lang='lat' dir='ltr'><strong>usque</strong></span> <span class='ocrx_word' id='word_1_77' title='bbox 733 705 952 758; x_wconf 85' lang='lat' dir='ltr'><strong>Byzantium</strong></span> <span class='ocrx_word' id='word_1_78' title='bbox 969 706 1202 755; x_wconf 86' lang='lat' dir='ltr'><strong>excursionis,</strong></span> <span class='ocrx_word' id='word_1_79' title='bbox 1231 719 1298 746; x_wconf 87' lang='lat' dir='ltr'><strong>nec</strong></span> <span class='ocrx_word' id='word_1_80' title='bbox 1316 719 1391 744; x_wconf 87' lang='lat' dir='ltr'><strong>non</strong></span> <span class='ocrx_word' id='word_1_81' title='bbox 1410 720 1485 758; x_wconf 90' lang='lat' dir='ltr'><strong>qua</strong></span> <span class='ocrx_word' id='word_1_82' title='bbox 1502 708 1646 746; x_wconf 89' lang='lat' dir='ltr'><strong>ratione</strong></span> 
     </span>
     <span class='ocr_line' id='line_1_10' title="bbox 173 759 1644 815; baseline 0.002 -16"><span class='ocrx_word' id='word_1_83' title='bbox 173 759 351 810; x_wconf 87' lang='lat' dir='ltr'><strong>Kegenes</strong></span> <span class='ocrx_word' id='word_1_84' title='bbox 372 760 462 798; x_wconf 89' lang='lat' dir='ltr'><strong>urbe</strong></span> <span class='ocrx_word' id='word_1_85' title='bbox 482 762 636 800; x_wconf 90' lang='lat' dir='ltr'><strong>emissus</strong></span> <span class='ocrx_word' id='word_1_86' title='bbox 654 763 775 804; x_wconf 86' lang='lat' dir='ltr'><strong>fuerit.</strong></span> <span class='ocrx_word' id='word_1_87' title='bbox 834 763 900 802; x_wconf 88' lang='lat' dir='ltr'><strong>sed</strong></span> <span class='ocrx_word' id='word_1_88' title='bbox 921 762 978 802; x_wconf 87' lang='lat' dir='ltr'><strong>hic</strong></span> <span class='ocrx_word' id='word_1_89' title='bbox 997 763 1165 802; x_wconf 81' lang='lat' dir='ltr'><strong>Zonaras</strong></span> <span class='ocrx_word' id='word_1_90' title='bbox 1183 775 1252 801; x_wconf 90' lang='lat' dir='ltr'><strong>nos</strong></span> <span class='ocrx_word' id='word_1_91' title='bbox 1271 764 1395 802; x_wconf 90' lang='lat' dir='ltr'><strong>iuvare</strong></span> <span class='ocrx_word' id='word_1_92' title='bbox 1413 776 1487 802; x_wconf 91' lang='lat' dir='ltr'><strong>non</strong></span> <span class='ocrx_word' id='word_1_93' title='bbox 1505 768 1644 815; x_wconf 84' lang='lat' dir='ltr'><strong>potest,</strong></span> 
     </span>
     <span class='ocr_line' id='line_1_11' title="bbox 173 816 1644 870; baseline 0.003 -16"><span class='ocrx_word' id='word_1_94' title='bbox 173 820 218 855; x_wconf 89' lang='lat' dir='ltr'><strong>ut</strong></span> <span class='ocrx_word' id='word_1_95' title='bbox 239 816 332 856; x_wconf 88' lang='lat' dir='ltr'><strong>certi</strong></span> <span class='ocrx_word' id='word_1_96' title='bbox 353 816 492 867; x_wconf 90' lang='lat' dir='ltr'><strong>aliquid</strong></span> <span class='ocrx_word' id='word_1_97' title='bbox 508 818 685 863; x_wconf 86' lang='lat' dir='ltr'><strong>sciamus,</strong></span> <span class='ocrx_word' id='word_1_98' title='bbox 717 832 797 857; x_wconf 86' lang='lat' dir='ltr'><strong>cum</strong></span> <span class='ocrx_word' id='word_1_99' title='bbox 816 820 876 858; x_wconf 88' lang='lat' dir='ltr'><strong>vix</strong></span> <span class='ocrx_word' id='word_1_100' title='bbox 894 820 1064 870; x_wconf 87' lang='lat' dir='ltr'><strong>attigerit</strong></span> <span class='ocrx_word' id='word_1_101' title='bbox 1079 819 1173 858; x_wconf 88' lang='lat' dir='ltr'><strong>hanc</strong></span> <span class='ocrx_word' id='word_1_102' title='bbox 1190 824 1264 858; x_wconf 91' lang='lat' dir='ltr'><strong>tam</strong></span> <span class='ocrx_word' id='word_1_103' title='bbox 1283 819 1432 870; x_wconf 82' lang='lat' dir='ltr'><strong>longam</strong></span> <span class='ocrx_word' id='word_1_104' title='bbox 1451 825 1490 860; x_wconf 90' lang='lat' dir='ltr'><strong>et</strong></span> <span class='ocrx_word' id='word_1_105' title='bbox 1506 821 1644 859; x_wconf 85' lang='lat' dir='ltr'><strong>variam</strong></span> 
     </span>
     <span class='ocr_line' id='line_1_12' title="bbox 172 871 1453 927; baseline 0.002 -16"><span class='ocrx_word' id='word_1_106' title='bbox 172 871 375 913; x_wconf 78' lang='lat' dir='ltr'><strong>historiam.</strong></span> <span class='ocrx_word' id='word_1_107' title='bbox 401 874 512 914; x_wconf 77' lang='lat' dir='ltr'><strong>XYL.</strong></span> <span class='ocrx_word' id='word_1_108' title='bbox 571 875 739 914; x_wconf 83' lang='lat' dir='ltr'><strong>lacunam</strong></span> <span class='ocrx_word' id='word_1_109' title='bbox 764 875 1010 927; x_wconf 86' lang='lat' dir='ltr'><strong>supplevimus</strong></span> <span class='ocrx_word' id='word_1_110' title='bbox 1033 889 1081 915; x_wconf 85' lang='lat' dir='ltr'><strong>ex</strong></span> <span class='ocrx_word' id='word_1_111' title='bbox 1104 876 1280 926; x_wconf 89' lang='lat' dir='ltr'><strong>Scylitza.</strong></span> <span class='ocrx_word' id='word_1_112' title='bbox 1312 877 1453 916; x_wconf 66' lang='lat' dir='ltr'><strong>Gon..</strong></span> 
     </span>
    </p>
   </div>
   <div class='ocr_carea' id='block_1_4' title="bbox 170 936 1647 1153">
    <p class='ocr_par' dir='ltr' id='par_1_4' title="bbox 170 936 1647 1152">
     <span class='ocr_line' id='line_1_13' title="bbox 285 936 1647 996; baseline 0.006 -17"><span class='ocrx_word' id='word_1_113' title='bbox 285 945 313 980; x_wconf 89' lang='lat' dir='ltr'><strong>t.</strong></span> <span class='ocrx_word' id='word_1_114' title='bbox 329 939 366 980; x_wconf 86' lang='lat'><strong>11</strong></span> <span class='ocrx_word' id='word_1_115' title='bbox 389 954 431 994; x_wconf 89' lang='lat' dir='ltr'><strong>p.</strong></span> <span class='ocrx_word' id='word_1_116' title='bbox 450 941 534 983; x_wconf 88' lang='grc'><strong>603</strong></span> <span class='ocrx_word' id='word_1_117' title='bbox 553 954 588 980; x_wconf 87' lang='lat' dir='ltr'><strong>v.</strong></span> <span class='ocrx_word' id='word_1_118' title='bbox 607 943 678 983; x_wconf 88' lang='grc'><strong>22.</strong></span> <span class='ocrx_word' id='word_1_119' title='bbox 739 939 765 982; x_wconf 86' lang='lat' dir='ltr'><strong>o‘</strong></span> <span class='ocrx_word' id='word_1_120' title='bbox 784 936 1039 996; x_wconf 70' lang='grc' dir='ltr'><strong><em>ἀκόλουθος]</em></strong></span> <span class='ocrx_word' id='word_1_121' title='bbox 1072 943 1238 982; x_wconf 88' lang='lat' dir='ltr'><strong>Codinus</strong></span> <span class='ocrx_word' id='word_1_122' title='bbox 1267 944 1316 983; x_wconf 92' lang='lat' dir='ltr'><strong>de</strong></span> <span class='ocrx_word' id='word_1_123' title='bbox 1340 944 1454 983; x_wconf 85' lang='lat' dir='ltr'><strong>Offic.</strong></span> <span class='ocrx_word' id='word_1_124' title='bbox 1476 958 1506 984; x_wconf 89' lang='lat' dir='ltr'><strong>c.</strong></span> <span class='ocrx_word' id='word_1_125' title='bbox 1532 943 1577 986; x_wconf 87' lang='lat'><strong>5:</strong></span> <span class='ocrx_word' id='word_1_126' title='bbox 1620 943 1647 986; x_wconf 81' lang='grc' dir='ltr'><em>ὅ</em></span> 
     </span>
     <span class='ocr_line' id='line_1_14' title="bbox 172 991 1645 1071; baseline 0.002 -33"><span class='ocrx_word' id='word_1_127' title='bbox 172 991 405 1046; x_wconf 73' lang='grc' dir='ltr'><strong><em>ἅκόλουθος</em></strong></span> <span class='ocrx_word' id='word_1_128' title='bbox 431 996 652 1051; x_wconf 72' lang='grc' dir='ltr'><strong>εὑρίσκεται</strong></span> <span class='ocrx_word' id='word_1_129' title='bbox 681 995 754 1066; x_wconf 77' lang='grc' dir='ltr'><strong>μὲν</strong></span> <span class='ocrx_word' id='word_1_130' title='bbox 781 997 920 1051; x_wconf 68' lang='grc' dir='ltr'><strong><em>ἔνοχος</em></strong></span> <span class='ocrx_word' id='word_1_131' title='bbox 946 1002 1029 1040; x_wconf 76' lang='grc' dir='ltr'><strong>τῶν</strong></span> <span class='ocrx_word' id='word_1_132' title='bbox 1054 997 1312 1071; x_wconf 75' lang='grc' dir='ltr'><strong><em>Βαράγγων,</em></strong></span> <span class='ocrx_word' id='word_1_133' title='bbox 1353 996 1574 1042; x_wconf 67' lang='grc' dir='ltr'><strong><em>ἀκολουθεῖ</em></strong></span> <span class='ocrx_word' id='word_1_134' title='bbox 1599 1000 1645 1042; x_wconf 81' lang='grc' dir='ltr'><strong>δὲ</strong></span> 
     </span>
     <span class='ocr_line' id='line_1_15' title="bbox 170 1051 1644 1153; baseline 0.003 -58"><span class='ocrx_word' id='word_1_135' title='bbox 170 1055 248 1152; x_wconf 59' lang='grc' dir='ltr'><strong>ζῗι</strong></span> <span class='ocrx_word' id='word_1_136' title='bbox 254 1053 666 1153; x_wconf 53' lang='grc' dir='ltr'><strong><em>βαὲἐὶἴῌὲμπροσθεν</em></strong></span> <span class='ocrx_word' id='word_1_137' title='bbox 686 1051 835 1095; x_wconf 78' lang='grc' dir='ltr'><strong><em>αὐτῶν.</em></strong></span> <span class='ocrx_word' id='word_1_138' title='bbox 891 1051 959 1096; x_wconf 73' lang='grc' dir='ltr'><strong>διά</strong></span> <span class='ocrx_word' id='word_1_139' title='bbox 978 1071 1040 1097; x_wconf 85' lang='grc' dir='ltr'><strong>τοι</strong></span> <span class='ocrx_word' id='word_1_140' title='bbox 1058 1071 1176 1097; x_wconf 87' lang='grc' dir='ltr'><strong><em>τουτο</em></strong></span> <span class='ocrx_word' id='word_1_141' title='bbox 1196 1055 1265 1098; x_wconf 82' lang='grc' dir='ltr'><strong>καὶ</strong></span> <span class='ocrx_word' id='word_1_142' title='bbox 1286 1052 1515 1106; x_wconf 52' lang='lat' dir='ltr'><strong>cindatos-&amp;09</strong></span> <span class='ocrx_word' id='word_1_143' title='bbox 1534 1057 1644 1112; x_wconf 80' lang='grc' dir='ltr'><em>λέγε-</em></span> 
     </span>
    </p>
   </div>
   <div class='ocr_carea' id='block_1_5' title="bbox 167 1177 1644 1685">
    <p class='ocr_par' dir='ltr' id='par_1_5' title="bbox 167 1177 1644 1446">
     <span class='ocr_line' id='line_1_16' title="bbox 283 1177 1643 1233; baseline -0.001 -14"><span class='ocrx_word' id='word_1_144' title='bbox 283 1183 312 1219; x_wconf 89' lang='lat' dir='ltr'><strong>t.</strong></span> <span class='ocrx_word' id='word_1_145' title='bbox 332 1179 370 1219; x_wconf 90' lang='lat' dir='ltr'><strong>II</strong></span> <span class='ocrx_word' id='word_1_146' title='bbox 396 1193 436 1233; x_wconf 87' lang='lat' dir='ltr'><strong>p.</strong></span> <span class='ocrx_word' id='word_1_147' title='bbox 452 1177 536 1224; x_wconf 80' lang='lat'><strong>604</strong></span> <span class='ocrx_word' id='word_1_148' title='bbox 557 1177 678 1220; x_wconf 80' lang='lat' dir='ltr'><strong>v.24.</strong></span> <span class='ocrx_word' id='word_1_149' title='bbox 733 1177 1018 1217; x_wconf 64' lang='lat' dir='ltr'><strong>indictionibus</strong></span> <span class='ocrx_word' id='word_1_150' title='bbox 1047 1177 1075 1221; x_wconf 83' lang='lat'>4</span> <span class='ocrx_word' id='word_1_151' title='bbox 1103 1187 1141 1217; x_wconf 86' lang='lat' dir='ltr'><strong>et</strong></span> <span class='ocrx_word' id='word_1_152' title='bbox 1164 1179 1214 1233; x_wconf 87' lang='lat'><strong>5]</strong></span> <span class='ocrx_word' id='word_1_153' title='bbox 1252 1181 1291 1220; x_wconf 90' lang='lat' dir='ltr'><strong>in</strong></span> <span class='ocrx_word' id='word_1_154' title='bbox 1317 1183 1423 1221; x_wconf 85' lang='lat' dir='ltr'><strong>textu</strong></span> <span class='ocrx_word' id='word_1_155' title='bbox 1453 1178 1506 1222; x_wconf 85' lang='lat'><strong>14</strong></span> <span class='ocrx_word' id='word_1_156' title='bbox 1537 1186 1574 1220; x_wconf 88' lang='lat' dir='ltr'><strong>et</strong></span> <span class='ocrx_word' id='word_1_157' title='bbox 1603 1181 1643 1223; x_wconf 85' lang='lat'><strong>5.</strong></span> 
     </span>
     <span class='ocr_line' id='line_1_17' title="bbox 171 1236 1644 1290; baseline 0.001 -15"><span class='ocrx_word' id='word_1_158' title='bbox 171 1237 240 1276; x_wconf 73' lang='lat' dir='ltr'><strong>sed</strong></span> <span class='ocrx_word' id='word_1_159' title='bbox 266 1236 306 1276; x_wconf 82' lang='lat' dir='ltr'><strong>id</strong></span> <span class='ocrx_word' id='word_1_160' title='bbox 332 1237 505 1276; x_wconf 89' lang='lat' dir='ltr'><strong>vitiosum</strong></span> <span class='ocrx_word' id='word_1_161' title='bbox 529 1240 640 1288; x_wconf 87' lang='lat' dir='ltr'><strong>puto,</strong></span> <span class='ocrx_word' id='word_1_162' title='bbox 667 1248 790 1287; x_wconf 89' lang='lat' dir='ltr'><strong>neque</strong></span> <span class='ocrx_word' id='word_1_163' title='bbox 811 1241 954 1275; x_wconf 87' lang='lat' dir='ltr'><strong>tantum</strong></span> <span class='ocrx_word' id='word_1_164' title='bbox 977 1237 1075 1275; x_wconf 89' lang='lat' dir='ltr'><strong>inter</strong></span> <span class='ocrx_word' id='word_1_165' title='bbox 1094 1237 1184 1276; x_wconf 90' lang='lat' dir='ltr'><strong>haec</strong></span> <span class='ocrx_word' id='word_1_166' title='bbox 1204 1241 1242 1277; x_wconf 88' lang='lat' dir='ltr'><strong>et</strong></span> <span class='ocrx_word' id='word_1_167' title='bbox 1259 1238 1450 1290; x_wconf 85' lang='lat' dir='ltr'><strong>superiora</strong></span> <span class='ocrx_word' id='word_1_168' title='bbox 1467 1238 1644 1276; x_wconf 86' lang='lat' dir='ltr'><strong>interval-</strong></span> 
     </span>
     <span class='ocr_line' id='line_1_18' title="bbox 169 1291 1642 1343; baseline 0.001 -12"><span class='ocrx_word' id='word_1_169' title='bbox 169 1291 243 1331; x_wconf 90' lang='lat' dir='ltr'><strong>lum</strong></span> <span class='ocrx_word' id='word_1_170' title='bbox 267 1293 445 1341; x_wconf 78' lang='lat' dir='ltr'><strong>admitt03</strong></span> <span class='ocrx_word' id='word_1_171' title='bbox 472 1297 511 1332; x_wconf 88' lang='lat' dir='ltr'><strong>et</strong></span> <span class='ocrx_word' id='word_1_172' title='bbox 537 1307 555 1332; x_wconf 88' lang='grc' dir='ltr'><em>ε</em></span> <span class='ocrx_word' id='word_1_173' title='bbox 571 1296 680 1332; x_wconf 78' lang='lat' dir='ltr'><strong>recte</strong></span> <span class='ocrx_word' id='word_1_174' title='bbox 706 1293 843 1332; x_wconf 88' lang='lat' dir='ltr'><strong>habere</strong></span> <span class='ocrx_word' id='word_1_175' title='bbox 868 1294 949 1343; x_wconf 90' lang='lat' dir='ltr'><strong>aio,</strong></span> <span class='ocrx_word' id='word_1_176' title='bbox 981 1293 1080 1333; x_wconf 79' lang='grc' dir='ltr'><strong><em>ἰῶτα</em></strong></span> <span class='ocrx_word' id='word_1_177' title='bbox 1107 1295 1248 1333; x_wconf 86' lang='lat' dir='ltr'><strong>denarii</strong></span> <span class='ocrx_word' id='word_1_178' title='bbox 1276 1298 1402 1333; x_wconf 90' lang='lat' dir='ltr'><strong>notam</strong></span> <span class='ocrx_word' id='word_1_179' title='bbox 1427 1295 1478 1332; x_wconf 91' lang='lat' dir='ltr'><strong>ad</strong></span> <span class='ocrx_word' id='word_1_180' title='bbox 1503 1294 1527 1333; x_wconf 85' lang='grc' dir='ltr'><em>δ</em></span> <span class='ocrx_word' id='word_1_181' title='bbox 1551 1296 1642 1333; x_wconf 89' lang='lat' dir='ltr'><strong>vitio</strong></span> 
     </span>
     <span class='ocr_line' id='line_1_19' title="bbox 169 1348 1639 1403; baseline 0.001 -15"><span class='ocrx_word' id='word_1_182' title='bbox 169 1349 348 1391; x_wconf 86' lang='lat' dir='ltr'><strong>additam.</strong></span> <span class='ocrx_word' id='word_1_183' title='bbox 405 1350 497 1403; x_wconf 90' lang='lat' dir='ltr'><strong>quid</strong></span> <span class='ocrx_word' id='word_1_184' title='bbox 523 1348 678 1388; x_wconf 63' lang='lat' dir='ltr'><strong>multis?</strong></span> <span class='ocrx_word' id='word_1_185' title='bbox 704 1349 816 1403; x_wconf 89' lang='lat' dir='ltr'><strong>paulo</strong></span> <span class='ocrx_word' id='word_1_186' title='bbox 841 1354 929 1402; x_wconf 90' lang='lat' dir='ltr'><strong>post</strong></span> <span class='ocrx_word' id='word_1_187' title='bbox 954 1351 1093 1390; x_wconf 88' lang='lat' dir='ltr'><strong>mentio</strong></span> <span class='ocrx_word' id='word_1_188' title='bbox 1116 1351 1266 1390; x_wconf 87' lang='lat' dir='ltr'><strong>tandem</strong></span> <span class='ocrx_word' id='word_1_189' title='bbox 1287 1353 1314 1392; x_wconf 90' lang='lat'><strong>7</strong></span> <span class='ocrx_word' id='word_1_190' title='bbox 1332 1355 1372 1390; x_wconf 88' lang='lat' dir='ltr'><strong>et</strong></span> <span class='ocrx_word' id='word_1_191' title='bbox 1388 1352 1415 1392; x_wconf 92' lang='lat'>8</span> <span class='ocrx_word' id='word_1_192' title='bbox 1433 1351 1639 1390; x_wconf 84' lang='lat' dir='ltr'><strong>indictionis</strong></span> 
     </span>
     <span class='ocr_line' id='line_1_20' title="bbox 167 1406 387 1446; baseline -0.01 0"><span class='ocrx_word' id='word_1_193' title='bbox 167 1406 226 1446; x_wconf 85' lang='lat' dir='ltr'><strong>fit.</strong></span> <span class='ocrx_word' id='word_1_194' title='bbox 281 1407 387 1445; x_wconf 82' lang='lat' dir='ltr'><strong>XYr..</strong></span> 
     </span>
    </p>

    <p class='ocr_par' dir='ltr' id='par_1_6' title="bbox 167 1457 1640 1685">
     <span class='ocr_line' id='line_1_21' title="bbox 278 1457 1640 1517; baseline 0 -15"><span class='ocrx_word' id='word_1_195' title='bbox 278 1467 308 1504; x_wconf 89' lang='lat' dir='ltr'><strong>t.</strong></span> <span class='ocrx_word' id='word_1_196' title='bbox 333 1463 369 1502; x_wconf 89' lang='lat'><strong>11</strong></span> <span class='ocrx_word' id='word_1_197' title='bbox 394 1476 436 1516; x_wconf 90' lang='lat' dir='ltr'><strong>p.</strong></span> <span class='ocrx_word' id='word_1_198' title='bbox 455 1461 540 1504; x_wconf 87' lang='lat'><strong>610</strong></span> <span class='ocrx_word' id='word_1_199' title='bbox 559 1474 595 1502; x_wconf 84' lang='lat' dir='ltr'><strong>v.</strong></span> <span class='ocrx_word' id='word_1_200' title='bbox 617 1462 683 1503; x_wconf 91' lang='lat'><strong>11.</strong></span> <span class='ocrx_word' id='word_1_201' title='bbox 743 1460 769 1503; x_wconf 79' lang='grc' dir='ltr'><em>ὅ</em></span> <span class='ocrx_word' id='word_1_202' title='bbox 785 1457 1026 1517; x_wconf 77' lang='grc' dir='ltr'><strong>πρωτεύων]</strong></span> <span class='ocrx_word' id='word_1_203' title='bbox 1057 1463 1120 1514; x_wconf 91' lang='lat' dir='ltr'><strong>qui</strong></span> <span class='ocrx_word' id='word_1_204' title='bbox 1141 1470 1179 1502; x_wconf 90' lang='lat' dir='ltr'><strong>et</strong></span> <span class='ocrx_word' id='word_1_205' title='bbox 1200 1458 1367 1515; x_wconf 79' lang='grc' dir='ltr'><strong><em>μέγας”</em></strong></span> <span class='ocrx_word' id='word_1_206' title='bbox 1339 1477 1486 1515; x_wconf 84' lang='grc' dir='ltr'><strong><em>αρχων.</em></strong></span> <span class='ocrx_word' id='word_1_207' title='bbox 1544 1463 1640 1502; x_wconf 89' lang='lat' dir='ltr'><strong>inter</strong></span> 
     </span>
     <span class='ocr_line' id='line_1_22' title="bbox 168 1515 1640 1586; baseline -0.001 -26"><span class='ocrx_word' id='word_1_208' title='bbox 168 1534 365 1573; x_wconf 83' lang='grc' dir='ltr'><strong><em>αρχοντας</em></strong></span> <span class='ocrx_word' id='word_1_209' title='bbox 389 1521 486 1559; x_wconf 91' lang='lat' dir='ltr'><strong>enim</strong></span> <span class='ocrx_word' id='word_1_210' title='bbox 511 1523 551 1558; x_wconf 90' lang='lat' dir='ltr'><strong>et</strong></span> <span class='ocrx_word' id='word_1_211' title='bbox 576 1515 865 1572; x_wconf 75' lang='grc' dir='ltr'><strong><em>κατάρχοντας,</em></strong></span> <span class='ocrx_word' id='word_1_212' title='bbox 892 1520 1080 1586; x_wconf 87' lang='lat' dir='ltr'><strong>praesides</strong></span> <span class='ocrx_word' id='word_1_213' title='bbox 1101 1523 1338 1568; x_wconf 84' lang='lat' dir='ltr'><strong>rectoresque</strong></span> <span class='ocrx_word' id='word_1_214' title='bbox 1358 1521 1640 1571; x_wconf 85' lang='lat' dir='ltr'><strong>provinciarum,</strong></span> 
     </span>
     <span class='ocr_line' id='line_1_23' title="bbox 169 1571 1640 1630; baseline 0 -15"><span class='ocrx_word' id='word_1_215' title='bbox 169 1589 262 1615; x_wconf 84' lang='lat' dir='ltr'><strong>unus</strong></span> <span class='ocrx_word' id='word_1_216' title='bbox 286 1577 468 1629; x_wconf 88' lang='lat' dir='ltr'><strong>quispiam</strong></span> <span class='ocrx_word' id='word_1_217' title='bbox 489 1575 639 1614; x_wconf 89' lang='lat' dir='ltr'><strong>honoris</strong></span> <span class='ocrx_word' id='word_1_218' title='bbox 661 1577 779 1626; x_wconf 86' lang='lat' dir='ltr'><strong>gratia</strong></span> <span class='ocrx_word' id='word_1_219' title='bbox 797 1571 1017 1629; x_wconf 76' lang='grc' dir='ltr'><strong><em>πρωτεύων</em></strong></span> <span class='ocrx_word' id='word_1_220' title='bbox 1036 1589 1102 1615; x_wconf 88' lang='lat' dir='ltr'><strong>seu</strong></span> <span class='ocrx_word' id='word_1_221' title='bbox 1122 1574 1244 1629; x_wconf 84' lang='grc' dir='ltr'><strong><em>μέγας</em></strong></span> <span class='ocrx_word' id='word_1_222' title='bbox 1261 1572 1398 1630; x_wconf 80' lang='grc' dir='ltr'><strong><em>ἅρχων</em></strong></span> <span class='ocrx_word' id='word_1_223' title='bbox 1416 1576 1491 1615; x_wconf 90' lang='lat' dir='ltr'><strong>ab</strong></span> <span class='ocrx_word' id='word_1_224' title='bbox 1482 1589 1640 1629; x_wconf 81' lang='lat' dir='ltr'><strong>impera-</strong></span> 
     </span>
     <span class='ocr_line' id='line_1_24' title="bbox 167 1632 1156 1685; baseline 0 -13"><span class='ocrx_word' id='word_1_225' title='bbox 167 1636 252 1673; x_wconf 82' lang='lat' dir='ltr'><strong>tore</strong></span> <span class='ocrx_word' id='word_1_226' title='bbox 269 1634 484 1685; x_wconf 82' lang='lat' dir='ltr'><strong>designatus</strong></span> <span class='ocrx_word' id='word_1_227' title='bbox 505 1632 746 1672; x_wconf 83' lang='lat' dir='ltr'><strong>salutabatur.</strong></span> <span class='ocrx_word' id='word_1_228' title='bbox 773 1634 958 1673; x_wconf 88' lang='lat' dir='ltr'><strong>Coresius.</strong></span> <span class='ocrx_word' id='word_1_229' title='bbox 1015 1633 1156 1672; x_wconf 75' lang='lat' dir='ltr'><strong>GoAR.</strong></span> 
     </span>
    </p>
   </div>
   <div class='ocr_carea' id='block_1_6' title="bbox 167 1696 1638 1862">
    <p class='ocr_par' dir='ltr' id='par_1_7' title="bbox 167 1696 1638 1862">
     <span class='ocr_line' id='line_1_25' title="bbox 277 1696 1638 1754; baseline -0.001 -14"><span class='ocrx_word' id='word_1_230' title='bbox 277 1704 308 1740; x_wconf 85' lang='lat' dir='ltr'><strong>t.</strong></span> <span class='ocrx_word' id='word_1_231' title='bbox 323 1700 358 1740; x_wconf 91' lang='lat'><strong>11</strong></span> <span class='ocrx_word' id='word_1_232' title='bbox 386 1714 424 1753; x_wconf 86' lang='lat' dir='ltr'><strong>p.</strong></span> <span class='ocrx_word' id='word_1_233' title='bbox 442 1698 527 1743; x_wconf 83' lang='lat'><strong>614</strong></span> <span class='ocrx_word' id='word_1_234' title='bbox 548 1713 582 1739; x_wconf 74' lang='lat' dir='ltr'><strong>V.</strong></span> <span class='ocrx_word' id='word_1_235' title='bbox 605 1699 670 1743; x_wconf 82' lang='lat'><strong>14.</strong></span> <span class='ocrx_word' id='word_1_236' title='bbox 726 1696 998 1754; x_wconf 77' lang='grc' dir='ltr'><strong>Στρατῆγιον]</strong></span> <span class='ocrx_word' id='word_1_237' title='bbox 1028 1699 1129 1739; x_wconf 92' lang='lat' dir='ltr'><strong>locus</strong></span> <span class='ocrx_word' id='word_1_238' title='bbox 1150 1704 1208 1740; x_wconf 87' lang='lat' dir='ltr'><strong>est</strong></span> <span class='ocrx_word' id='word_1_239' title='bbox 1230 1700 1268 1739; x_wconf 89' lang='lat' dir='ltr'><strong>in</strong></span> <span class='ocrx_word' id='word_1_240' title='bbox 1297 1700 1427 1751; x_wconf 89' lang='lat' dir='ltr'><strong>quinta</strong></span> <span class='ocrx_word' id='word_1_241' title='bbox 1452 1700 1552 1739; x_wconf 89' lang='lat' dir='ltr'><strong>urbis</strong></span> <span class='ocrx_word' id='word_1_242' title='bbox 1578 1714 1638 1750; x_wconf 80' lang='lat' dir='ltr'><strong>re-</strong></span> 
     </span>
     <span class='ocr_line' id='line_1_26' title="bbox 168 1756 1638 1810; baseline 0.001 -15"><span class='ocrx_word' id='word_1_243' title='bbox 168 1757 293 1808; x_wconf 82' lang='lat' dir='ltr'><strong>gione.</strong></span> <span class='ocrx_word' id='word_1_244' title='bbox 350 1762 475 1797; x_wconf 78' lang='lat' dir='ltr'><strong>censet</strong></span> <span class='ocrx_word' id='word_1_245' title='bbox 495 1757 718 1797; x_wconf 88' lang='lat' dir='ltr'><strong>Pancirollus</strong></span> <span class='ocrx_word' id='word_1_246' title='bbox 743 1770 825 1797; x_wconf 88' lang='lat' dir='ltr'><strong>esse</strong></span> <span class='ocrx_word' id='word_1_247' title='bbox 846 1762 966 1796; x_wconf 77' lang='lat' dir='ltr'><strong>eastra</strong></span> <span class='ocrx_word' id='word_1_248' title='bbox 985 1758 1239 1810; x_wconf 87' lang='lat' dir='ltr'><strong>praetoriana,</strong></span> <span class='ocrx_word' id='word_1_249' title='bbox 1266 1757 1305 1796; x_wconf 90' lang='lat' dir='ltr'><strong>in</strong></span> <span class='ocrx_word' id='word_1_250' title='bbox 1325 1758 1457 1808; x_wconf 88' lang='lat' dir='ltr'><strong>quibus</strong></span> <span class='ocrx_word' id='word_1_251' title='bbox 1476 1758 1564 1809; x_wconf 88' lang='lat' dir='ltr'><strong>quia</strong></span> <span class='ocrx_word' id='word_1_252' title='bbox 1581 1756 1638 1796; x_wconf 90' lang='lat' dir='ltr'><strong>lu-</strong></span> 
     </span>
     <span class='ocr_line' id='line_1_27' title="bbox 167 1813 1332 1862; baseline 0 -10"><span class='ocrx_word' id='word_1_253' title='bbox 167 1817 268 1853; x_wconf 87' lang='lat' dir='ltr'><strong>serat</strong></span> <span class='ocrx_word' id='word_1_254' title='bbox 284 1814 411 1853; x_wconf 82' lang='lat' dir='ltr'><strong>forsan</strong></span> <span class='ocrx_word' id='word_1_255' title='bbox 428 1813 609 1862; x_wconf 85' lang='lat' dir='ltr'><strong>Michael,</strong></span> <span class='ocrx_word' id='word_1_256' title='bbox 638 1815 688 1852; x_wconf 86' lang='lat' dir='ltr'><strong>ad</strong></span> <span class='ocrx_word' id='word_1_257' title='bbox 704 1814 793 1853; x_wconf 92' lang='lat' dir='ltr'><strong>illud</strong></span> <span class='ocrx_word' id='word_1_258' title='bbox 812 1814 1012 1853; x_wconf 83' lang='lat' dir='ltr'><strong>alluserunt</strong></span> <span class='ocrx_word' id='word_1_259' title='bbox 1029 1815 1139 1854; x_wconf 84' lang='lat' dir='ltr'><strong>cives.</strong></span> <span class='ocrx_word' id='word_1_260' title='bbox 1196 1814 1332 1853; x_wconf 62' lang='lat' dir='ltr'><strong>Gosfl.</strong></span> 
     </span>
    </p>
   </div>
   <div class='ocr_carea' id='block_1_7' title="bbox 155 1880 1639 2616">
    <p class='ocr_par' dir='ltr' id='par_1_8' title="bbox 155 1880 1639 2616">
     <span class='ocr_line' id='line_1_28' title="bbox 281 1880 1639 1933; baseline 0 -14"><span class='ocrx_word' id='word_1_261' title='bbox 281 1880 338 1920; x_wconf 82' lang='lat' dir='ltr'><strong>ib.</strong></span> <span class='ocrx_word' id='word_1_262' title='bbox 360 1895 396 1921; x_wconf 86' lang='lat' dir='ltr'><strong>v.</strong></span> <span class='ocrx_word' id='word_1_263' title='bbox 414 1884 479 1924; x_wconf 88' lang='lat'><strong>17.</strong></span> <span class='ocrx_word' id='word_1_264' title='bbox 537 1882 672 1932; x_wconf 82' lang='lat' dir='ltr'><strong>capita</strong></span> <span class='ocrx_word' id='word_1_265' title='bbox 690 1895 772 1919; x_wconf 84' lang='lat' dir='ltr'><strong>non</strong></span> <span class='ocrx_word' id='word_1_266' title='bbox 790 1880 937 1933; x_wconf 61' lang='lat' dir='ltr'><strong>literis]</strong></span> <span class='ocrx_word' id='word_1_267' title='bbox 966 1881 1062 1920; x_wconf 90' lang='lat' dir='ltr'><strong>hunc</strong></span> <span class='ocrx_word' id='word_1_268' title='bbox 1085 1882 1203 1920; x_wconf 91' lang='lat' dir='ltr'><strong>locum</strong></span> <span class='ocrx_word' id='word_1_269' title='bbox 1224 1894 1301 1920; x_wconf 90' lang='lat' dir='ltr'><strong>non</strong></span> <span class='ocrx_word' id='word_1_270' title='bbox 1320 1880 1487 1933; x_wconf 86' lang='lat' dir='ltr'><strong>intelligo</strong></span> <span class='ocrx_word' id='word_1_271' title='bbox 1510 1882 1639 1920; x_wconf 88' lang='lat' dir='ltr'><strong>etiam-</strong></span> 
     </span>
     <span class='ocr_line' id='line_1_29' title="bbox 166 1937 1637 1990; baseline -0.002 -11"><span class='ocrx_word' id='word_1_272' title='bbox 166 1951 276 1988; x_wconf 84' lang='lat' dir='ltr'><strong>num,</strong></span> <span class='ocrx_word' id='word_1_273' title='bbox 301 1951 426 1990; x_wconf 88' lang='lat' dir='ltr'><strong>neque</strong></span> <span class='ocrx_word' id='word_1_274' title='bbox 451 1950 498 1978; x_wconf 89' lang='lat' dir='ltr'><strong>eo</strong></span> <span class='ocrx_word' id='word_1_275' title='bbox 521 1938 802 1990; x_wconf 87' lang='lat' dir='ltr'><strong>interpretando</strong></span> <span class='ocrx_word' id='word_1_276' title='bbox 825 1938 885 1978; x_wconf 89' lang='lat' dir='ltr'><strong>vel</strong></span> <span class='ocrx_word' id='word_1_277' title='bbox 910 1951 969 1976; x_wconf 91' lang='lat' dir='ltr'><strong>me</strong></span> <span class='ocrx_word' id='word_1_278' title='bbox 994 1951 1120 1977; x_wconf 88' lang='lat' dir='ltr'><strong>verum</strong></span> <span class='ocrx_word' id='word_1_279' title='bbox 1148 1938 1316 1988; x_wconf 87' lang='lat' dir='ltr'><strong>attigisse</strong></span> <span class='ocrx_word' id='word_1_280' title='bbox 1340 1937 1398 1976; x_wconf 83' lang='lat' dir='ltr'><strong>vel</strong></span> <span class='ocrx_word' id='word_1_281' title='bbox 1425 1951 1637 1989; x_wconf 85' lang='lat' dir='ltr'><strong>quenquam</strong></span> 
     </span>
     <span class='ocr_line' id='line_1_30' title="bbox 165 1990 1637 2048; baseline -0.003 -14"><span class='ocrx_word' id='word_1_282' title='bbox 165 1996 299 2035; x_wconf 77' lang='lat' dir='ltr'><strong>falsum</strong></span> <span class='ocrx_word' id='word_1_283' title='bbox 314 1995 411 2034; x_wconf 82' lang='lat' dir='ltr'><strong>nolo.</strong></span> <span class='ocrx_word' id='word_1_284' title='bbox 431 1995 536 2035; x_wconf 74' lang='grc' dir='ltr'><strong>ΧΠ..</strong></span> <span class='ocrx_word' id='word_1_285' title='bbox 575 1990 738 2048; x_wconf 75' lang='grc' dir='ltr'><strong><em>γράμμα</em></strong></span> <span class='ocrx_word' id='word_1_286' title='bbox 756 1995 900 2045; x_wconf 67' lang='lat' dir='ltr'><strong>capitis</strong></span> <span class='ocrx_word' id='word_1_287' title='bbox 918 1995 1107 2046; x_wconf 80' lang='lat' dir='ltr'><strong>tegimen,</strong></span> <span class='ocrx_word' id='word_1_288' title='bbox 1115 1993 1301 2045; x_wconf 71' lang='lat' dir='ltr'><strong>firmam</strong></span> <span class='ocrx_word' id='word_1_289' title='bbox 1311 1993 1416 2044; x_wconf 76' lang='lat' dir='ltr'><strong>pilei</strong></span> <span class='ocrx_word' id='word_1_290' title='bbox 1431 1995 1488 2033; x_wconf 86' lang='lat' dir='ltr'><strong>vel</strong></span> <span class='ocrx_word' id='word_1_291' title='bbox 1501 1994 1637 2045; x_wconf 73' lang='lat' dir='ltr'><strong>galeri</strong></span> 
     </span>
     <span class='ocr_line' id='line_1_31' title="bbox 166 2051 1634 2104; baseline -0.003 -12"><span class='ocrx_word' id='word_1_292' title='bbox 166 2064 241 2091; x_wconf 84' lang='lat' dir='ltr'><strong>una</strong></span> <span class='ocrx_word' id='word_1_293' title='bbox 267 2053 413 2092; x_wconf 87' lang='lat' dir='ltr'><strong>ratione</strong></span> <span class='ocrx_word' id='word_1_294' title='bbox 440 2055 552 2104; x_wconf 90' lang='lat' dir='ltr'><strong>caput</strong></span> <span class='ocrx_word' id='word_1_295' title='bbox 578 2052 857 2091; x_wconf 87' lang='lat' dir='ltr'><strong>obumbrantem</strong></span> <span class='ocrx_word' id='word_1_296' title='bbox 887 2051 1058 2090; x_wconf 89' lang='lat' dir='ltr'><strong>habuisse</strong></span> <span class='ocrx_word' id='word_1_297' title='bbox 1082 2063 1158 2089; x_wconf 92' lang='lat' dir='ltr'><strong>non</strong></span> <span class='ocrx_word' id='word_1_298' title='bbox 1180 2051 1369 2102; x_wconf 90' lang='lat' dir='ltr'><strong>suspicor,</strong></span> <span class='ocrx_word' id='word_1_299' title='bbox 1398 2051 1487 2101; x_wconf 90' lang='lat' dir='ltr'><strong>quin</strong></span> <span class='ocrx_word' id='word_1_300' title='bbox 1511 2052 1634 2102; x_wconf 82' lang='lat' dir='ltr'><strong>potius</strong></span> 
     </span>
     <span class='ocr_line' id='line_1_32' title="bbox 155 2107 1635 2161; baseline -0.001 -15"><span class='ocrx_word' id='word_1_301' title='bbox 155 2108 340 2161; x_wconf 82' lang='lat' dir='ltr'><strong>fasciam</strong></span> <span class='ocrx_word' id='word_1_302' title='bbox 366 2109 425 2148; x_wconf 87' lang='lat' dir='ltr'><strong>vel</strong></span> <span class='ocrx_word' id='word_1_303' title='bbox 451 2110 626 2146; x_wconf 83' lang='lat' dir='ltr'><strong>taeniam</strong></span> <span class='ocrx_word' id='word_1_304' title='bbox 652 2108 765 2147; x_wconf 88' lang='lat' dir='ltr'><strong>fuisse</strong></span> <span class='ocrx_word' id='word_1_305' title='bbox 790 2121 858 2160; x_wconf 89' lang='lat' dir='ltr'><strong>pro</strong></span> <span class='ocrx_word' id='word_1_306' title='bbox 886 2108 1167 2158; x_wconf 88' lang='lat' dir='ltr'><strong>uniuscuiusque</strong></span> <span class='ocrx_word' id='word_1_307' title='bbox 1194 2107 1296 2145; x_wconf 89' lang='lat' dir='ltr'><strong>libito</strong></span> <span class='ocrx_word' id='word_1_308' title='bbox 1323 2111 1551 2155; x_wconf 86' lang='lat' dir='ltr'><strong>contortam,</strong></span> <span class='ocrx_word' id='word_1_309' title='bbox 1584 2108 1635 2145; x_wconf 87' lang='lat' dir='ltr'><strong>ad</strong></span> 
     </span>
     <span class='ocr_line' id='line_1_33' title="bbox 165 2164 1634 2216; baseline -0.002 -12"><span class='ocrx_word' id='word_1_310' title='bbox 165 2165 314 2206; x_wconf 85' lang='lat' dir='ltr'><strong>Turcici</strong></span> <span class='ocrx_word' id='word_1_311' title='bbox 336 2166 506 2216; x_wconf 84' lang='lat' dir='ltr'><strong>tegminis</strong></span> <span class='ocrx_word' id='word_1_312' title='bbox 532 2167 667 2204; x_wconf 84' lang='lat' dir='ltr'><strong>instar:</strong></span> <span class='ocrx_word' id='word_1_313' title='bbox 695 2165 795 2203; x_wconf 89' lang='lat' dir='ltr'><strong>linea</strong></span> <span class='ocrx_word' id='word_1_314' title='bbox 824 2165 921 2204; x_wconf 87' lang='lat' dir='ltr'><strong>enim</strong></span> <span class='ocrx_word' id='word_1_315' title='bbox 950 2165 1039 2213; x_wconf 89' lang='lat' dir='ltr'><strong>fuit,</strong></span> <span class='ocrx_word' id='word_1_316' title='bbox 1069 2169 1113 2202; x_wconf 88' lang='lat' dir='ltr'><strong>ut</strong></span> <span class='ocrx_word' id='word_1_317' title='bbox 1132 2167 1257 2202; x_wconf 88' lang='lat' dir='ltr'><strong>auctor</strong></span> <span class='ocrx_word' id='word_1_318' title='bbox 1275 2164 1462 2215; x_wconf 85' lang='lat' dir='ltr'><strong>suggerit,</strong></span> <span class='ocrx_word' id='word_1_319' title='bbox 1490 2168 1528 2203; x_wconf 89' lang='lat' dir='ltr'><strong>et</strong></span> <span class='ocrx_word' id='word_1_320' title='bbox 1548 2165 1634 2214; x_wconf 87' lang='lat' dir='ltr'><strong>quia</strong></span> 
     </span>
     <span class='ocr_line' id='line_1_34' title="bbox 163 2217 1633 2275; baseline -0.003 -14"><span class='ocrx_word' id='word_1_321' title='bbox 163 2223 272 2262; x_wconf 81' lang='lat' dir='ltr'><strong>variis</strong></span> <span class='ocrx_word' id='word_1_322' title='bbox 293 2222 474 2262; x_wconf 88' lang='lat' dir='ltr'><strong>coloribus</strong></span> <span class='ocrx_word' id='word_1_323' title='bbox 494 2223 665 2274; x_wconf 88' lang='lat' dir='ltr'><strong>depicta,</strong></span> <span class='ocrx_word' id='word_1_324' title='bbox 693 2217 923 2275; x_wconf 78' lang='grc' dir='ltr'><strong><em>γράμματος</em></strong></span> <span class='ocrx_word' id='word_1_325' title='bbox 942 2221 1101 2259; x_wconf 88' lang='lat' dir='ltr'><strong>obtinuit</strong></span> <span class='ocrx_word' id='word_1_326' title='bbox 1119 2233 1275 2268; x_wconf 88' lang='lat' dir='ltr'><strong>nomen;</strong></span> <span class='ocrx_word' id='word_1_327' title='bbox 1304 2234 1400 2272; x_wconf 90' lang='lat' dir='ltr'><strong>quae</strong></span> <span class='ocrx_word' id='word_1_328' title='bbox 1418 2233 1505 2259; x_wconf 88' lang='lat' dir='ltr'><strong>vero</strong></span> <span class='ocrx_word' id='word_1_329' title='bbox 1519 2221 1633 2270; x_wconf 90' lang='lat' dir='ltr'><strong>bysso</strong></span> 
     </span>
     <span class='ocr_line' id='line_1_35' title="bbox 164 2250 1631 2332; baseline -0.003 -14"><span class='ocrx_word' id='word_1_330' title='bbox 164 2278 269 2319; x_wconf 82' lang='lat' dir='ltr'><strong>lineis</strong></span> <span class='ocrx_word' id='word_1_331' title='bbox 297 2280 493 2332; x_wconf 83' lang='lat' dir='ltr'><strong>purpureis</strong></span> <span class='ocrx_word' id='word_1_332' title='bbox 523 2280 623 2318; x_wconf 87' lang='lat' dir='ltr'><strong>varia</strong></span> <span class='ocrx_word' id='word_1_333' title='bbox 650 2280 862 2328; x_wconf 86' lang='lat' dir='ltr'><strong>texebatur,</strong></span> <span class='ocrx_word' id='word_1_334' title='bbox 891 2274 1238 2331; x_wconf 80' lang='grc' dir='ltr'><strong><em>μεγαλόγραμμον,</em></strong></span> <span class='ocrx_word' id='word_1_335' title='bbox 1264 2250 1494 2329; x_wconf 83' lang='lat' dir='ltr'><strong>imperatoris</strong></span> <span class='ocrx_word' id='word_1_336' title='bbox 1516 2277 1631 2326; x_wconf 87' lang='lat' dir='ltr'><strong>iussu,</strong></span> 
     </span>
     <span class='ocr_line' id='line_1_36' title="bbox 163 2331 1630 2389; baseline -0.003 -14"><span class='ocrx_word' id='word_1_337' title='bbox 163 2340 295 2375; x_wconf 87' lang='lat' dir='ltr'><strong>vocata</strong></span> <span class='ocrx_word' id='word_1_338' title='bbox 322 2336 401 2375; x_wconf 78' lang='lat' dir='ltr'><strong>suit.</strong></span> <span class='ocrx_word' id='word_1_339' title='bbox 457 2336 612 2376; x_wconf 86' lang='lat' dir='ltr'><strong>vestium</strong></span> <span class='ocrx_word' id='word_1_340' title='bbox 638 2349 750 2387; x_wconf 88' lang='lat' dir='ltr'><strong>porro</strong></span> <span class='ocrx_word' id='word_1_341' title='bbox 769 2331 981 2389; x_wconf 76' lang='grc' dir='ltr'><strong><em>γράμματα</em></strong></span> <span class='ocrx_word' id='word_1_342' title='bbox 1000 2334 1126 2373; x_wconf 87' lang='lat' dir='ltr'><strong>dicunt</strong></span> <span class='ocrx_word' id='word_1_343' title='bbox 1147 2334 1280 2373; x_wconf 89' lang='lat' dir='ltr'><strong>Graeci</strong></span> <span class='ocrx_word' id='word_1_344' title='bbox 1302 2334 1529 2384; x_wconf 86' lang='lat' dir='ltr'><strong>quamlibet&#39;</strong></span> <span class='ocrx_word' id='word_1_345' title='bbox 1520 2346 1557 2371; x_wconf 87' lang='grc' dir='ltr'><strong>ιιι</strong></span> <span class='ocrx_word' id='word_1_346' title='bbox 1577 2334 1630 2372; x_wconf 82' lang='lat' dir='ltr'><strong>eis</strong></span> 
     </span>
     <span class='ocr_line' id='line_1_37' title="bbox 164 2390 1632 2442; baseline -0.002 -11"><span class='ocrx_word' id='word_1_347' title='bbox 164 2393 328 2432; x_wconf 90' lang='lat' dir='ltr'><strong>colorum</strong></span> <span class='ocrx_word' id='word_1_348' title='bbox 356 2394 488 2432; x_wconf 83' lang='lat' dir='ltr'><strong>florum</strong></span> <span class='ocrx_word' id='word_1_349' title='bbox 517 2392 704 2431; x_wconf 86' lang='lat' dir='ltr'><strong>stellarum</strong></span> <span class='ocrx_word' id='word_1_350' title='bbox 733 2397 771 2431; x_wconf 88' lang='lat' dir='ltr'><strong>et</strong></span> <span class='ocrx_word' id='word_1_351' title='bbox 797 2393 995 2442; x_wconf 86' lang='lat' dir='ltr'><strong>figurarum</strong></span> <span class='ocrx_word' id='word_1_352' title='bbox 1018 2391 1248 2431; x_wconf 80' lang='lat' dir='ltr'><strong>varietatem.</strong></span> <span class='ocrx_word' id='word_1_353' title='bbox 1305 2390 1468 2430; x_wconf 84' lang='lat' dir='ltr'><strong>Lexicon</strong></span> <span class='ocrx_word' id='word_1_354' title='bbox 1490 2402 1632 2440; x_wconf 87' lang='lat' dir='ltr'><strong>anony-</strong></span> 
     </span>
     <span class='ocr_line' id='line_1_38' title="bbox 163 2444 1631 2519; baseline -0.001 -31"><span class='ocrx_word' id='word_1_355' title='bbox 163 2462 261 2488; x_wconf 91' lang='lat' dir='ltr'><strong>mum</strong></span> <span class='ocrx_word' id='word_1_356' title='bbox 291 2451 436 2519; x_wconf 79' lang='lat' dir='ltr'><strong>saepius</strong></span> <span class='ocrx_word' id='word_1_357' title='bbox 463 2450 651 2488; x_wconf 85' lang='lat' dir='ltr'><strong>laudatum</strong></span> <span class='ocrx_word' id='word_1_358' title='bbox 671 2462 708 2487; x_wconf 88' lang='lat' dir='ltr'><strong>v.</strong></span> <span class='ocrx_word' id='word_1_359' title='bbox 727 2445 1047 2502; x_wconf 83' lang='grc' dir='ltr'><strong>τριβωνοφόρος.·</strong></span> <span class='ocrx_word' id='word_1_360' title='bbox 1077 2463 1099 2488; x_wconf 91' lang='lat' dir='ltr'><strong>o</strong></span> <span class='ocrx_word' id='word_1_361' title='bbox 1126 2462 1268 2501; x_wconf 82' lang='grc' dir='ltr'><strong><em>φορων</em></strong></span> <span class='ocrx_word' id='word_1_362' title='bbox 1292 2444 1438 2499; x_wconf 82' lang='grc' dir='ltr'><strong><em>στολην</em></strong></span> <span class='ocrx_word' id='word_1_363' title='bbox 1461 2445 1631 2498; x_wconf 71' lang='grc' dir='ltr'><strong><em>ἔχουσαν</em></strong></span> 
     </span>
     <span class='ocr_line' id='line_1_39' title="bbox 164 2500 1628 2560; baseline -0.004 -14"><span class='ocrx_word' id='word_1_364' title='bbox 164 2509 309 2559; x_wconf 85' lang='grc' dir='ltr'><strong><em>σημεῖα</em></strong></span> <span class='ocrx_word' id='word_1_365' title='bbox 332 2504 387 2555; x_wconf 71' lang='grc' dir='ltr'><strong>αῖς</strong></span> <span class='ocrx_word' id='word_1_366' title='bbox 409 2503 633 2560; x_wconf 73' lang='grc' dir='ltr'><strong><em>γράμματα.</em></strong></span> <span class='ocrx_word' id='word_1_367' title='bbox 665 2506 803 2544; x_wconf 76' lang='lat' dir='ltr'><strong>GoAa.</strong></span> <span class='ocrx_word' id='word_1_368' title='bbox 861 2500 1235 2559; x_wconf 80' lang='grc' dir='ltr'><strong><em>μαργελλόγραμμον</em></strong></span> <span class='ocrx_word' id='word_1_369' title='bbox 1254 2503 1344 2555; x_wconf 83' lang='lat' dir='ltr'><strong>legit</strong></span> <span class='ocrx_word' id='word_1_370' title='bbox 1360 2503 1560 2543; x_wconf 83' lang='lat' dir='ltr'><strong>Salmasius</strong></span> <span class='ocrx_word' id='word_1_371' title='bbox 1579 2504 1628 2541; x_wconf 91' lang='lat' dir='ltr'><strong>ad</strong></span> 
     </span>
     <span class='ocr_line' id='line_1_40' title="bbox 162 2556 1630 2616; baseline -0.001 -15"><span class='ocrx_word' id='word_1_372' title='bbox 162 2563 361 2616; x_wconf 84' lang='lat' dir='ltr'><strong>Vopiscum</strong></span> <span class='ocrx_word' id='word_1_373' title='bbox 387 2577 426 2616; x_wconf 91' lang='lat' dir='ltr'><strong>p.</strong></span> <span class='ocrx_word' id='word_1_374' title='bbox 451 2562 535 2607; x_wconf 85' lang='lat'><strong>406</strong></span> <span class='ocrx_word' id='word_1_375' title='bbox 566 2563 633 2603; x_wconf 88' lang='lat' dir='ltr'><strong>col.</strong></span> <span class='ocrx_word' id='word_1_376' title='bbox 659 2567 687 2606; x_wconf 82' lang='lat'>2</span> <span class='ocrx_word' id='word_1_377' title='bbox 717 2567 806 2616; x_wconf 87' lang='lat' dir='ltr'><strong>post</strong></span> <span class='ocrx_word' id='word_1_378' title='bbox 837 2563 1036 2602; x_wconf 88' lang='lat' dir='ltr'><strong>Meursium</strong></span> <span class='ocrx_word' id='word_1_379' title='bbox 1065 2562 1103 2600; x_wconf 93' lang='lat' dir='ltr'><strong>in</strong></span> <span class='ocrx_word' id='word_1_380' title='bbox 1132 2561 1297 2601; x_wconf 88' lang='lat' dir='ltr'><strong>Glossar.</strong></span> <span class='ocrx_word' id='word_1_381' title='bbox 1325 2562 1363 2600; x_wconf 92' lang='lat' dir='ltr'><strong>in</strong></span> <span class='ocrx_word' id='word_1_382' title='bbox 1394 2556 1630 2615; x_wconf 79' lang='grc' dir='ltr'><strong><em>μάργελλον.</em></strong></span> 
     </span>
    </p>
   </div>
   <div class='ocr_carea' id='block_1_8' title="bbox 162 2620 1630 2728">
    <p class='ocr_par' dir='ltr' id='par_1_9' title="bbox 162 2620 1595 2728">
     <span class='ocr_line' id='line_1_41' title="bbox 162 2620 407 2662; baseline -0.009 -2"><span class='ocrx_word' id='word_1_383' title='bbox 162 2620 407 2662; x_wconf 72' lang='grc' dir='ltr'><strong>ΕΛΒιιοΤυε.</strong></span> 
     </span>
     <span class='ocr_line' id='line_1_42' title="bbox 276 2673 1630 2728; baseline -0.002 -14"><span class='ocrx_word' id='word_1_384' title='bbox 276 2676 331 2715; x_wconf 83' lang='lat' dir='ltr'><strong>ib.</strong></span> <span class='ocrx_word' id='word_1_385' title='bbox 357 2691 392 2718; x_wconf 77' lang='lat' dir='ltr'><strong>v,</strong></span> <span class='ocrx_word' id='word_1_386' title='bbox 416 2677 484 2718; x_wconf 90' lang='grc'><strong>20.</strong></span> <span class='ocrx_word' id='word_1_387' title='bbox 543 2677 668 2716; x_wconf 90' lang='lat' dir='ltr'><strong>scribis</strong></span> <span class='ocrx_word' id='word_1_388' title='bbox 693 2674 875 2715; x_wconf 88' lang='lat' dir='ltr'><strong>velocibus</strong></span> <span class='ocrx_word' id='word_1_389' title='bbox 904 2678 996 2728; x_wconf 89' lang='lat' dir='ltr'><strong>puto</strong></span> <span class='ocrx_word' id='word_1_390' title='bbox 1024 2675 1248 2727; x_wconf 88' lang='lat' dir='ltr'><strong>respondere</strong></span> <span class='ocrx_word' id='word_1_391' title='bbox 1275 2677 1421 2713; x_wconf 87' lang='lat' dir='ltr'><strong>nostros</strong></span> <span class='ocrx_word' id='word_1_392' title='bbox 1447 2673 1630 2715; x_wconf 82' lang='lat' dir='ltr'><strong>librarios.</strong></span> 
     </span>
    </p>
   </div>
   <div class='ocr_carea' id='block_1_9' title="bbox 162 2734 1630 2955">
    <p class='ocr_par' dir='ltr' id='par_1_10' title="bbox 162 2734 1630 2955">
     <span class='ocr_line' id='line_1_43' title="bbox 162 2734 1630 2841; baseline -0.001 -15"><span class='ocrx_word' id='word_1_393' title='bbox 162 2734 330 2827; x_wconf 55' lang='lat' dir='ltr'><strong>XYhib.</strong></span> <span class='ocrx_word' id='word_1_394' title='bbox 353 2802 387 2828; x_wconf 87' lang='lat' dir='ltr'>v</span> <span class='ocrx_word' id='word_1_395' title='bbox 405 2788 474 2829; x_wconf 84' lang='grc'><strong>23.</strong></span> <span class='ocrx_word' id='word_1_396' title='bbox 532 2786 733 2841; x_wconf 77' lang='grc' dir='ltr'><strong>διανέμειν</strong></span> <span class='ocrx_word' id='word_1_397' title='bbox 759 2786 925 2840; x_wconf 79' lang='grc' dir='ltr'><strong>ἐτησίαις</strong></span> <span class='ocrx_word' id='word_1_398' title='bbox 950 2803 1050 2829; x_wconf 86' lang='grc' dir='ltr'><strong><em>κατα</em></strong></span> <span class='ocrx_word' id='word_1_399' title='bbox 1076 2783 1148 2828; x_wconf 86' lang='grc' dir='ltr'><strong>τὸν</strong></span> <span class='ocrx_word' id='word_1_400' title='bbox 1173 2784 1311 2841; x_wconf 76' lang='grc' dir='ltr'><strong>καιρὸν</strong></span> <span class='ocrx_word' id='word_1_401' title='bbox 1329 2788 1403 2827; x_wconf 85' lang='grc' dir='ltr'><strong>τοῦ</strong></span> <span class='ocrx_word' id='word_1_402' title='bbox 1422 2781 1576 2838; x_wconf 72' lang='grc' dir='ltr'><strong><em>πάσχα]</em></strong></span> <span class='ocrx_word' id='word_1_403' title='bbox 1607 2798 1630 2824; x_wconf 90' lang='lat' dir='ltr'><strong>a</strong></span> 
     </span>
     <span class='ocr_line' id='line_1_44' title="bbox 162 2845 1629 2898; baseline -0.005 -11"><span class='ocrx_word' id='word_1_404' title='bbox 162 2847 414 2887; x_wconf 87' lang='lat' dir='ltr'><strong>describendis</strong></span> <span class='ocrx_word' id='word_1_405' title='bbox 434 2846 654 2898; x_wconf 88' lang='lat' dir='ltr'><strong>Luitprandi</strong></span> <span class='ocrx_word' id='word_1_406' title='bbox 674 2846 792 2886; x_wconf 85' lang='lat' dir='ltr'><strong>verbis</strong></span> <span class='ocrx_word' id='word_1_407' title='bbox 812 2847 835 2887; x_wconf 90' lang='lat'><strong>1.</strong></span> <span class='ocrx_word' id='word_1_408' title='bbox 853 2847 880 2888; x_wconf 89' lang='lat'><strong>6</strong></span> <span class='ocrx_word' id='word_1_409' title='bbox 900 2846 1076 2887; x_wconf 86' lang='lat' dir='ltr'><strong>calamum</strong></span> <span class='ocrx_word' id='word_1_410' title='bbox 1095 2845 1284 2885; x_wconf 83' lang='lat' dir='ltr'><strong>continere</strong></span> <span class='ocrx_word' id='word_1_411' title='bbox 1302 2857 1459 2896; x_wconf 85' lang='lat' dir='ltr'><strong>nequeo.</strong></span> <span class='ocrx_word' id='word_1_412' title='bbox 1500 2845 1542 2880; x_wconf 86' lang='lat' dir='ltr'><strong>in</strong></span> <span class='ocrx_word' id='word_1_413' title='bbox 1565 2856 1629 2889; x_wconf 63' lang='lat' dir='ltr'><strong>ea,</strong></span> 
     </span>
     <span class='ocr_line' id='line_1_45' title="bbox 221 2902 1350 2955; baseline -0.002 -11"><span class='ocrx_word' id='word_1_414' title='bbox 221 2908 352 2955; x_wconf 84' lang='lat' dir='ltr'><strong>Georg.</strong></span> <span class='ocrx_word' id='word_1_415' title='bbox 385 2907 558 2945; x_wconf 79' lang='lat' dir='ltr'><strong>cedrenus</strong></span> <span class='ocrx_word' id='word_1_416' title='bbox 584 2911 664 2944; x_wconf 83' lang='lat' dir='ltr'><strong>tom.</strong></span> <span class='ocrx_word' id='word_1_417' title='bbox 697 2907 746 2944; x_wconf 89' lang='lat'><strong>11.</strong></span> <span class='ocrx_word' id='word_1_418' title='bbox 1296 2902 1350 2943; x_wconf 88' lang='grc'><strong>56</strong></span> 
     </span>
    </p>
   </div>
  </div>
 </body>
</html>
