1916 3210
297 169 399 220 494
596 153 600 157 ’
628 155 630 157 ’
765 171 1000 218 chRen
1033 173 1274 221 GEDRENI

433 281 538 329 Τότε
559 284 612 342 δὴ
632 286 674 329 Γ
670 285 834 344 εωργίου
856 290 930 331 τοῦ
947 285 1143 345 Μανιάκη
1173 294 1248 335 τοῦ
1270 288 1450 346 θέματος
1469 298 1740 352 στρατηγοῦν-

297 371 365 406 τος
389 352 567 408 Τελοῦχ,
602 352 790 410 ’Ἄραβες
817 354 1041 399 ὀκτακόσιοι
1073 357 1176 412 μετὰ
1205 357 1358 416 γαύρου
1387 364 1460 403 τοῦ
1483 361 1740 419 φρονήματος

295 420 619 479 ὑποστρέψαντες
653 422 733 465 ἀπὸ
764 427 836 477 τῆς
864 428 1016 482 τροπῆς
1043 426 1109 468 καὶ
1137 425 1239 482 πρὸς
1270 424 1393 470 αὐτὸν
1429 428 1740 486 παραγενόμενοι

296 489 410 532 εἷ’κειν
431 489 504 543 τὴν
522 490 712 546 ταχίστην
735 490 913 535 ἐκέλευον
938 494 1005 535 καὶ
1037 493 1110 548 τὴν
1140 492 1254 536 πόλιν
1278 497 1506 539 καταλιπεῖν
1525 501 1598 540 τοῦ
1616 503 1740 554 βασι,-

296 557 395 606 λέως
423 554 645 608 ἑαλωκότος
672 559 740 602 καὶ
765 559 912 611 παντὸς
941 564 1014 603 τοῦ
1037 559 1262 615 Ῥωμαϊκοῦ
1287 561 1583 621 στρατεύματος
1610 564 1770 624 όίρδηνό

297 622 573 677 ἀπολωλότος,
597 626 664 668 καὶ
685 626 741 682 μὴ
763 625 905 671 ἑαυτὸν
922 635 1125 686 προφανεῒ
1140 628 1308 689 κινδύνῳ
1328 631 1607 676 ἐκδεδωκέναι·
1637 631 1741 690 5751&-
1802 676 1804 680 ,

245 699 274 733 C
299 709 374 749 ρας
400 692 478 749 γὰρ
509 693 812 750 διαλαμπούσης
838 698 1005 753 οἰκτρῶς
1035 695 1155 748 αὐτός
1181 715 1224 741 τε
1252 699 1319 741 καὶ
1346 699 1384 741 οἳ
1410 699 1484 743 σὺν
1511 700 1622 760 αύτῷ
1635 700 1740 745 ἀπθ-
1801 692 1818 763 ζ’·

295 764 456 803 λοῦνται
477 763 870 818 περιστοιχισθέντες.
938 762 959 807 ὅ
991 765 1034 807 δὲ
1062 766 1252 820 δέχεσθαι
1278 764 1381 822 τάχα
1410 768 1483 822 τὴν
1509 769 1741 827 παραίνεσιν

298 827 422 879 δόξας
439 831 505 871 καὶ
525 828 704 884 ποιήσειν
722 833 767 875 τὸ
789 830 1041 887 κελευόμενον
1060 831 1346 886 ὖποπτευθείς,
1380 833 1472 879 σῖτά
1492 853 1535 879 τε
1553 838 1622 880 καὶ
1636 832 1741 883 ποτὰ

297 894 455 947 τούτοις
475 895 740 954 ἀποχρώντως
758 900 968 956 ἐκπέμψας
986 900 1244 945 διαναπαύειν
1264 903 1436 946 ἐκέλευεν
1457 902 1646 958 ἑαυτούς,
1683 903 1794 957 ὧςιθ

297 963 373 1019 ἅμ’
410 962 542 1025 ἡμέρᾳ
575 965 698 1017 αὐτὸς
732 967 806 1022 μὲν
840 968 915 1012 σὺν
941 975 1024 1020 τοῖς
1055 975 1240 1013 συνοῦσιν
1269 971 1379 1030 αὐτῷ
1404 971 1740 1030 ἀπαλλαγήσεται,

297 1031 443 1083 αὐτοὺς
465 1034 508 1076 δὲ
527 1035 688 1091 κυρίους
706 1035 946 1092 καταστήσει
965 1042 1036 1092 τῆς
1052 1036 1204 1089 πόλεως
1223 1039 1380 1094 Τελοὺχ
1399 1042 1466 1082 καὶ
1485 1039 1644 1085 πάντων
1659 1045 1741 1085 τῶν

291 1099 521 1155 Ῥωμαϊκῶν
537 1101 770 1158 χρημάτων.
838 1105 877 1148 οἳ
896 1106 940 1147 δὲ
960 1112 1042 1156 τοῖς
1063 1123 1106 1148 τε
1125 1105 1256 1162 λόγοις
1274 1109 1340 1150 καὶ
1363 1113 1446 1158 τοῖς
1464 1106 1593 1166 ἔργοις
1615 1126 1740 1167 φενα-

297 1169 500 1220 κισθέντες
509 1201 523 1222 ,
557 1173 623 1212 καὶ
644 1169 698 1221 ὡς
716 1172 855 1230 αὔριον
876 1171 980 1227 τάχα
999 1173 1287 1229 ἀπολήψεσθαι
1308 1175 1359 1218 τὰ
1375 1174 1506 1219 πάντα
1520 1174 1742 1235 ὖπειληφό-

296 1253 385 1289 τες,
429 1238 532 1295 πρὸς
554 1237 701 1291 πότους
728 1243 795 1283 καὶ
819 1242 954 1295 μέθας
981 1240 1208 1300 ἐτράπησαν
1237 1245 1303 1285 καὶ
1331 1244 1372 1286 ἐν
1399 1242 1508 1302 πάσῃ
1534 1245 1650 1306 ἀδείᾳ
1671 1247 1738 1289 καὶ
1751 1252 1794 1288 15

297 1303 514 1366 ἀμεριμνιά
536 1308 839 1366 διενυκτέρευον.
906 1308 928 1352 ὁ
953 1311 995 1352 δὲ
1013 1312 1101 1367 περὶ
1118 1311 1245 1364 μέσας
1259 1309 1403 1362 νύκτας
1423 1312 1648 1367 οἰνωμένοις
1665 1313 1741 1356 αὕ-

240 1380 274 1416 D
295 1379 379 1423 τοῖς
407 1376 474 1416 καὶ
504 1374 777 1431 ἀφροντίστως
806 1379 1065 1433 κοιμωμένοις
1091 1380 1331 1431 ἐπιτίθεται,
1378 1381 1444 1422 καὶ
1472 1379 1638 1432 τούτους
1667 1382 1740 1436 μὲν

290 1439 443 1492 πάντας
470 1442 708 1500 ἀπέσφαξεν,
741 1443 923 1502 ὑφείλετο
955 1447 998 1488 δὲ
1026 1448 1092 1488 καὶ
1122 1449 1326 1497 διακοσίας
1347 1446 1590 1503 ὀγδοήκοντα
1607 1448 1741 1504 καμή-

291 1513 387 1559 λους
406 1512 717 1567 πεφορτωμένας
735 1515 801 1555 καὶ
819 1511 983 1571 πλήρεις
997 1514 1167 1570 ἀγαθῶν
1186 1516 1381 1558 παντοίων
1394 1514 1638 1571 Ῥωμαϊκῶν.
1666 1518 1740 1568 τὰς

290 1577 337 1620 δὲ
355 1576 465 1634 ῥῖνας
485 1579 552 1620 καὶ
579 1580 630 1622 τὰ
660 1576 744 1623 ὦτα
767 1585 846 1624 τῶν
872 1580 1070 1625 πεσόντων
1087 1582 1297 1636 ἀποτεμὼν
1315 1581 1536 1638 διεκόμισεν
1555 1586 1597 1628 έν
1618 1587 1795 1629 Xan-20

292 1647 467 1705 παδοκία
492 1649 551 1704 τῷ
576 1652 758 1701 βασιλεῖ,
804 1649 881 1704 ’ἤδη
912 1648 992 1692 ἀπὸ
1021 1654 1092 1705 τῆς
1120 1655 1251 1708 φυγῆς
1281 1650 1536 1710 κατειληφότι
1567 1653 1637 1698 τὸν.
1667 1658 1739 1696 τοῦ

297 1715 427 1756 Φωκᾶ
451 1711 558 1756 οἷκον
577 1718 644 1758 καὶ
667 1717 707 1759 ἓν
727 1717 835 1775 αὐτῷ
857 1719 1115 1773 διατρίβοντι.
1184 1717 1229 1761 ὃν
1260 1716 1281 1760 ὃ
1312 1721 1503 1773 βασιλεὺς
1526 1725 1599 1764 τοῦ
1624 1721 1739 1780 ἔργον

295 1780 592 1836 ἀποδεξάμενος
608 1784 815 1829 κατεπάνω
834 1790 905 1841 τῆς
925 1784 1032 1829 κάτω
1052 1787 1224 1843 Μηδίας
1240 1786 1528 1833 ἀποδείκνυσιν.

1800 1032 1811 1055 ,

387 1926 432 1962 12
449 1924 538 1968 τοὺς
559 1926 590 1961 C

386 2049 459 2084 Sub
489 2049 526 2084 id
556 2053 692 2095 tempus
725 2049 926 2096 provinciae
956 2050 1135 2087 Teluchae
1167 2056 1327 2099 praeerat
1352 2054 1526 2100 Georgius
1547 2053 1739 2091 Maniaces.

293 2094 339 2130 ad
362 2106 438 2130 eum
458 2095 592 2130 Arabes
617 2096 808 2140 octingenti
830 2097 959 2142 fugatis
982 2098 1145 2133 Romanis
1167 2104 1383 2135 revertentes
1406 2106 1644 2145 accesserunt,
1679 2112 1741 2135 su-

294 2143 401 2185 perbe
424 2141 654 2183 ferocientes3
678 2142 920 2188 iusseruntque
943 2154 1042 2187 eum,
1079 2145 1214 2189 quando
1237 2151 1357 2190 captus
1378 2146 1566 2192 imperator
1587 2152 1623 2181 et
1645 2145 1741 2181 dele-

292 2193 351 2221 tae
373 2187 602 2222 Romanorum
625 2187 693 2222 iam
713 2193 830 2222 essent
851 2188 994 2234 copiae,
1029 2191 1145 2224 statim
1168 2192 1254 2225 urbe
1284 2191 1382 2226 abire
1405 2203 1518 2237 neque
1540 2203 1580 2227 se
1602 2192 1640 2226 in
1662 2203 1740 2226 cer-

292 2232 460 2267 tissimum
484 2233 669 2275 discrimen
691 2233 793 2268 dare:
817 2233 946 2279 alioqui
970 2246 1047 2269 eum
1070 2235 1181 2281 prima
1201 2237 1279 2271 luce
1302 2237 1546 2272 circumdatum
1569 2248 1644 2272 cum
1667 2237 1741 2272 suis

293 2278 420 2312 misere
441 2279 590 2313 occisum
613 2279 674 2313 iri.
720 2280 896 2323 Georgius
922 2282 1160 2326 obtemperare
1182 2293 1221 2316 se
1244 2282 1295 2317 eis
1317 2283 1501 2328 simulans,
1533 2287 1572 2318 ut
1602 2282 1741 2329 opinio-

293 2334 368 2358 nem
392 2334 467 2358 eam
491 2324 528 2358 in
551 2326 776 2359 barbarorum
797 2325 920 2360 animis
944 2326 1182 2371 confirmaret,
1220 2328 1290 2362 cibi
1319 2334 1490 2374 potusque
1523 2330 1658 2364 abunde
1688 2328 1741 2364 eis

293 2380 337 2403 ex
360 2370 446 2403 urbe
469 2370 572 2414 misit,
598 2370 716 2416 quiete
739 2383 779 2406 se
801 2383 861 2406 eos
882 2371 1004 2406 iubens
1027 2373 1182 2416 reficere,
1205 2378 1240 2408 et
1263 2373 1464 2418 significans
1487 2386 1586 2409 mane
1606 2386 1646 2409 se
1665 2385 1742 2409 cum

290 2414 364 2448 suis
387 2415 630 2461 discessurum,
664 2415 820 2462 ipsisque
843 2418 962 2452 urbem
986 2418 1173 2453 Telucham
1198 2425 1233 2454 et
1258 2421 1371 2455 omnia
1398 2421 1628 2454 Romanorum
1650 2421 1743 2455 bona

290 2459 511 2495 traditurum.
561 2462 612 2496 eis
635 2462 754 2497 verbis
777 2473 818 2497 ac
839 2463 932 2497 sacto
955 2463 1088 2499 Arabes
1111 2464 1249 2510 decepti
1271 2465 1441 2510 potationi
1460 2477 1500 2500 se
1521 2471 1557 2500 et
1578 2465 1742 2501 ebrietati

291 2505 472 2551 dederunt,
494 2514 699 2552 noctemque
722 2519 797 2542 eam
822 2509 1091 2555 securinbsque
1114 2511 1206 2544 omni
1226 2522 1309 2545 cura
1329 2516 1530 2556 exegerunt,
1554 2517 1650 2546 certo
1674 2511 1743 2546 sibi

291 2552 541 2594 persuadentes
573 2553 745 2599 postridie
775 2565 814 2588 se
838 2555 995 2589 omnibus
1019 2555 1205 2600 potituros.
1252 2556 1365 2591 media
1392 2561 1493 2591 nocte
1522 2557 1637 2591 ebrios
1661 2558 1741 2591 bar—

292 2596 396 2629 baros
429 2602 465 2632 et
497 2610 619 2633 secure
651 2599 860 2634 dormientes
892 2601 1050 2636 adoritur
1079 2601 1259 2636 Maniaces
1296 2607 1332 2637 et
1361 2601 1596 2637 internecione
1626 2602 1741 2645 delet;

296 2641 432 2676 camelis
467 2643 571 2679 etiam
599 2644 732 2689 potitur
762 2646 850 2690 280,
890 2646 1023 2681 onustis
1055 2647 1164 2681 omnis
1196 2647 1334 2692 generis
1368 2659 1470 2693 opum
1491 2648 1742 2689 Romanarum3

297 2696 466 2732 naresque
505 2694 541 2723 et
579 2701 682 2725 aures
716 2691 905 2726 occisorum
935 2696 1115 2737 amputans
1148 2693 1192 2728 ad
1224 2693 1465 2739 imperatorem
1500 2694 1636 2738 adfert,
1681 2693 1742 2738 qui

297 2731 365 2765 iam
406 2744 427 2766 a
470 2734 555 2779 fuga
592 2735 629 2769 in
663 2736 887 2782 Cappadocia
917 2737 1055 2772 Phocae
1092 2739 1226 2773 domum
1258 2743 1402 2774 venerat
1431 2739 1550 2784 ibique
1583 2739 1742 2774 moraba-

296 2780 384 2856 {ur--t
414 2777 488 2814 eius
519 2780 685 2816 facinoris
714 2793 819 2818 causa
847 2782 1036 2829 imperator
1058 2784 1248 2830 Georgium
1265 2784 1444 2821 inferioris
1461 2784 1600 2823 Mediae
1621 2785 1742 2820 ducem

316 2832 367 2856 eci
386 2845 396 2857 .
