1890 3236
304 208 369 266 60
771 208 1004 252 GEoRGu
1038 199 1276 257 οΕυΙὶῈΝι

303 324 377 376 μία
397 317 717 377 ἐπηκολούθησεν
735 320 976 375 ἐκδι’κησις.”
1049 320 1070 365 ὃ
1094 327 1190 378 γοῦν
1208 326 1397 379 βασιλεὺς
1419 327 1489 371 τὸν
1506 332 1579 372 τοῦ
1595 321 1741 390 aiud-(559

305 389 421 446 λόγον
443 390 670 438 ἐνωτισθεὶς
692 387 842 438 εὐθέως
862 390 1100 446 προσέταξεν
1127 389 1181 442 ὡς
1201 397 1428 451 παρασταίη
1451 396 1651 441 ἐπανιόντὶ
1665 398 1741 451 αὖ·

303 464 360 516 τῷ
383 462 437 508 εἷς
455 456 667 513 πρόσωπον
685 454 705 498 ὃ
727 456 1013 512 ἐγκαλούμενος
1028 459 1296 515 συγκλητικός.
1341 462 1421 519 ἤδη
1445 465 1570 508 δὲκαὶ
1591 468 1740 510 ἐπανα-

301 523 526 580 ζε-υγνύντος
546 528 619 567 τοῦ
635 525 831 577 βασιλέως
849 527 1103 583 παρέστησαν
1129 527 1294 587 ἐνώπιον
1321 531 1446 575 αὕτοῦ
1468 531 1492 574 ὅ
1521 551 1562 576 τε
1593 536 1739 578 παθὼν

297 595 362 634 καὶ
384 594 456 647 τὴν
475 593 671 647 ἐκδίκησιν
694 594 864 648 ἐκζητῶν
886 597 951 636 καὶ
981 593 1002 637 ὃ
1035 596 1081 638 τὸ
1113 596 1316 652 ἐξάγιστον
1343 599 1498 656 δράσας
1526 599 1640 660 ἔργον
1669 604 1736 646 καὶ
1748 609 1773 645 5

300 661 422 711 αὐτὸς
441 659 461 703 ὃ
482 660 674 717 ἔπαρχος,
709 663 775 703 καὶ
805 667 878 705 τοῦ
904 663 1387 717 βασιλέωςψελεῦσαντος
1416 669 1540 725 λέγειν
1564 674 1624 730 τῷ
1648 670 1740 714 deo-
1771 683 1774 686 ’

248 736 275 770 Β
298 730 404 786 μένῳ
427 729 453 770 ἃ
475 727 679 781 πεπόνθει,
715 727 736 770 ὃ
758 731 831 783 μὲν
851 730 993 787 διεξῄει
1013 733 1065 774 τὰ
1089 733 1162 774 ἀπ’
1189 735 1316 790 ἀρχῆς
1337 734 1430 793 ἄχρι
1451 737 1614 790 τέλους,
1639 737 1668 781 ιὸ
1693 739 1737 782 δ’

297 797 433 851 ἔνοχος
457 802 514 856 τῷ
538 791 752 853 ἐγκλήματι
763 829 776 849 ,
820 799 955 854 ἐπειδὴ
977 800 1035 854 μὴ
1056 798 1140 852 οἷός
1162 818 1203 844 τε
1224 798 1272 857 ἦν
1293 803 1387 854 τοὺς
1407 805 1590 861 ἐλέγχους
1608 807 1740 850 διαδι-

297 865 483 923 δράσκειν
512 872 599 916 ταῖς
620 866 843 916 ἀποδείξεσι
864 866 1062 910 πάντοθεν
1084 872 1411 925 συνειλημμένος,
1444 871 1676 930 ὡμολόγησε.
1693 874 1739 918 τὸ

299 932 610 992 ἄνοσιούργημα.
678 935 865 991 ἐρομένου
897 936 941 977 δὲ
969 941 1040 979 τοῦ
1066 939 1263 991 βασιλέως
1293 942 1360 981 καὶ
1385 941 1454 982 τὸν
1477 935 1738 1000 ἐπαρχονᾶδιᾶ
1750 946 1795 983 10

298 1004 340 1044 τί
357 1003 415 1057 μὴ
437 1004 666 1060 πρέπουσαν
686 1003 880 1059 ἐπενέγκοι
906 1008 962 1062 τῷ
990 1004 1215 1059 ἀτοπήματι
1231 1008 1305 1062 τὴν
1323 1009 1535 1064 ἐκδίκησιν,
1570 1011 1651 1054 ἐπεὶ
1673 1013 1740 1053 καὶ

301 1065 418 1121 οὗτος
447 1071 552 1121 ἐνεὸς
581 1069 747 1126 ἐγεγόνει
773 1071 876 1128 πρὸς
904 1071 976 1126 τὴν
999 1073 1226 1129 ἀπολογίαν,
1259 1081 1402 1119 τοῦτον
1427 1078 1500 1132 μὲν
1527 1079 1740 1134 μετέστησε

300 1144 372 1193 τῆς
390 1140 539 1195 ἀρχῆς,
584 1139 653 1181 τὸν
675 1140 717 1181 δὲ
740 1139 882 1194 μοιχὸν
907 1147 994 1191 ταῖς
1015 1146 1086 1183 τοῦ
1105 1140 1228 1196 νόμου
1245 1146 1502 1200 παραδέδωκε
1519 1148 1739 1203 τιμωρίαις.

300 1206 532 1262 ἐχρημάτιζε
555 1208 599 1249 δὲ
618 1208 669 1249 τὰ
689 1209 809 1251 πλείω
830 1209 894 1249 καὶ
917 1209 957 1250 ἐν
977 1213 1033 1267 τῷ
1053 1211 1281 1270 Λαυσιακῷ
1298 1212 1527 1269 καθήμενος
1543 1217 1738 1273 τρικλίνῳ,

301 1274 567 1332 προεβάλλετό
607 1293 650 1318 τε
688 1276 934 1333 στρατηγοὺς
968 1278 1034 1319 καὶ
1068 1278 1316 1334 στρατιώτας
1346 1283 1413 1322 καὶ
1443 1281 1638 1339 ἄρχοντας
1659 1288 1738 1326 τῶν
1751 1287 1793 1324 15

299 1342 624 1399 ἀξιολογωτάτων
656 1346 721 1386 καὶ
753 1343 1039 1400 ἀδωροτάτων,
1082 1346 1302 1403 χρημάτων
1329 1347 1554 1406 ὑπερόπτης
1585 1349 1642 1394 ὢν
1673 1353 1740 1395 καὶ

299 1412 421 1461 αὐτὸς
438 1412 732 1468 ἀκριβέστατος.
800 1414 1062 1469 ἐφιλοτιμεῖτο
1082 1415 1126 1456 δὲ
1143 1417 1209 1456 καὶ
1229 1418 1318 1473 περὶ
1333 1417 1406 1471 τὴν
1425 1416 1569 1462 ἑαυτοῦ
1589 1418 1739 1476 φωνήν,

246 1492 276 1534 c
300 1478 505 1536 εὔρυθμός
525 1497 585 1530 τις
607 1479 703 1522 εἶναι
722 1479 986 1535 βουλόμενος,
1023 1484 1056 1523 εἷ
1083 1484 1149 1524 καὶ
1168 1483 1224 1538 μὴ
1252 1484 1324 1538 τὴν
1347 1483 1467 1541 φύσιν
1486 1485 1740 1546 συνᾴδουσαν

297 1547 416 1603 εἶχεν·
451 1548 665 1606 ἄρρυθμος
694 1549 771 1606 γὰρ
801 1544 851 1604 ἦν
878 1552 944 1591 καὶ
972 1549 1074 1606 πρὸς
1101 1550 1152 1592 τὰ
1180 1552 1221 1593 ἐν
1241 1550 1413 1613 ἁρμονίᾳ
1432 1554 1533 1609 μέλη
1555 1555 1738 1611 ἀνεπιτή-

298 1620 415 1666 δειος.
483 1615 616 1659 εἰώθει
634 1618 710 1673 γὰρ
731 1617 805 1660 κάν
822 1624 909 1668 ταῖς
926 1620 1187 1676 ψαλμῳδιάις
1206 1619 1384 1677 ἐξάρχειν
1403 1626 1483 1664 τῶν
1505 1623 1638 1675 αἶ’νων,
1672 1627 1738 1667 καὶ
1747 1629 1794 1663 20

297 1689 452 1738 μᾶλλον
482 1684 546 1727 ὅτε
574 1687 614 1727 ἐν
644 1690 695 1742 τῇ
716 1691 786 1727 τοῦ
815 1689 999 1742 λ’ριστοῦ
1032 1686 1205 1742 γεννήσει
1240 1689 1278 1730 οἳ
1308 1693 1380 1744 τῆς
1408 1687 1549 1747 ἑορτῆς
1581 1691 1739 1744 κανόνες

300 1752 546 1807 ἔψάλλοντο·
582 1755 719 1809 ἐξῆρχε
740 1753 816 1811 γὰρ
836 1759 916 1796 τῶν
934 1754 1048 1812 ᾠδῶν
1063 1756 1265 1816 τορωτὲρα
1286 1759 1352 1799 καὶ
1375 1756 1494 1818 ἀγρίᾳ
1519 1764 1646 1817 φωνῇ,
1673 1762 1739 1803 καὶ

300 1821 364 1863 ὅτε
385 1827 455 1876 τῆς
475 1820 506 1873 ζ’
525 1822 632 1880 ᾠδῆς
651 1821 868 1878 κατήρχετο
890 1828 961 1865 τοῦ
981 1822 1120 1879 εἷρμοῦ
1141 1829 1211 1866 τοῦ
1233 1825 1412 1880 λέγοντος
1428 1825 1515 1885 ι(τῷ
1537 1826 1739 1872 παντάνα-

300 1907 393 1941 κτος
421 1890 685 1947 ἐξεφαύλισαν
707 1890 875 1950 πόθῳ.”,
946 1885 980 1950 ᾧ
1011 1892 1062 1947 δὴ
1097 1894 1164 1936 καὶ
1194 1893 1346 1949 γέλωτα
1377 1895 1600 1952 ὠφλίσκανε
1628 1897 1738 1955 παρὰ

390 1999 414 2032 2
436 1997 636 2041 προσέταξε
666 1997 729 2033 καὶ
761 1996 828 2033 τὸν
859 1996 1123 2042 ἐγκαλούμενον
1152 1998 1388 2045 συγκλητικὸν
1409 2000 1472 2037 καὶ
1494 2001 1561 2038 τὸν
1584 2000 1740 2048 ἔπαρχον

391 2042 444 2082 εἰς
467 2042 666 2087 πρόσωπον
689 2041 790 2090 αὐτῷ
813 2042 1116 2088 παραστήσεσθαι
1137 2043 1326 2081 ἐπανιόντι
1349 2048 1378 2081 C
1517 2049 1560 2084 15
1588 2059 1740 2094 στρατη·

389 2087 504 2130 zeiza«,-
528 2091 559 2124 C
696 2091 739 2125 16
760 2087 1051 2135 ἀξιολογωτέρων
1073 2092 1104 2125 C
1239 2094 1285 2128 20
1306 2092 1417 2128 εἴωθε
1438 2093 1469 2128 C

302 2183 428 2214 cutum.
452 2181 525 2216 Leo
548 2181 664 2216 statim
686 2181 863 2217 mandavit
887 2185 926 2216 ut
947 2181 1107 2217 redeunti
1132 2182 1199 2218 sibi
1222 2182 1427 2219 sisterentur
1445 2188 1555 2230 actor,
1572 2196 1653 2220 reus
1669 2188 1741 2221 tam

301 2226 430 2260 atrocis
446 2227 594 2272 flagitii,
627 2232 661 2262 et
683 2228 778 2262 urbis
801 2229 1012 2273 praefectus.
1059 2239 1126 2274 quo
1145 2229 1238 2263 facto
1260 2235 1409 2264 actorem
1431 2243 1627 2276 proponere
1647 2243 1741 2267 suam

301 2283 436 2306 eausam
460 2273 574 2308 iussit.
620 2274 679 2318 qui
700 2285 774 2309 cum
794 2286 865 2309 rem
885 2275 928 2315 ab
950 2274 1051 2308 initio
1074 2276 1116 2308 ad
1137 2275 1239 2309 finem
1262 2287 1370 2320 nsque
1392 2276 1629 2322 exposuisset,
1660 2288 1740 2312 reus

301 2318 479 2353 convictus
501 2319 775 2364 probationibus,
805 2332 880 2354 cum
903 2320 1030 2354 nullum
1055 2319 1226 2355 infitiandi
1246 2320 1397 2356 criminis
1420 2322 1531 2357 locum
1553 2323 1740 2367 inveniret,

302 2363 413 2397 scelus
436 2366 613 2410 professus
638 2371 704 2401 est.
751 2371 787 2400 et
818 2366 1015 2411 praefectus
1046 2377 1181 2400 causam
1216 2366 1448 2412 interrogatus
1480 2379 1541 2402 cur
1571 2368 1740 2413 flagitium

299 2409 405 2452 «ligna
438 2422 550 2453 poena
584 2411 674 2445 ultus
706 2423 774 2445 non
798 2417 910 2456 esset,
942 2411 1043 2457 inops
1065 2412 1295 2447 excusationis
1319 2413 1498 2448 obmutuit.
1544 2414 1633 2448 hunc
1655 2421 1739 2459 ergo

301 2454 488 2497 imperator
511 2457 626 2490 statim
650 2469 791 2492 munere
813 2469 876 2492 suo
899 2457 1012 2501 exuit,
1046 2462 1080 2492 et
1102 2458 1289 2492 adulterum
1314 2471 1357 2495 ex
1379 2459 1512 2503 legibus
1533 2460 1738 2513 puniendum

300 2500 447 2534 dedidit.
494 2502 693 2547 plerumque
714 2515 883 2549 responsa
905 2504 1011 2538 dabat
1033 2503 1069 2537 in
1086 2503 1256 2538 Lausiaco
1278 2505 1403 2539 sedens
1423 2503 1587 2541 triclimo.
1633 2505 1739 2539 duces

302 2546 532 2590 exercituum,
568 2547 691 2581 milites
720 2550 1008 2594 magistratusque
1037 2549 1122 2594 legit
1144 2549 1304 2595 optimum
1328 2561 1496 2594 quemque
1519 2555 1555 2584 et
1576 2561 1598 2584 a
1619 2561 1737 2584 mune-

301 2601 375 2625 rum
407 2599 551 2637 captura
582 2593 844 2639 alienissimum,
878 2595 1048 2639 pecuniae
1069 2600 1283 2641 contemptor
1303 2596 1380 2641 ipse
1403 2606 1562 2629 summus.
1608 2595 1740 2630 studuit

303 2637 405 2671 etiam
429 2638 524 2672 vocis
548 2638 751 2683 elegantiae,
784 2652 976 2685 quanquam
999 2646 1122 2675 natura.
1146 2641 1191 2675 ad
1212 2652 1285 2675 eam
1310 2651 1382 2674 rem
1402 2639 1540 2685 ineptus
1564 2644 1599 2674 et
1621 2653 1643 2675 a
1664 2653 1738 2676 mu-

305 2682 379 2716 sica
401 2684 631 2718 concinnitate
655 2685 796 2719 alienus.
843 2687 1045 2732 solebatque
1067 2686 1142 2731 ipse
1161 2691 1295 2721 cantum
1315 2684 1504 2730 auspicari,
1530 2697 1604 2720 cum
1622 2687 1657 2720 in
1682 2686 1739 2721 dei

306 2728 556 2764 laudationibus
590 2730 710 2774 psalmi
741 2735 982 2774 cantarentur,
1017 2732 1162 2766 maxime
1193 2743 1267 2766 cuin
1299 2731 1459 2767 natalicio
1483 2731 1615 2765 Christi
1647 2733 1739 2766 sesto

306 2786 454 2809 canones
475 2775 721 2820 psallebantur:
747 2781 828 2810 tunc
851 2778 940 2811 enim
959 2778 1142 2822 grandiore
1163 2789 1203 2810 ac
1226 2777 1356 2820 agresti
1380 2788 1467 2810 voce
1489 2788 1624 2811 carmen
1647 2778 1738 2812 into—

307 2821 423 2854 nabat.
470 2821 642 2865 risumque
665 2822 878 2858 auditoribus
903 2824 1027 2867 movit‚
1062 2834 1136 2856 cum
1160 2823 1335 2867 septimam
1359 2823 1457 2856 odam
1480 2821 1669 2867 inciperet,
1703 2823 1740 2858 in

308 2866 404 2900 cuius
422 2872 534 2902 tractu
555 2874 609 2902 est
632 2867 697 2902 hoc
715 2864 905 2913 “sprevere
927 2869 1047 2903 summi
1069 2874 1191 2903 cuncta
1212 2880 1326 2902 umore
1349 2865 1551 2914 principis,”
1574 2880 1648 2904 cum
1666 2868 1742 2914 ipse
