1890 3236
321 228 421 275 262
741 269 743 271 .
795 226 1032 272 GEORGII
1065 226 1309 271 CEDRENI

320 340 395 384 κᾶν
418 343 470 398 τῇ
494 337 668 396 τριπόλει
692 336 910 392 οῗκήσαντα
933 337 1009 389 κάξ
1033 337 1159 393 αὐτῆς
1181 334 1376 395 εἷληφότα
1395 338 1468 394 τὴν
1488 341 1774 399 προσηγορίαν.

319 408 477 466 ἔφθασε
505 408 548 449 δὲ
575 408 645 449 τὸν
669 407 840 460 βασιλέα
863 404 890 461 ἡ
920 408 1010 463 περὶ
1037 410 1110 449 τοῦ
1140 407 1384 463 Τριπολίτου
1412 407 1574 463 ἀγγελία
1595 409 1770 453 κατὰτὸ

318 474 508 532 ἐμπόριον
532 479 604 517 τοῦ
634 475 852 526 Βοαιτιόυ,
886 476 1009 518 ε’κεΐσε
1033 472 1241 531 γενόμενον
1262 475 1325 517 ἐπὶ
1346 478 1406 533 τῷ
1427 475 1678 520 ἀνακαινίσαι
1687 476 1770 533 τὴν

316 543 445 598 μονὴν
464 541 753 599 Χριστοφόρου
770 544 1134 601 πρωτοβεστιαρίου
1153 543 1292 586 αὐτοῦ.
1360 543 1714 600 προσετίθεσαν-δ”
1728 544 1771 588 οἳ

317 609 602 668 ἀγγελιαφόροι
621 609 676 660 ὡς
693 611 786 653 κατ’
807 610 932 666 αὐτῆς
948 611 1025 666 ἔχει
1043 612 1116 667 τὴν
1136 609 1266 668 ὁρμὴν
1285 614 1358 666 τῆς
1377 612 1600 666 βασιλίδος.
1625 617 1631 643 ἵ
1666 611 1802 666 πέμ-6

316 697 381 722 πει
415 673 487 721 οὖν
522 677 543 720 ὃ
580 678 771 733 βασιλεὺς
798 677 1033 724 Εὖστάθιον
1058 680 1129 722 τὸν
1152 683 1371 734 τηνικαῦτα
1395 677 1667 738 ὃρουγγάριον,
1689 683 1772 724 τῶν
1795 697 1798 700 ·

315 749 508 800 πλωΐμων
522 747 625 800 μετὰ
642 751 715 790 τοῦ
732 745 902 801 στόλου,
932 747 977 798 ὃς
993 747 1051 803 μὴ
1072 750 1260 803 δυνηθεὶς
1279 746 1572 799 ἀντιτάξασθαι
1587 751 1647 807 τῷ
1665 751 1770 806 Τρι-

262 824 294 859 C
315 816 456 872 πολίτῃ
473 813 710 872 ὖπεστράφη
728 814 854 866 κενός.
921 814 1111 870 ἑπόμενος
1127 817 1172 859 δὲ
1186 815 1316 874 τούτῳ
1335 814 1356 858 ὃ
1377 817 1622 873 Τριπολίτης
1635 817 1772 872 staffi-

312 887 388 926 θεν
415 886 471 934 εἷς
493 883 545 926 τὰ
567 884 686 927 στενὰ
707 889 780 926 τοῦ
797 882 1092 939 Ἑλλησπόντου
1103 917 1117 938 ,
1148 889 1215 928 καὶ
1234 885 1353 941 μέχρι
1373 889 1445 928 τοῦ
1463 885 1628 942 Παρίου
1649 885 1770 929 κατέ-

313 955 450 1005 λαβεν.
519 949 615 1009 ὅπερ
639 955 696 1009 τῷ
715 956 880 1006 βασιλεῖ
895 942 1089 1010 ἀγγελθὲν
1108 955 1163 1003 εἰς
1183 951 1361 1010 μεγάλην
1381 953 1564 1005 ἐνέβαλεν
1584 953 1770 1008 ἀθυμίαν
1780 959 1825 995 10

312 1022 379 1062 καὶ
404 1018 598 1077 ταραχήν.
659 1018 815 1078 Ἱμερίῳ
836 1026 933 1078 γοῦν
952 1027 1011 1080 τῷ
1033 1026 1385 1079 πρωτοασηκρῆτις
1405 1021 1478 1077 τὴν
1495 1021 1686 1076 ναυτικὴν
1701 1022 1771 1078 ἔγ-

308 1089 489 1144 χειρίσας
515 1086 693 1143 δύναμιν,
716 1090 820 1132 κατὰ
848 1094 922 1133 τοῦ
953 1092 1195 1147 Τριπολίτου
1226 1090 1475 1141 ἀπέστειλεν,
1521 1087 1566 1140 ὃς
1594 1088 1769 1144 Ἄβυδον

312 1156 487 1198 διελθὼν
517 1158 585 1199 καὶ
616 1157 660 1200 τὸ
693 1160 869 1213 Αἰγαῖον
902 1159 1072 1214 πέλαγος
1104 1157 1325 1216 Στροβήλῳ
1355 1159 1636 1215 προσορμίζει,
1674 1157 1769 1202 Υεἶτα

310 1225 489 1282 καταίρει
519 1225 620 1282 πρὸς
641 1224 824 1282 Ἴμβρον.
893 1226 1173 1288 Σαμοθρᾴκην
1205 1227 1249 1269 δὲ
1275 1226 1423 1280 διαβὰς
1450 1226 1644 1280 κατέλαβε
1673 1227 1770 1278 τοὺς

308 1294 524 1346 πολεμίους
542 1297 839 1348 ναυλοχοῦντας
854 1296 895 1337 ἒν
917 1293 1056 1353 Θάσῳ.
1122 1294 1227 1350 πλὴν
1243 1293 1393 1350 πλήθει
1409 1310 1450 1337 τε
1468 1295 1541 1336 καῖ
1553 1296 1767 1354 προθυμίᾳ
1779 1301 1823 1338 15

307 1359 575 1416 ὑπερέχοντας
606 1363 753 1413 αὐτοὺς
779 1363 874 1406 {debu
897 1363 989 1406 οὐδὲ
1010 1361 1230 1419 πλησιάσαι
1250 1361 1408 1413 τούτοις
1428 1361 1687 1417 τετόλμηκεν.ν
1743 1360 1767 1404 ὅ

309 1429 354 1471 δὲ
367 1432 610 1486 Τριπολίτης
623 1429 927 1488 ὄπισθόρμητος
946 1431 1115 1487 γεγονὼς
1134 1433 1200 1473 καὶ
1219 1431 1324 1475 κατὰ
1340 1432 1640 1486 Θεσσαλονίκην
1656 1428 1770 1487 γενό-

291 1539 294 1543 ,
307 1514 427 1551 μενος
447 1498 596 1554 ταύτην
614 1497 896 1556 ἐπολιόρκησε,
930 1501 1250 1555 κατασχεθέντος
1268 1501 1335 1544 καὶ
1351 1500 1534 1549 Λέοντος
1553 1503 1627 1542 τοῦ
1641 1516 1769 1556 στρα-

257 1571 290 1607 D
313 1570 437 1621 τηγοῦ
466 1567 507 1609 ἓν
540 1567 663 1623 αὐτῇ,
699 1562 732 1625 ᾧ
755 1566 1026 1620 Χατζιλάκιος
1048 1568 1094 1612 τὸ
1123 1566 1343 1622 ἐπώνυμον.
1411 1567 1561 1624 ἐγένετο
1586 1567 1630 1610 δὲ
1648 1565 1769 1622 χύσις

309 1632 491 1687 αἱμάτων
520 1635 648 1690 πολλὴ
675 1638 741 1678 καὶ
772 1639 1039 1691 αἰχμαλωσία.
1102 1634 1373 1693 Ῥοὸόφυλλος
1400 1636 1447 1678 δέ
1470 1652 1530 1686 τις
1551 1640 1823 1690 κουβικου-ΞΟ

309 1700 448 1759 λάριος
479 1702 583 1746 κατά
613 1721 702 1747 τινα
729 1706 868 1762 χρείαν
897 1706 939 1747 ἓν
966 1705 1128 1764 Σικελία
1154 1706 1358 1760 πεμφθεὶς
1380 1703 1483 1759 μετὰ
1504 1705 1676 1760 χρυσίου
1701 1707 1766 1746 λι-

307 1775 415 1828 τρῶν
445 1769 607 1824 ἑκατόν,
641 1771 747 1833 νόσῳ
776 1772 998 1832 περιπεσών
1028 1775 1069 1815 ἐν
1102 1773 1378 1831 Θεσσαλονίκῃ
1406 1774 1595 1828 εἰσῆλθεν
1625 1771 1698 1830 ἐφ’
1731 1766 1767 1814 ὦ

1740 1814 1754 1832 G

398 1925 421 1958 8
446 1922 654 1968 ὑπέστρεψε
677 1926 707 1960 C
813 1929 836 1962 9
858 1926 1015 1970 παρείου
1038 1927 1068 1960 C
1176 1927 1217 1961 11
1240 1924 1312 1969 γὰρ
1333 1924 1386 1959 τῶ
1409 1923 1710 1971 πρωτοασηκρίτη
1733 1924 1765 1959 C

402 1971 445 2006 13
468 1971 668 2018 στρουβίλω
693 1973 724 2007 C
862 1974 904 2009 17
928 1970 1108 2018 γεγονώς]
1129 1969 1324 2017 γενόμενος
1347 1972 1378 2006 C

307 2110 346 2141 et
376 2107 458 2152 quia
487 2107 628 2155 Tripoli
659 2109 860 2156 habitabat,
893 2110 975 2145 inde
999 2109 1194 2156 Tripolites
1216 2107 1470 2154 appellabatur.
1517 2106 1593 2142 elus
1617 2105 1763 2152 expedi-

307 2152 414 2187 tionis
438 2154 592 2189 nuntium
618 2160 749 2190 mature
768 2157 905 2202 accepit
918 2157 1122 2202 imperator,
1146 2155 1207 2200 qui
1225 2161 1296 2190 tum
1315 2154 1408 2199 apud
1422 2153 1612 2198 emporium
1625 2152 1767 2188 Boaetii

308 2203 402 2242 erat,
427 2200 619 2236 dedicando
643 2201 888 2248 christophori
911 2202 1174 2248 protovestiarii
1194 2199 1404 2235 monasterio
1426 2199 1594 2234 intentus.
1642 2202 1680 2233 et
1701 2198 1766 2232 ael-

307 2243 456 2279 debatur
479 2245 545 2281 hoc
569 2259 592 2282 a
614 2248 764 2292 nuntiis,
787 2259 809 2283 a
832 2249 1009 2294 Tripolita
1028 2249 1139 2294 ipsam
1160 2248 1233 2293 peti
1252 2245 1391 2292 Cpolin.
1438 2244 1566 2279 emittit
1583 2254 1668 2289 ergo
1689 2244 1767 2279 Eu-

308 2290 493 2334 stathium‚
522 2293 746 2338 drungarium
768 2294 821 2329 rei
845 2294 999 2339 navalis,
1025 2305 1100 2328 cum
1123 2293 1246 2328 classe.
1291 2291 1353 2337 qui
1374 2302 1513 2336 pugnae
1536 2299 1611 2324 cum
1632 2289 1767 2343 Tripo-

307 2334 371 2369 lita
403 2337 665 2374 committendae
694 2340 807 2385 impar
827 2352 866 2375 re
888 2340 1022 2375 infecta
1042 2340 1159 2374 rediit.
1208 2349 1354 2383 eumque
1381 2337 1560 2371 insecutus
1589 2334 1769 2380 Tripohta

306 2381 427 2416 fauces
456 2382 678 2430 Hellesponti
709 2385 855 2421 intravit
888 2391 923 2421 et
953 2397 1064 2431 usque
1087 2386 1130 2420 ad
1152 2384 1292 2419 Parium
1316 2383 1426 2418 venit.
1474 2381 1576 2416 huius
1596 2380 1652 2434 rei
1673 2380 1767 2434 indi-

307 2426 394 2460 cium
418 2427 621 2473 imperatori
643 2443 835 2466 moerorem
858 2433 1224 2478 perturbationemque
1247 2429 1352 2463 animi
1371 2438 1514 2474 gravem
1531 2426 1660 2462 attulit.
1698 2431 1768 2460 ita-

307 2482 375 2515 que
396 2473 554 2509 Himerio
576 2477 845 2512 secretariorum
869 2478 1034 2523 primario
1057 2477 1201 2511 classem
1224 2476 1391 2510 adversus
1414 2471 1615 2527 Tripoliten
1636 2472 1770 2506 ducen-

308 2518 385 2551 dam
415 2521 608 2557 committit.
667 2523 698 2557 is
731 2523 893 2568 Abydum
926 2528 1207 2569 praetervectus,
1239 2522 1380 2566 Aegaeo
1409 2530 1496 2554 marl
1526 2527 1685 2560 emenso,
1721 2516 1767 2551 ad

308 2562 504 2599 Strobelum
527 2567 694 2612 appellit3
718 2569 799 2603 inde
823 2570 867 2604 ad
890 2570 1040 2605 Imbrum
1064 2568 1228 2614 applicat.
1276 2579 1318 2601 ac
1341 2565 1568 2600 Samothraca
1588 2567 1767 2608 superata,

308 2607 426 2643 hostes
450 2611 562 2647 Thasi
585 2625 658 2648 cum
682 2615 831 2650 sentiret
853 2627 962 2650 naves
986 2616 1022 2649 in
1047 2615 1197 2648 statione
1226 2612 1358 2646 habere
1390 2609 1608 2645 multitudine
1632 2612 1668 2642 et
1694 2608 1769 2642 ala-

308 2653 433 2688 oritate
456 2657 528 2690 suis
551 2659 764 2704 superiores,
791 2673 835 2695 ne
857 2661 1142 2706 appropinquare
1163 2658 1300 2704 quidem
1323 2657 1368 2691 iis
1390 2665 1494 2690 ausus
1517 2658 1584 2688 est.
1632 2653 1766 2708 '1:ripo-

307 2698 387 2753 lites
419 2707 533 2737 autem
562 2710 657 2739 retro
687 2717 830 2741 aversus
861 2706 1146 2740 Thessalonicam
1176 2707 1372 2749 expugnat,
1404 2700 1622 2746 deprehenso
1654 2710 1692 2732 m
1715 2710 1766 2754 ἐξ

309 2751 412 2779 etiam
445 2747 564 2783 Leone
595 2752 791 2795 praefecto,
824 2752 880 2786 cui
901 2751 1135 2786 Chatzilacius
1163 2753 1445 2795 cognomentum;
1480 2745 1690 2789 multumque
1713 2746 1765 2779 1b1

307 2792 483 2835 sanguinis
510 2795 614 2838 facit,
646 2797 839 2842 multosque
861 2798 1019 2841 captivos
1042 2795 1196 2832 abducit.
1242 2795 1335 2828 forte
1359 2791 1498 2837 quidam
1521 2791 1566 2825 de
1586 2790 1764 2825 cubicula-

304 2836 387 2881 riis,
429 2840 566 2874 nomine
594 2841 879 2888 Rhodophyllus‚
919 2842 1140 2877 necessariae
1173 2840 1227 2875 rei
1256 2850 1361 2874 causa
1388 2838 1425 2872 in
1455 2836 1608 2871 Siciliam
1637 2836 1763 2870 missus

305 2894 383 2919 cum
407 2886 474 2921 100
495 2886 572 2922 auri
594 2887 716 2933 libris,
753 2888 790 2923 in
809 2888 938 2924 itinere
960 2890 1081 2924 morbo
1103 2890 1284 2931 correptus
1307 2882 1594 2919 Thessalonicam
1616 2893 1656 2918 se
1676 2892 1760 2916 con-
