1890 3236
477 148 874 195 HISTORIARUM
899 147 1298 194 COMPENDIUM.
1529 146 1628 194 353

149 258 398 325 *ᾒμῦσατο
413 259 516 319 μήτ’
539 264 639 307 ῖδεῖν
654 260 757 320 μήτε
776 261 881 322 πρός
900 280 1014 314 τινας
1036 262 1209 307 ἀνειπεῖν
1229 260 1286 314 ὥς
1306 260 1390 320 ἄρα
1409 257 1581 319 Βάρὸας
1602 261 1631 317 ἢ

147 330 405 392 ‘Quidque
429 330 631 388 ἀνάδοχος
654 334 823 390 γένοιτο.
888 330 910 375 ὅ
935 333 981 376 δὲ
998 331 1260 383 Πολύευκτος
1279 332 1421 388 καίπερ
1445 335 1631 390 φανερῶς

151 401 426 462 „benenatum
442 401 560 453 εἰδὼς
572 401 644 445 τὸν
658 398 883 446 Στυλιανόν
890 433 905 455 ,
939 401 985 446 τὸ
1002 406 1076 458 τῆς
1089 402 1317 452 συντεκνίας
1330 397 1630 458 συγκεχώρηκεν

150 469 365 528 ἔγκλημα,
397 472 466 514 καὶ
499 468 522 514 ὃ
549 469 679 515 πάλαι
710 469 966 526 ἐνιστάμενος
995 472 1309 529 ὃευτερογαμίας
1324 470 1522 524 ἐπιτίμιον
1541 470 1629 514 ἐπι-

115 540 304 587 &aetnae
317 541 386 584 καὶ
406 539 454 584 τὸ
472 539 578 597 μέγα
598 545 718 584 τοῦτο
740 544 919 598 παρῆκεν
940 537 1179 596 ἁμάρτημα.

294 607 536 667 Νικηφόρος
561 609 607 652 δέ
628 613 688 667 τῷ
711 607 858 668 πρώτῳ
879 613 952 665 τῆς
971 607 1099 653 αὐτοῦ
1113 608 1323 663 βασιλείας
1341 605 1418 651 ἔτει
1439 606 1629 663 ἐκπέμπει

149 677 267 721 κατὰ
294 682 377 722 τῶν
404 677 447 721 ἓν
466 679 631 738 Σικελίᾳ
652 681 903 734 Σαρακηνῶν
922 676 994 721 τὸν
1011 679 1223 736 πατρίκιον
1242 676 1451 733 Μανουὴλ
1470 678 1538 719 καὶ
1558 674 1630 720 νό-

149 750 244 791 θον
262 745 353 791 υἱὸν
373 747 664 806 πατραδέλφου
680 747 808 791 αὐτοῦ
824 746 1029 798 Λέοντος,
1063 751 1138 790 τοῦ
1154 745 1484 805 χρηματίσαντος
1503 747 1627 801 ὃομε-
1650 748 1680 784 Ρ
1701 749 1771 786 650

160 816 299 860 στίκου
327 819 409 860 τῶν
437 819 596 871 σχολῶν
621 818 689 859 καὶ
713 817 776 859 ἐπὶ
795 814 1005 872 Ῥωμανοῦ
1025 816 1098 858 τοῦ
1120 817 1306 874 γέροντος
1327 815 1630 873 τυφλωθὲντος,

93 883 334 943 ίὠθεῖτροιτόν
362 884 474 943 αὐτῷ
505 885 604 936 δοὺς
631 887 699 928 καὶ
732 882 878 928 στόλον
908 882 1155 940 ἀξιόμαχον·
1193 885 1361 935 ἀδοξίαν
1389 883 1468 940 γὰρ
1497 882 1629 927 ἐδόκει

156 954 483 1011 προστρίβεσθαι
499 952 654 1012 ἑαυτῷ,
689 955 725 997 εἴ
742 952 888 998 τούτου
907 958 1152 1012 κρατοῦντος
1170 951 1197 1009 ἦ
1212 952 1422 1008 Ῥωμαίων
1437 954 1627 1007 βασιλεία

157 1023 419 1081 δασμοφορεῒ
434 1028 521 1074 τοῖς
545 1025 814 1081 Σαρακηνοῖς.
882 1022 975 1066 ἀλλ’
1000 1022 1217 1079 ἀναγκαῖον
1237 1025 1359 1066 εἰπεῖν
1379 1020 1627 1079 ἐπιδραμόν-

154 1093 318 1143 *tac-‘tle
346 1089 375 1148 ἦ
404 1091 508 1150 πρὸς
536 1092 633 1143 τοὺς
661 1092 928 1150 Σαρακηνοῦς
958 1093 1242 1150 ὃασμοφορία,
1271 1094 1338 1134 καὶ
1361 1090 1461 1135 ὅθεν
1483 1091 1626 1149 εἴληφε

154 1159 230 1216 τὴν
248 1158 393 1218 ἀρχήν.
444 1165 518 1217 τῆς
535 1159 691 1212 πόλεως
707 1163 786 1220 γὰρ
807 1165 888 1205 τῶν
904 1164 1178 1219 Συρακουσῶν
1194 1160 1273 1204 ὑπὸ
1293 1165 1375 1204 τῶν
1394 1162 1437 1204 ἐν
1450 1160 1627 1219 Ἀφρικῇ

92 1232 408 1288 ῶΣαρακηνῶν
439 1228 615 1286 ἆλούσης
651 1232 715 1273 ἐπὶ
746 1234 828 1274 τῶν
846 1228 1009 1289 χρόνων
1030 1231 1249 1274 Βασιλείου
1272 1234 1348 1273 τοῦ
1366 1228 1629 1282 Μακεδόνος,

154 1301 224 1342 καὶ
252 1298 326 1355 τὴν
351 1298 451 1354 ὅλην
477 1300 626 1355 συνέβη
648 1305 770 1355 νῆσον
787 1298 860 1343 ὑπ’
883 1300 1018 1344 αὐτῶν
1038 1303 1345 1355 κατασχεθῆναι
1365 1301 1432 1342 καὶ
1454 1298 1529 1349 τὰς
1550 1298 1629 1342 αὗ-

151 1373 227 1425 τῆς
248 1366 385 1419 πόλεις
406 1372 742 1427 κατασκαφῆναι,
782 1374 855 1424 τῆς
879 1366 1109 1426 Πανόρμου
1131 1367 1261 1424 μόνης
1279 1368 1625 1426 περιποιηθείσης,
1649 1373 1680 1409 Β

152 1439 196 1489 ἐξ
216 1431 267 1494 ἧς
286 1435 344 1489 ὥς
362 1435 408 1480 ἔκ
425 1454 534 1488 τινος
554 1435 801 1496 ὅρμητηρίου
825 1435 1053 1496 ὁρμώμενοι
1079 1439 1118 1481 οἳ
1135 1439 1349 1494 Ἀγαρηνοὶ
1369 1436 1443 1494 τὴν
1464 1437 1626 1480 ἀντιπέ-

153 1511 284 1566 pez-‘m
299 1510 374 1564 γῆν
391 1505 672 1562 ἔπεκτήσαντο.
730 1509 883 1551 ἐκεῖθεν
904 1508 949 1550 δὲ
970 1505 1368 1566 διαπορθμευόμενοι
1386 1507 1462 1557 τὰς
1477 1503 1626 1561 νήσους

93 1572 296 1634 Φέδῄουν
313 1574 408 1633 ἄχρι
422 1574 760 1631 Πελοποννήσου,
787 1579 856 1619 καὶ
875 1575 972 1621 ὅσον
992 1576 1106 1621 οὔπω
1124 1574 1393 1634 προσδόκιμοι
1409 1574 1626 1633 παραστή-

150 1650 302 1690 σεσθαι
333 1639 452 1700 ἦσαν.
521 1645 741 1701 ἀμηχανῶν
773 1647 817 1689 δὲ
848 1644 870 1689 ὃ
900 1645 1094 1700 βασιλευς
1122 1647 1366 1698 Βασίλειος,
1410 1646 1480 1688 καὶ
1510 1644 1624 1696 ἄξιον

146 1713 348 1774 ὑπηρέτην
367 1713 575 1771 ἀναζητῶν
593 1719 667 1770 τῆς
683 1713 874 1772 τοιαύτης
889 1713 1132 1775 ὑπηρεσίας,
1167 1715 1240 1759 τὸν
1262 1714 1475 1773 πατρίκιον
1495 1713 1623 1772 ἔκρινε

239 1851 528 1941 ἓῦἰπιοστᾶμενος
551 1856 582 1892 C
705 1855 870 1904 ἐπιτίμια
892 1858 924 1892 C
1044 1859 1088 1896 19
1111 1854 1315 1902 ἐκτήσαντο
1338 1857 1370 1892 C
1489 1858 1534 1894 21
1558 1854 1623 1903 δὲ]

146 2031 296 2069 concilio
319 2034 356 2068 et
378 2035 504 2069 senatu
526 2031 658 2069 iuravit
680 2044 719 2068 se
747 2043 862 2078 neque
891 2031 1024 2067 vidisse
1051 2042 1165 2077 neque
1187 2030 1348 2078 cuiquam
1371 2027 1502 2064 dixisse
1526 2028 1621 2074 quod

145 2079 206 2115 vel
236 2080 373 2116 Bardas
403 2079 461 2115 vel
491 2079 716 2126 Nicephorus
751 2085 847 2114 esset
876 2079 992 2115 factus
1027 2082 1224 2124 susceptor.
1271 2076 1484 2120 Polyeuctus
1520 2086 1620 2119 ergo,

143 2125 289 2162 tametsi
311 2125 474 2172 peierare
496 2125 693 2171 stylianum
714 2131 812 2161 certo
833 2125 986 2169 sciebat,
1013 2125 1144 2160 crimen
1165 2122 1463 2169 compaternitatis
1485 2121 1621 2164 omisit3

145 2177 184 2208 et
205 2171 267 2219 qui
289 2176 372 2208 ante
390 2173 538 2218 urgebat
560 2177 600 2207 ut
623 2174 669 2208 ob
694 2173 865 2208 secundas
894 2171 1033 2218 nuptias
1055 2182 1172 2217 poena
1198 2169 1440 2215 infligeretur,
1470 2167 1506 2201 ei
1529 2178 1619 2213 quo-

144 2229 215 2266 qne
235 2229 361 2264 magno
382 2217 512 2253 delicto
534 2217 685 2264 ignovit.
1588 2213 1590 2219 ’

234 2285 460 2333 Nicephorus
491 2296 582 2321 anno
614 2286 754 2334 imperii
787 2287 842 2322 sui
873 2285 986 2332 primo
1014 2287 1136 2320 contra
1156 2284 1353 2318 Saracenos
1379 2280 1537 2317 Siciliam
1560 2284 1618 2317 te-

120 2335 124 2339 '
143 2336 269 2369 nentes
300 2333 430 2368 emittit
452 2343 529 2367 cum
552 2332 664 2367 classe
688 2340 725 2368 et
746 2333 862 2368 valido
886 2331 1045 2367 exercitu
1067 2331 1263 2365 Manuelum
1288 2328 1496 2375 patricium,
1531 2340 1618 2374 spu-

142 2380 234 2416 rium
252 2379 360 2414 filium
383 2378 515 2414 Leonis
538 2379 656 2424 patrui
686 2379 760 2424 sui,
794 2378 855 2425 qui
890 2378 1100 2413 domesticus
1132 2377 1328 2412 scholarum
1358 2375 1474 2410 dictus
1497 2385 1519 2408 a
1542 2375 1619 2409 Ro-

140 2438 243 2462 mano
266 2425 406 2462 seniore
429 2424 539 2460 oculis
559 2426 678 2460 fuerat
698 2422 858 2460 orbatus}
884 2425 1049 2460 dedecori
1071 2435 1217 2468 namque
1237 2422 1306 2457 sibi
1325 2422 1403 2456 fore
1423 2420 1616 2466 iudicabat,

141 2474 175 2508 si
204 2472 284 2520 ipso
316 2471 511 2518 imperante
542 2471 734 2507 Romanum
768 2472 950 2518 imperium
975 2471 1108 2505 tributa
1132 2469 1319 2504 Saracenis
1342 2468 1510 2503 solveret.
1557 2478 1617 2502 res

140 2519 221 2566 ipsa
243 2518 399 2566 postulat
421 2523 459 2553 ut
483 2529 717 2564 exponamus,
751 2518 836 2563 quid
866 2517 992 2552 tributi
1023 2516 1211 2551 Saracenis
1246 2514 1394 2550 solverit
1424 2514 1615 2548 Romanum

140 2564 347 2612 imperium,
381 2571 487 2610 atque
515 2565 608 2599 unde
633 2577 676 2600 ea
698 2576 756 2599 res
779 2564 917 2599 initium
942 2562 1117 2598 habuerit.
1163 2574 1240 2597 cum
1265 2560 1422 2595 Africani
1445 2559 1616 2594 Saraceni

140 2611 338 2656 Syracusas
365 2611 544 2657 cepissent
568 2611 763 2657 imperante
785 2610 919 2646 Basilio
942 2610 1155 2653 Macedone,
1188 2607 1340 2654 reliquas
1373 2607 1478 2641 etiam
1509 2606 1615 2640 urbes

139 2662 365 2703 everterunt,
388 2662 466 2693 tota
486 2657 599 2692 insula
616 2657 740 2703 potiti,
764 2658 943 2703 solamque
965 2656 1173 2691 Panormum
1197 2667 1262 2701 pro
1286 2665 1368 2689 arce
1390 2658 1429 2688 et
1450 2657 1616 2698 recepta-

140 2704 219 2739 culo
252 2703 482 2750 reliquerunt.
534 2703 618 2739 inde
653 2705 806 2750 profecti
841 2703 1035 2750 oppositam
1072 2702 1306 2736 continentem
1340 2704 1617 2745 occupaverunt,

138 2749 356 2797 ulteriusque
385 2751 566 2797 progressi
598 2750 731 2785 insulas
764 2761 874 2797 usque
898 2750 943 2785 ad
964 2749 1244 2795 Peloponnesum
1268 2758 1386 2782 omnes
1415 2745 1614 2789 vastabant,

138 2795 255 2852 iisque
287 2796 438 2843 potituri
469 2796 576 2831 etiam
608 2796 812 2843 propediem
843 2796 1089 2832 credebantur.
1137 2806 1228 2840 quae
1261 2805 1319 2830 res
1350 2803 1425 2827 curn
1456 2791 1616 2837 graviter

138 2842 312 2878 solicitum
332 2847 469 2879 teneret
486 2842 676 2889 Basilium,
703 2849 740 2878 et
761 2844 792 2880 is
815 2847 1004 2891 quaereret
1023 2841 1195 2878 hominem
1218 2840 1301 2876 huic
1319 2838 1514 2874 ministerio
1535 2837 1615 2872 ido-

196 2896 328 2943 Georg.
358 2896 534 2932 Cedrenus
561 2902 646 2932 tom.
677 2896 726 2931 Il.
1277 2888 1333 2933 23
