1916 3210
636 177 1098 224 ANNOTATIONES.
1149 204 1151 207 .
1508 177 1608 226 817

143 286 342 332 mnis
361 288 607 330 infensissimi.
663 287 820 327 nominis
838 300 920 327 cum
941 287 1198 329 Hebraeorum
1221 288 1386 329 Maranis
1407 289 1606 331 communis

143 345 340 388 estradix.
369 344 622 385 Leunclavius.
676 345 816 383 Gom.

231 410 233 412 ·
256 414 297 456 p,
321 403 403 451 771
432 415 470 445 v,
497 405 550 444 ’ἵν
595 399 758 439 Arabes
774 399 995 451 Romanis]
1033 399 1105 440 hoc
1124 401 1164 440 in
1180 401 1324 440 Graeco
1351 401 1510 442 mutilum
1533 409 1603 446 cst.

144 458 214 500 sed
237 470 283 499 ex
301 457 452 499 Zonara
470 457 658 510 complevi.
713 459 824 496 Xu-

255 513 311 553 ib.
342 528 381 559 v,
413 516 476 558 19.
531 511 715 568 χάλκειον
732 510 884 568 τεῖχος]
913 511 1180 552 mardaitarum
1206 525 1360 563 agmen,
1399 527 1473 565 quo
1505 519 1607 558 velut

143 583 262 612 aeneo
280 584 384 611 muro
405 572 555 611 obiecto
573 572 839 610 Saracenorum
855 570 1073 622 irruptiones
1093 570 1390 621 reprimebantur.
1421 571 1559 613 GOAR.

255 626 311 666 ib.
341 641 380 667 v.
406 631 475 670 21.
531 634 726 678 equestre-s·
753 625 966 677 exercitus]
1011 622 1282 679 καβαλλαρικοῖ
1317 625 1486 680 θέματα.
1555 629 1607 671 sic

141 683 310 724 mondus
331 686 373 722 et
388 681 588 722 Diaconus.
644 683 748 722 X'n„
1211 725 1214 729 ⁴
1335 689 1341 692 “

253 751 295 792 p.
321 741 407 782 772
433 751 473 781 v,
501 742 543 782 3.
598 739 824 790 quandoque
844 737 1093 791 obsequium,
1115 738 1340 789 frequentius
1356 741 1608 790 provinciam

141 797 182 835 et
200 807 348 847 agrnen
362 794 516 835 militum
537 796 651 835 refert
666 809 736 835 vox
756 791 938 847 σ’ψίκιον.
995 795 1190 847 legionem
1204 797 1398 847 significat,
1427 798 1500 845 ubi,
1529 803 1607 839 tum

141 852 244 905 apud
265 855 451 891 auctorem
467 856 546 891 tum
565 851 846 905 Theophanem,
874 848 971 901 τούς
988 854 1063 893 τοῦ
1084 847 1285 903 Ὀψικίου,
1313 848 1470 906 κόμητα
1489 850 1607 907 Ὀψι-

140 907 235 950 κίον
253 912 292 948 et
308 908 437 948 similia
451 908 566 959 leges.
591 908 815 962 provinciam
833 909 955 958 Asiae,
985 909 1197 960 Bithyniam
1218 910 1401 959 nimirum,
1432 911 1607 963 designat

140 965 181 1004 in
198 963 328 1005 Leone
347 964 591 1018 Philosopho:
628 960 798 1018 ἠγάγετο
819 963 864 1006 δὲ
882 960 1010 1018 κόρην
1031 964 1076 1006 ἐκ
1103 967 1177 1006 τοῦ
1199 960 1402 1016 Ὀψικίου.
1461 968 1499 1007 in
1524 970 1605 1008 Ro-

140 1032 252 1061 mano
274 1020 491 1074 lacapeno:
526 1018 772 1075 περιενόστει
802 1018 847 1063 τὰ
872 1017 1072 1074 Ὀψίκιον.
1129 1023 1168 1061 in
1197 1022 1298 1062 Zoe:
1341 1022 1386 1065 ἐν
1413 1028 1499 1073 τοῖς
1530 1027 1608 1068 τοῦ

137 1073 332 1131 Ὀψικίου
350 1073 548 1130 κτήμασιν
563 1073 707 1120 αὐτοῦ.
765 1079 907 1117 GoAn.

251 1132 310 1174 ib.
340 1147 378 1174 v.
401 1134 440 1177 5.
496 1131 751 1189 κλεισούρας]
790 1136 923 1175 Suidas
959 1135 1214 1188 κλεισοῦραιι
1255 1130 1361 1175 οὕτω
1390 1138 1608 1179 καλοῦνται

138 1187 190 1233 n}
217 1186 455 1246 ὀχυρώματα
480 1194 563 1233 τῶν
591 1189 817 1246 διαβάσεων
844 1194 897 1248 τῇ
925 1192 1079 1247 πατρίῳ
1117 1194 1200 1232 τῶν
1231 1189 1435 1244 Ῥωμαίων
1472 1197 1608 1251 φωνῇ.

138 1248 258 1288 clusas
277 1253 414 1288 vocant
430 1249 654 1288 Francorum
674 1249 838 1288 annales.
890 1248 961 1288 loci
981 1261 1131 1300 quoque
1145 1250 1379 1300 praefectura
1395 1252 1609 1305 κλεισοῦρα

138 1309 211 1346 est.
269 1305 531 1345 Constantinus
549 1307 598 1345 de
617 1305 764 1347 Admin.
789 1307 904 1358 1mp.:
943 1306 1012 1347 καὶ
1038 1303 1191 1359 ἐγένετο
1213 1307 1441 1361 κλεισοῦρα.
1497 1321 1606 1361 prae-

136 1362 255 1402 fectus
271 1362 353 1414 ipse
368 1357 706 1415 κλεισουριᾰρχης.
763 1363 900 1401 Gom.

250 1417 306 1455 ib.
338 1431 374 1458 v.
406 1420 472 1461 10.
535 1419 754 1470 Cyprinam
770 1418 947 1458 insulam
955 1446 974 1466 ,
1001 1414 1076 1471 τήν
1098 1416 1320 1471 Κυπρίνων
1335 1421 1478 1472 νῆσον.
1505 1420 1606 1462 haud

137 1474 214 1515 scio
233 1486 283 1514 an
299 1474 476 1529 Cyprum.
530 1476 634 1515 ΧΠ..

249 1529 304 1568 ib.
337 1543 362 1570 v
387 1532 453 1574 17.
510 1528 829 1584 Σεβαστοπόλει]
877 1531 987 1572 Ponti
1021 1530 1250 1585 Cappadocii
1270 1530 1390 1581 urbe,
1445 1533 1494 1573 de
1530 1546 1606 1586 qua

134 1586 373 1629 Ptolemaeus·
391 1588 417 1632 5
447 1591 486 1632 6.
543 1589 681 1629 Gom.

247 1643 304 1682 ib.
336 1657 372 1684 v.
400 1646 471 1688 23.
530 1644 667 1698 conto]
698 1644 962 1698 φλαμουλίου.
1019 1644 1187 1683 Zonaras
1205 1640 1354 1698 δόρατι.
1411 1645 1512 1696 apud
1536 1644 1606 1684 Ni-

136 1704 256 1741 cetam
278 1701 462 1753 significat
483 1703 670 1756 σημαίαν.
728 1702 859 1742 hastile
878 1715 968 1752 ergo
987 1701 1105 1740 vexilli
1126 1702 1218 1748 fuit,
1263 1706 1300 1740 et
1318 1713 1386 1752 pro
1408 1702 1514 1751 signo
1534 1703 1605 1741 mi·

134 1756 231 1797 litari
258 1758 418 1798 foederis
439 1758 563 1799 literas
588 1759 730 1799 Arabes
756 1764 959 1810 gestarunt.
988 1758 1096 1797 xm..
1153 1757 1426 1810 φλαμουλίου]
1458 1759 1496 1796 in
1521 1759 1603 1810 ipso

135 1817 271 1865 conto,
297 1815 398 1854 unde
410 1815 614 1866 flamula,
641 1816 894 1868 praeliantium
914 1815 1076 1866 signum
1096 1814 1174 1854 sive
1198 1813 1391 1853 vexillam
1411 1815 1602 1867 depende-

135 1870 211 1911 bat.
266 1871 316 1911 de
320 1870 506 1922 flamula
522 1873 678 1926 plurima
691 1872 886 1922 Rigaltius.
943 1873 1086 1911 GoAn.

246 1940 289 1980 p.
317 1929 403 1971 773
430 1941 465 1967 v·
493 1929 534 1969 2.
586 1927 843 1980 pharetram]
884 1922 1122 1980 κου’κουρον.
1178 1928 1282 1979 apud
1317 1925 1491 1967 Nicetam
1529 1927 1602 1967 hoc

134 1996 205 2037 pro
228 1980 410 2039 ympvto'g
436 1986 600 2038 positum
629 1990 700 2025 est.
755 1986 843 2024 inde
868 1988 1034 2024 nostrum
1054 1985 1300 2025 Teutonicum
1330 1982 1498 2031 kin-hem
1538 1988 1602 2023 aut

134 2041 260 2094 potius
276 2041 348 2081 hoc
364 2054 388 2081 a
405 2046 534 2081 nostro
554 2043 801 2094 desumptum.
856 2042 959 2079 ΧΠ..

247 2096 302 2135 ib.
335 2111 372 2140 v.
399 2100 438 2141 8.
499 2097 742 2151 sabbatius]
783 2098 918 2137 Sabbis
944 2096 1142 2150 patricius,
1181 2100 1222 2135 et:
1246 2096 1385 2135 Gerasa
1413 2098 1473 2135 est
1499 2094 1600 2148 apud

131 2152 348 2194 Diaconum.
394 2155 499 2195 Xtr..

248 2210 343 2250 ib.v.
354 2212 419 2256 17.
449 2206 722 2263 ἐξουσιαστήν]
742 2211 805 2262 qui
818 2210 914 2248 infra
927 2209 965 2248 in
980 2208 1117 2248 Basilio
1133 2212 1172 2247 et
1184 2207 1429 2246 Constantino
1439 2206 1601 2247 Romani

132 2263 201 2307 FF
218 2267 361 2307 dicetur
373 2263 597 2319 Ἐπείκτηςε
626 2268 689 2319 qui
706 2271 852 2320 praeest
869 2266 1009 2318 operis,
1038 2270 1077 2305 et
1093 2277 1155 2304 eas
1171 2268 1292 2315 urget.
1349 2263 1486 2310 Gom.

183 2357 187 2361 .
247 2322 304 2362 ib.
336 2337 371 2363 v.
400 2326 467 2367 21.
524 2323 642 2376 loris]
672 2319 731 2364 δι’
750 2322 928 2376 ἆβηναΐν.
985 2322 1139 2362 habenis
1163 2326 1269 2373 puto.
1327 2321 1426 2371 apud
1449 2319 1600 2359 Suidam

133 2383 193 2420 est
221 2376 413 2435 μάστιγας
434 2375 540 2439 αὐτῇ
558 2379 602 2422 ἐν
622 2375 791 2433 ὀχήματι
810 2378 866 2428 ὥς
885 2378 929 2419 οἷ
944 2375 1232 2433 γραμματισταὶ
1249 2377 1389 2417 παισὶν
1410 2375 1600 2427 ἐπιθέμε-

131 2451 215 2486 νος.
242 2438 344 2477 xa.
398 2438 576 2483 sciaticis,
615 2437 742 2489 quales
768 2441 852 2475 sunt
879 2448 1055 2488 equorum
1084 2433 1275 2474 habenae.
1337 2433 1519 2472 Meursius
1547 2433 1598 2473 de

130 2492 201 2532 illis
218 2495 328 2534 docte
347 2495 460 2534 verbo
486 2493 625 2547 ἇβὶναι
647 2493 701 2533 vel
722 2491 885 2546 ἇβῆναι.
944 2493 1084 2531 Gon..

243 2550 341 2590 ibid.
401 2549 643 2601 monachus]
674 2546 816 2603 οἷββᾶς.
864 2549 917 2589 sic
935 2552 975 2589 et
991 2561 1103 2601 supra
1121 2549 1170 2588 de
1187 2545 1366 2586 monacho
1382 2543 1445 2596 qui
1460 2542 1595 2583 Maho-

131 2607 239 2645 metis
267 2609 480 2647 Gabrielum
512 2621 579 2646 suo
607 2608 818 2646 testimonio
850 2606 1115 2658 comprobavit.
1174 2609 1214 2644 et
1244 2604 1333 2643 alias
1364 2602 1487 2641 etiam.
1544 2601 1594 2640 de

131 2664 295 2714 generali
313 2664 503 2715 logotheta
522 2677 634 2716 supra
654 2669 779 2702 annot.
803 2666 836 2704 1.
894 2665 1000 2700 ΧΠ..

243 2733 284 2773 p.
310 2720 395 2764 774
421 2735 456 2760 v.
484 2720 525 2762 4.
582 2720 747 2759 Phialam
768 2724 859 2773 puto
878 2721 1000 2759 dicere
1018 2731 1122 2766 eum,
1151 2717 1253 2769 quod
1271 2715 1360 2755 alias
1379 2715 1436 2754 est
1448 2711 1595 2766 amphi-

131 2776 334 2825 theatrum,
362 2778 400 2816 in
421 2790 495 2829 quo
515 2778 648 2816 sedens
676 2777 831 2829 populus
858 2777 963 2816 ludos
982 2780 1176 2828 spectaret.
1233 2773 1368 2811 Suidas
1388 2780 1465 2809 non
1490 2770 1594 2809 vide-

130 2838 192 2873 tur
214 2834 388 2874 abludere
412 2835 449 2873 in
478 2829 706 2886 ἀμφίθετος
725 2829 865 2887 φιάλη.
921 2834 1074 2874 Diacon.
1102 2834 1126 2871 Ι.
1156 2833 1209 2875 19
1239 2831 1291 2869 ait
1318 2828 1476 2882 phialam
1505 2827 1593 2867 ideo

185 2894 319 2943 θεον-34
348 2895 523 2931 Gedreuus
550 2900 631 2931 tom.
661 2895 709 2930 11.
1260 2886 1313 2929 52
