1890 3236
279 187 378 237 420
754 183 992 230 GEORGII
1026 184 1269 228 CEDRENI

275 302 425 358 θέρους
463 295 735 354 ἐπιγενομένου
769 294 873 353 ἄρας
901 299 1019 341 παντὶ
1045 301 1104 356 τῷ
1129 300 1293 355 στρατῷ
1319 295 1499 353 ἠπείγετο
1529 298 1632 357 πρὸς
1659 299 1736 356 τὴν
1756 354 1765 358 s

275 365 592 424 βασιλεύουσαν,
624 363 772 420 μεστὸς
790 366 961 408 ἐλπίδων
980 367 1047 408 καὶ
1068 365 1242 420 μονονοὺ
1261 373 1346 416 τοῖς
1362 367 1582 419 βασιλείοις
1598 372 1736 424 καθῆ-

277 442 379 480 σθαι
399 437 542 477 δοκῶν.
609 436 675 476 καὶ
697 432 775 490 γὰρ
799 434 851 488 δὴ
875 436 942 476 καὶ
964 433 1187 491 ἒθράσυνεν
1208 433 1331 476 αὐτὸν
1353 435 1420 476 καὶ
1442 434 1735 494 τολμηρότερον

276 505 402 547 ἐτίθει
432 501 533 559 πρὸς
563 501 610 544 τὸ
641 502 855 558 ἐγχείρημα
886 507 1068 558 μοναχοῦ
1097 502 1203 554 τινὸς
1235 502 1379 560 ἀρετῆς
1409 503 1736 559 ἀντιποιουμένου

266 571 375 627 ,ῧψις
395 568 613 627 νυκτερινή.
682 561 807 612 ἐδόκει
829 570 906 628 γὰρ
927 565 1044 621 οὗτος
1063 573 1158 614 ῗὸεἴν
1180 569 1333 628 ἄνδρας
1352 572 1564 628 πυρίνους,
1598 572 1770 623 οῗτινεςό

277 639 347 683 τὸν
376 638 547 695 Βάρδαν
576 636 769 692 λαβόντες
798 637 1014 695 ἀνάγουσιν
1038 640 1093 690 εἴς
1114 657 1204 682 τινα
1226 637 1488 694 ὑψηλοτάτην
1510 637 1737 698 περιωπήν·
1777 658 1780 661 ·

227 718 258 751 C
282 709 454 762 ἓντυχεῒν
486 707 527 748 (5³
558 708 600 749 ἓν
632 706 737 764 αὐτῇ
765 710 920 762 γυναικὶ
945 707 1204 766 ἀνθρωπίνης
1225 706 1360 762 ὅψεως
1378 708 1642 768 στερροτέρα,
1671 710 1740 751 καὶ

278 776 352 831 τὴν
382 774 561 832 μάστιγα
590 774 700 833 αὐτῷ
732 775 937 818 ἐπιδοῦναι
957 775 1184 831 βασιλικήν.
1251 775 1401 831 ταύτην
1421 775 1495 832 τὴν
1516 775 1694 833 μάστιγα
1713 774 1738 819 ὅ

277 845 352 901 μὲν
368 842 539 901 Βάρὸας
555 843 762 898 σύμβολον
781 845 972 900 ἐλογίζετο
988 846 1217 900 βασιλείας,
1247 839 1297 900 ἦν
1317 845 1362 887 δὲ
1382 842 1504 903 ἅραῆ
1523 845 1626 904 πρὸς
1636 843 1740 888 ‘Pm-

277 914 425 968 μαίους
448 913 547 970 ὀργὴ
571 917 644 955 τοῦ
668 916 785 955 θεοῦ.
990 908 992 910 ’
1747 919 1792 956 10

411 981 521 1039 Ἄρτι
541 981 585 1022 δὲ
604 984 676 1036 τῆς
696 980 834 1038 φήμης
853 983 920 1024 καὶ
937 980 1009 1036 τὴν
1027 982 1219 1035 βασιλίδα
1236 977 1566 1036 καταλαβούσης,
1601 980 1640 1022 οἳ
1657 984 1740 1036 βα-

280 1055 403 1104 σιλεῖς
423 1067 465 1093 τε
486 1051 528 1092 ἓν
550 1048 699 1109 ἀγωνία
723 1051 994 1102 καθίσταντο,
1029 1051 1096 1092 καὶ
1120 1050 1281 1104 ἀθυμία
1302 1050 1468 1104 κατέσχε
1489 1049 1536 1092 τὸ
1560 1050 1740 1104 νουνεχὲς

279 1124 355 1163 τοῦ
373 1116 662 1172 πολιτεύματος
680 1119 747 1160 καὶ
767 1118 975 1176 ἀκέραιον,
1009 1116 1158 1171 μόνους
1175 1118 1218 1160 δὲ
1234 1115 1417 1174 ηὔφρανε
1434 1117 1530 1167 τοὺς
1546 1115 1635 1160 ὅσοι
1651 1123 1741 1168 ταῖς

281 1189 516 1243 ἐναλλαγαῖς
538 1185 703 1241 ἥδονται
722 1191 803 1230 τῶν
825 1184 1073 1243 πραγμάτων
1093 1188 1160 1229 καὶ
1176 1188 1368 1244 χαίρουσι
1390 1193 1479 1237 ταῖς
1499 1187 1741 1240 λεηλασίαις.

280 1254 384 1310 ταχύ
405 1273 447 1298 τε
466 1249 537 1298 οὖν
553 1253 774 1310 γράμματα
795 1255 896 1311 πρὸς
914 1255 983 1298 τὸν
1001 1254 1355 1311 στρατοπεδάρχην
1372 1238 1547 1310 ἐγεῆοντο
1564 1255 1737 1311 Πέτρον,
1751 1260 1793 1296 15

283 1326 350 1367 καὶ
369 1323 470 1379 ταχὺ
492 1323 537 1365 τὸ
557 1321 736 1379 ὗγιαῖνον
754 1328 828 1365 τοῦ
845 1328 1019 1381 στρατοῦ
1034 1325 1155 1380 μέρος
1170 1324 1381 1379 ἠθροίζετο
1401 1324 1457 1374 εἷς
1476 1321 1741 1378 Καισάρειαν.

231 1399 264 1435 D
288 1395 330 1435 ἐν
350 1391 432 1450 ὅσῳ
451 1392 494 1434 δὲ
511 1397 638 1434 ταῦτα
656 1390 868 1449 ἐπράττετο
879 1424 892 1444 ,
929 1391 950 1435 ὅ
973 1390 1187 1448 σύγκελλος
1209 1392 1416 1450 Στέφανος
1435 1393 1504 1434 καὶ
1523 1395 1596 1446 τῆς
1613 1394 1742 1434 Νικο-

282 1462 451 1516 μηὸείας
482 1458 702 1517 πρόεδρος,
738 1460 839 1516 ἀνὴρ
869 1459 1076 1517 ἐλλόγιμος
1097 1462 1164 1503 καὶ
1185 1461 1246 1502 ε’πὶ
1267 1461 1393 1520 σοφίᾳ
1412 1460 1482 1502 καὶ
1502 1459 1626 1517 ἀρετῇ
1650 1461 1743 1502 δια-

284 1526 432 1584 βόητος
452 1530 518 1570 καὶ
539 1532 681 1570 πειθοῖ
692 1526 872 1582 μαλάξαι
894 1530 1027 1579 ἱκανὸς
1043 1527 1204 1585 γνώμην
1219 1528 1398 1585 σκληρὰν
1416 1529 1483 1570 καὶ
1502 1527 1742 1580 ἆτίθασσον,

283 1597 462 1655 πρέσβυς
480 1598 534 1646 εἷς
547 1595 617 1638 τὸν
633 1596 816 1653 Σκληρὸν
834 1597 1137 1649 ἀποστέλλεται,
1167 1597 1207 1639 εἶ’
1216 1613 1301 1647 πως
1320 1598 1479 1654 δυνηθῇ
1497 1602 1631 1639 πεῖσαι
1646 1600 1797 1639 τοῦ-20

285 1682 355 1708 τον
380 1665 616 1708 ἀποθέσθαι
644 1664 696 1708 τὰ
725 1664 844 1708 ὅπλα.
913 1665 1007 1708 ἀλλ’
1030 1660 1146 1716 οὗτος
1166 1665 1267 1721 πρὸς
1285 1663 1329 1708 ἓν
1348 1664 1448 1720 ἔχων
1467 1664 1542 1720 τὴν
1561 1662 1744 1708 διάνοιαν

285 1733 501 1788 τεταμένην
510 1764 524 1785 ,
558 1733 632 1789 τὴν
666 1737 738 1789 τῆς
767 1735 975 1788 βασιλείας
1006 1732 1135 1792 ὄρεξιν
1144 1765 1159 1786 ,
1192 1732 1367 1778 ἐλθόντα
1395 1733 1498 1793 πρὸς
1523 1732 1648 1776 αὐτὸν
1675 1735 1745 1776 καὶ

378 1863 403 1898 6
438 1858 590 1907 ἄγουσιν
628 1863 659 1897 C
842 1865 863 1899 8
901 1861 1089 1909 βασιλικόν
1123 1864 1155 1898 C
1333 1864 1357 1898 9
1392 1863 1461 1908 τῆς
1497 1862 1683 1910 βασιλείας
1710 1863 1742 1899 C

380 1910 425 1945 12
444 1911 587 1953 κατεῖχε
609 1909 640 1943 C
779 1909 823 1945 13
845 1909 912 1954 τῆς
934 1910 1120 1951 πολιτείας
1141 1910 1172 1945 C
1308 1906 1493 1955 ηὔφραινε
1516 1910 1548 1946 C

287 2020 443 2055 omnibus
478 2019 550 2055 suis
581 2022 692 2068 copiis
714 2034 836 2058 versus
859 2023 986 2070 Cpolin
1007 2024 1077 2059 iter
1098 2022 1274 2069 instituit,
1308 2022 1430 2069 plenus
1452 2022 1531 2079 spei
1552 2026 1590 2059 et
1609 2026 1743 2059 tantum

287 2078 357 2100 non
379 2066 416 2101 in
438 2066 526 2101 solio
548 2068 768 2113 imperatoris
791 2070 915 2104 sedere
938 2082 978 2104 se
1000 2070 1214 2105 existimans.
1260 2069 1387 2104 etenim
1421 2080 1567 2105 animum
1597 2068 1648 2104 illi
1679 2070 1744 2104 ad-

288 2113 396 2146 debat
416 2113 530 2157 adque
551 2119 682 2149 tantam
705 2127 778 2149 rem
801 2115 1005 2150 moliendam
1024 2116 1241 2151 audaciorem
1258 2115 1428 2151 reddebat
1445 2115 1606 2150 monachi
1625 2114 1744 2150 cuius-

288 2158 365 2192 dam
388 2157 482 2192 vitae
505 2161 636 2204 probae
658 2161 875 2197 insomnium.
922 2161 953 2196 is
986 2174 1050 2208 per
1081 2162 1234 2208 quietem
1264 2161 1360 2196 visus
1391 2161 1459 2196 sibi
1485 2162 1600 2196 fuerat
1620 2160 1744 2196 videre

287 2204 385 2238 viros
415 2203 554 2248 igneos,
590 2206 650 2251 qui
680 2207 828 2242 Bardam
861 2213 1034 2252 arreptum
1064 2208 1102 2242 in
1130 2207 1308 2243 sublimem
1340 2207 1510 2252 quandam
1531 2207 1745 2242 adducerent

288 2248 480 2294 speculam:
502 2251 552 2285 ibi
573 2263 650 2286 eum
672 2252 860 2287 convenire
882 2254 1056 2288 mulierem
1077 2254 1246 2299 quandam
1269 2253 1417 2287 humana
1438 2252 1557 2299 specie
1579 2252 1744 2298 grandio-

289 2306 381 2338 rem,
417 2306 507 2340 quae
538 2296 570 2330 ei
603 2298 861 2343 imperatorium
890 2301 1076 2344 praeberet
1107 2299 1293 2345 flagellum.
1338 2298 1377 2334 id
1408 2298 1579 2344 flagellum
1607 2298 1747 2344 imperii

289 2340 425 2420 εἰςηιέῐιι
458 2340 592 2377 Bal-das
622 2344 941 2390 interpretabatur:
970 2347 1033 2382 sed
1064 2346 1223 2382 nimirum
1253 2356 1296 2381 eo
1326 2343 1383 2381 ira
1411 2345 1469 2381 dei
1502 2344 1540 2379 in
1569 2344 1747 2380 Romanos

288 2391 371 2420 nota
398 2391 490 2422 atur.

379 2430 512 2467 Allatus
536 2437 648 2468 autem
670 2434 772 2471 huius
793 2436 847 2470 rei
869 2436 996 2482 Cpolin
1019 2437 1161 2472 nuntius
1183 2447 1259 2471 cum
1282 2435 1512 2482 imperatores
1530 2434 1568 2470 in
1589 2446 1746 2480 magnam

289 2476 439 2511 coniecit
471 2479 742 2526 solicitudinem,
776 2486 848 2517 tum
880 2483 1044 2528 optimum
1074 2490 1179 2529 atque
1202 2481 1476 2517 cordatissimum
1500 2491 1671 2526 quemque
1693 2480 1746 2515 ci·-

290 2521 383 2556 vium
407 2524 507 2567 gravi
530 2526 649 2560 affecit
671 2538 847 2562 maerore:
870 2528 915 2563 iis
938 2529 1022 2564 solis
1044 2528 1219 2575 voluptati
1239 2527 1308 2563 fuit
1330 2527 1391 2573 qui
1415 2526 1664 2562 mutationibus
1686 2537 1746 2565 re-

289 2577 364 2601 rum
387 2569 539 2612 gaudent
564 2575 600 2605 et
620 2577 720 2617 rapto
744 2572 867 2609 vivere
889 2579 1016 2609 amant.
1061 2575 1154 2609 illico
1178 2574 1222 2609 ad
1245 2573 1386 2609 Petrum
1409 2572 1622 2608 exercituum
1640 2583 1746 2618 prae-

289 2612 419 2648 fectum
444 2613 566 2649 literae
590 2617 791 2661 mittuntur3
821 2624 858 2654 et
880 2621 1071 2666 exercitus,
1099 2619 1268 2666 quidquid
1291 2619 1404 2656 adhuc
1425 2619 1464 2653 in
1488 2618 1560 2654 fide
1581 2628 1744 2664 perman-

290 2662 405 2702 serat,
451 2659 659 2697 Caesaream
697 2664 846 2709 cogitur.
893 2666 1032 2701 interim
1073 2667 1271 2712 Stephanus
1311 2665 1485 2711 syncellus
1518 2663 1747 2699 Nicomediae

291 2703 448 2747 praesul,
483 2705 540 2740 vir
573 2708 745 2753 sapientia
777 2714 883 2756 atque
912 2712 1044 2747 virtute
1074 2712 1268 2759 praestanti
1289 2715 1326 2746 et
1348 2711 1468 2746 verbis
1491 2709 1643 2745 emollire
1665 2708 1743 2744 ani-

290 2758 380 2782 mum
403 2749 524 2785 durum
548 2757 653 2798 atque
674 2755 878 2791 indomitum
899 2769 1048 2803 gnarus,
1076 2759 1120 2793 ad
1140 2758 1287 2793 Bardam
1309 2757 1468 2803 legatur,
1500 2758 1686 2790 conaturus
1707 2752 1743 2788 ei

289 2795 500 2847 persuadere
524 2802 564 2832 ut
585 2800 628 2832 ab
653 2801 756 2835 armis
781 2802 952 2839 discedat.
996 2809 1034 2839 at
1059 2805 1149 2848 enim
1170 2804 1287 2838 Durus
1317 2803 1441 2842 unicae
1471 2800 1610 2847 imperii
1642 2799 1742 2844 cupi-

289 2838 393 2875 d1tati
423 2840 568 2878 animum
591 2843 795 2893 intendens,
828 2859 905 2886 eum
928 2850 973 2887 ad
995 2862 1035 2886 se
1057 2850 1253 2898 profectum
1275 2853 1312 2886 et
1331 2849 1439 2886 multa
1460 2847 1505 2883 ad
1526 2845 1742 2894 persuaden-
