1916 3210
301 145 400 194 648
697 144 920 190 IOANNIS
947 145 1337 191 CUROPALATAE

299 256 614 315 μεταμεμέληται
635 256 704 316 ἐφ’
727 255 788 309 οἷς
805 255 962 316 ἔπραξε,
980 257 1151 311 βασιλέα
1169 258 1453 316 προχειρίζεται
1471 258 1519 304 οὗ
1533 259 1604 305 τὸν
1619 256 1742 318 ὁμαί-

299 345 405 382 μονα
426 326 551 370 αὐτοῦ
574 324 773 381 Ἰωάννην,
812 326 859 369 οὗ
885 325 954 368 τὸν
985 326 1226 384 ἀδελφιδοῦν
1252 325 1398 371 ἑαυτοῦ
1428 326 1641 387 Θεόδωρον
1670 329 1742 374 τὸν

299 391 532 446 Λοκειανόν,
567 393 640 436 οὗκ
668 393 799 452 ἄνδρα
825 392 1069 450 προσζεύξας
1095 399 1144 451 τῇ
1170 395 1364 451 θυγατρί,
1397 393 1486 439 οὔτ’
1508 394 1632 440 ἄλλον
1650 396 1740 442 τινὰ

300 468 381 505 τῶν
400 460 503 504 καθ’
532 459 635 515 αἷμα
655 461 910 519 ᾠκειωμένων
928 461 1039 520 αὐτῷ
1047 493 1062 514 ,
1095 461 1199 505 ἀλλὰ
1218 462 1289 505 τὸν
1306 459 1501 521 πρόεδρον
1522 465 1742 510 Kamm-

249 541 280 576 c
301 537 421 582 τῖνον,
464 522 498 587 ᾧ
523 529 689 580 Δοῦκας
713 530 759 575 τὸ
792 529 1096 587 πατρωνυμικὸν
1124 529 1318 573 ἀνέκαθεν
1343 525 1407 586 ἦν,
1449 529 1505 582 ὥς
1526 532 1774 591 συνίστοραὸ

301 600 369 640 καὶ
389 597 685 652 συναγωνιστὴν
710 599 779 640 καὶ
805 602 884 641 τῶν
909 595 1130 654 χρημάτων
1154 598 1347 655 ποριστὴν
1374 597 1668 657 ἀφθονώτατον
1687 602 1746 652 εἰς
1795 645 1798 648 Δ

300 666 373 720 τὴν
399 669 471 719 τῆς
495 666 701 719 βασιλείας
732 664 985 720 κατάσχεσιν.
1053 663 1074 709 ὃ
1101 666 1150 709 δὲ
1179 665 1390 722 Κομνηνὸς
1417 665 1519 724 ῥάκη
1546 667 1746 724 μοναχικὰ

301 731 634 790 περιβαλόμενος,
672 734 739 776 ἐπ’
771 734 901 790 ὀλίγον
925 750 968 777 τε
988 731 1297 791 γνωσιμαχήσας
1320 733 1366 777 εἷ’
1383 751 1468 786 πως
1493 735 1653 792 ἀνεθείη
1673 739 1753 792 τῆς.

303 801 440 853 νόσου,
474 801 627 859 ἐπείπερ
648 800 747 857 ἔγνω
762 802 852 846 κατ’
875 801 1003 859 ἄκρας
1022 800 1149 860 ταύτῃ
1166 800 1301 854 ἁλούς,
1334 800 1392 845 ξ’τι
1409 806 1460 859 τῇ
1477 801 1584 862 νόσῳ
1599 802 1748 861 τρυχό-

301 886 421 924 μενος
437 869 511 924 τὴν
530 874 603 913 τοῦ
623 871 818 913 Στουὸίου
840 867 1138 924 καταλαμβάνει
1157 868 1297 925 μονήν,
1329 869 1461 913 πολλὰ
1476 872 1543 916 καὶ
1564 876 1638 927 τῆς
1652 871 1802 918 Ani-1⁰

303 935 476 994 γούστης
496 939 763 995 Λῖκατερίνης
783 938 1116 993 συμβαλλομένης
1145 939 1254 996 αὐτῷ
1280 938 1382 995 πρὸς
1402 937 1449 982 τὸ
1479 940 1750 997 προκείμενον,

304 1007 372 1048 καὶ
394 1009 444 1063 τῇ
465 1010 537 1060 τῆς
555 1006 725 1062 ἐπιγείου
747 1008 954 1060 βασιλείας
974 1006 1157 1063 ἀποβολῇ
1173 1007 1247 1061 τὴν
1268 1007 1313 1049 ἐν,
1327 1006 1511 1064 οὐρανοῖς
1528 1005 1752 1051 ἀπόλαυσιν

303 1074 640 1129 ἔπαγγελλομένης
663 1074 773 1133 αὐτῷ
783 1106 796 1127 ,
829 1072 1073 1128 βασιλεύσας
1091 1075 1164 1129 μὲν
1187 1073 1255 1130 ἴτη
1276 1072 1349 1117 δύο
1380 1075 1447 1118 καὶ
1471 1079 1602 1131 μῆνας
1629 1081 1751 1132 τρεῖς,

307 1139 494 1196 ἐπιζήσας
523 1142 568 1185 δέ
596 1140 748 1185 τούτων
781 1139 932 1186 ἐλάττω
960 1146 1019 1200 τῷ
1037 1146 1242 1201 μοναχικῷ
1264 1140 1462 1197 σχήματι,
1490 1147 1624 1187 πᾶσαν
1641 1141 1752 1186 ὕπα-

254 1216 287 1252 D
311 1209 408 1264 κοὴν
435 1209 537 1266 πρὸς
564 1209 634 1252 τὸν
663 1211 704 1253 ἐν
729 1214 780 1268 τῇ
804 1215 908 1268 μονῇ
926 1208 1216 1265 ἡγεμονεύοντα
1237 1208 1573 1265 ἐπιδεικνύμενος,
1607 1207 1664 1262 ὧς
1682 1212 1751 1254 καὶ
1762 1215 1806 1253 15

303 1276 495 1335 θυρωρὸς
511 1277 699 1334 γενέσθαι
717 1280 784 1320 καὶ
798 1285 887 1329 ταῖς
904 1277 1044 1329 ἄλλαις
1060 1276 1307 1336 ὑπηρετῆσαι
1325 1279 1545 1329 διακονίαις
1561 1277 1632 1323 διὰ
1648 1282 1754 1322 πολ·

305 1345 380 1400 λὴν
396 1345 601 1389 ἐπιείκειαν
621 1348 689 1389 καὶ
708 1345 1052 1404 μετριοφροσύνην
1074 1346 1403 1401 καταδεξάμενος.
1468 1345 1772 1404 σωφρονέστατα»

306 1429 376 1464 τος
398 1414 440 1456 δὲ
461 1412 622 1469 εἰσάγαν
641 1415 827 1470 γενέσθαι
843 1416 1010 1470 λέγεται.
1077 1412 1414 1472 στρατοπεδάρχῳ
1434 1413 1511 1472 γᾶρ
1536 1413 1621 1458 ὅντι
1642 1415 1753 1474 αὐτῷ

307 1479 429 1524 νόσον
469 1481 668 1537 ἐνσκῆψαι
701 1481 930 1540 νεφριτικήν
965 1498 1102 1540 φασιν,
1147 1481 1248 1526 ὥστε
1281 1481 1506 1538 ἀπογνῶναι
1532 1481 1657 1538 αὐτῆς
1681 1487 1756 1538 ’τῆς

307 1550 412 1603 ζωῆς
443 1548 508 1591 διὰ
538 1550 586 1592 τὸ
617 1550 780 1607 παρέσει
803 1554 990 1592 παντελεῖ
1003 1552 1070 1592 καὶ
1089 1550 1274 1609 ἀκινησίᾳ
1295 1553 1607 1604 κατασχεθῆναι.
1672 1555 1809 1594 τῶνΞΟ

309 1617 355 1658 δὲ
373 1619 535 1674 ιάτρῶν,
567 1617 669 1671 μετὰ
695 1618 741 1661 τὸ
768 1623 852 1668 τοῖς
878 1616 1017 1668 ἄλλοις
1043 1616 1169 1661 ἅπασι
1198 1616 1437 1675 χρήσασθαι
1459 1618 1528 1660 καὶ
1550 1615 1756 1673 ἀνηνύτοις

310 1685 551 1739 ἐλεγχθῆναι
572 1686 791 1742 ἐπιχειρεῖν,
819 1682 1173 1739 συμβουλευόντων
1190 1689 1354 1741 μιγῆναι
1373 1686 1527 1741 γυναικὶ
1544 1685 1665 1736 αὐτὸς
1681 1685 1757 1741 οὔχ

309 1750 549 1807 ὖπήκουσεν.
616 1751 803 1797 εἰπόντων
826 1753 892 1807 δέ,
927 1754 961 1797 εἲ
979 1753 1038 1808 μὴ
1060 1751 1173 1797 τοῦτ’
1199 1751 1490 1811 ἐπιχειρήσειεν,
1522 1753 1565 1806 ἐξ
1585 1751 1758 1811 ἀνάγκης

307 1881 418 1926 magis
441 1880 594 1916 ostendit
614 1880 710 1916 illum
732 1891 818 1915 vere
839 1885 984 1927 totoque
1007 1892 1050 1916 ex
1073 1880 1185 1916 animo
1206 1881 1422 1927 poenituisse
1443 1893 1560 1918 eorum
1582 1893 1674 1928 quae
1690 1894 1756 1929 pa-

309 1932 433 1971 trarat,
458 1927 701 1973 imperatorem
723 1926 854 1971 delegit
875 1939 944 1962 non
966 1927 1130 1963 Ioannem
1152 1927 1219 1962 sibi
1243 1928 1412 1972 sanguine
1435 1928 1664 1974 coniunctum,
1687 1940 1757 1963 non

309 1977 471 2016 nepotem
495 1985 539 2007 ex
559 1983 679 2007 sorore
702 1972 924 2007 Theodorum
945 1972 1175 2017 Doceianum,
1206 1984 1274 2007 non
1306 1973 1401 2008 filiae
1433 1975 1610 2019 maritum,
1643 1985 1758 2020 neque

309 2018 413 2053 alium
436 2018 583 2064 aliquem
606 2017 674 2052 sibi
697 2018 996 2063 consanguinitate
1017 2017 1220 2064 proximum,
1253 2018 1316 2053 sed
1338 2019 1532 2065 praesidem
1553 2019 1759 2054 Constanti-

309 2075 402 2108 num,
425 2064 482 2098 oui
503 2064 572 2098 iam
594 2063 676 2098 inde
698 2074 721 2098 a
742 2063 815 2098 suis
838 2064 1024 2099 maioribus
1046 2064 1161 2099 Ducas
1183 2075 1372 2108 cognomen
1395 2070 1482 2108 erat,
1508 2069 1670 2110 tanquam
1692 2076 1758 2110 pe-

309 2109 413 2144 ritum
439 2115 475 2145 et
495 2109 668 2144 conscium
691 2114 727 2143 et
752 2109 957 2153 adiutorem,
980 2109 1109 2154 quique
1133 2110 1261 2155 optime
1279 2114 1399 2144 nosset
1415 2110 1568 2145 rationes
1582 2111 1760 2157 parandae

311 2155 476 2199 copiosae
498 2155 668 2201 pecuniae
689 2154 734 2189 ad
755 2154 895 2200 imperii
916 2155 1226 2190 conservationem.
1274 2155 1470 2190 Comnenus
1500 2161 1613 2191 autem
1639 2166 1760 2191 monae·

312 2201 419 2235 sticas
462 2205 581 2235 vestes
619 2200 778 2244 indutus,
823 2211 899 2235 cum
928 2211 1113 2247 parumper
1146 2206 1384 2246 exspectasset
1419 2200 1451 2235 si
1482 2211 1551 2247 qua
1579 2201 1715 2236 ratione
1738 2212 1761 2236 a

311 2247 429 2281 morbo
452 2246 678 2291 liberaretur,
711 2245 773 2281 ubi
802 2246 900 2280 novit
930 2257 971 2280 se
1001 2245 1186 2281 insanabili
1215 2248 1333 2282 morbo
1357 2251 1514 2292 captum
1547 2246 1660 2282 adhue
1679 2247 1760 2292 ipso

312 2296 458 2326 vexatus
480 2292 596 2326 studii
619 2292 863 2326 monasterium
884 2291 1092 2337 ingreditur,
1113 2291 1252 2326 multum
1275 2291 1482 2327 Aecaterina
1505 2291 1663 2337 Augusta.
1685 2291 1763 2327 eius

312 2337 491 2372 consilium
515 2337 723 2382 adiuvante,
757 2342 794 2372 et
816 2348 879 2382 pro
902 2342 1071 2372 terrarum
1092 2336 1230 2383 imperii
1257 2337 1440 2380 amissione
1462 2337 1621 2373 caelestis
1642 2336 1766 2383 gaudii

313 2383 463 2417 fructum
488 2382 558 2428 ipsi
580 2383 814 2428 promittente,
837 2394 912 2417 cum
935 2394 1042 2419 annos
1065 2383 1152 2417 duos
1175 2394 1216 2418 ac
1236 2394 1369 2418 menses
1391 2387 1464 2417 tres
1485 2382 1700 2428 imperasset,
1726 2386 1764 2418 et

314 2429 352 2463 in
375 2429 496 2464 habitu
521 2428 710 2463 monastico
732 2428 915 2483 pauciores
939 2428 994 2462 his
1017 2428 1269 2475 supervixisset
1291 2439 1421 2463 omnem
1445 2434 1626 2473 praestans
1643 2439 1762 2463 mona-

316 2474 414 2508 sterii
437 2474 615 2520 praesecto
639 2474 890 2518 obedientiam,
927 2474 977 2508 ita
1009 2478 1048 2508 ut
1082 2478 1117 2508 et
1146 2474 1274 2508 ianitor
1297 2479 1392 2509 esset
1418 2479 1455 2509 et
1478 2473 1547 2508 alia
1571 2473 1764 2509 ministeria

317 2519 441 2563 obiret,
465 2525 610 2565 propter
634 2519 769 2555 multam
794 2519 898 2554 animi
921 2519 1127 2564 aequitatem
1151 2525 1187 2554 et
1208 2520 1422 2554 modestiam.
1468 2519 1678 2554 castissimus
1697 2529 1763 2553 au-

316 2569 384 2599 tem
407 2565 516 2600 fuisse
539 2565 687 2610 dicitur,
724 2570 760 2600 et
792 2577 898 2610 supra
932 2576 1033 2610 quam
1067 2565 1164 2599 credi
1198 2566 1309 2610 possit
1338 2563 1532 2599 continens.
1577 2575 1654 2599 nam
1686 2575 1762 2598 oum

316 2610 617 2655 stratopedarches
645 2616 757 2656 esset,
790 2609 984 2656 nephritico
1018 2612 1137 2646 morbo
1167 2614 1334 2645 tentatum
1356 2610 1477 2645 dicunt
1505 2609 1556 2644 ita
1587 2614 1626 2644 ut
1654 2608 1762 2644 vitam

319 2656 533 2701 desperaret,
557 2668 598 2691 eo
621 2657 714 2700 quod
735 2656 844 2691 totius
867 2655 1023 2701 corporis
1044 2656 1209 2700 languore
1224 2661 1260 2690 et
1275 2666 1457 2690 nervorum
1471 2655 1683 2690 resolutione
1698 2654 1763 2689 de·

320 2700 503 2736 tineretur.
550 2702 690 2736 medicis
715 2707 838 2746 autem,
861 2708 1042 2746 postquam
1065 2701 1140 2736 aliis
1167 2701 1323 2746 omnibus
1348 2700 1513 2736 adhibitis
1534 2699 1697 2736 remediis
1720 2709 1764 2734 ea
1828 2738 1831 2739 ⁷

321 2757 411 2790 quae
433 2746 569 2781 omnino
592 2747 669 2782 fieri
692 2759 760 2782 non
782 2751 925 2793 possent
946 2752 1082 2782 tentare
1105 2759 1143 2781 se
1167 2751 1422 2791 cognoverunt,
1454 2751 1493 2780 ut
1521 2757 1597 2780 eum
1620 2744 1763 2780 mulier·

321 2792 468 2835 quadam
490 2792 603 2827 coiret
624 2792 847 2829 suadentibus
860 2819 871 2838 ‚
904 2792 1014 2828 noluit
1044 2793 1295 2838 obtemperare.
1342 2802 1486 2838 cumque
1507 2790 1678 2827 dixissent
1696 2788 1762 2834 illi,

1904 0 1916 59 «ΔΓΕ
