<?xml version="1.0" encoding="UTF-8"?>
<!DOCTYPE html PUBLIC "-//W3C//DTD XHTML 1.0 Transitional//EN"
    "http://www.w3.org/TR/xhtml1/DTD/xhtml1-transitional.dtd">
<html xmlns="http://www.w3.org/1999/xhtml" xml:lang="en" lang="en">
 <head>
  <title>
</title>
<meta http-equiv="Content-Type" content="text/html;charset=utf-8" />
  <meta name='ocr-system' content='tesseract 3.04.00' />
  <meta name='ocr-capabilities' content='ocr_page ocr_carea ocr_par ocr_line ocrx_word'/>
</head>
<body>
  <div class='ocr_page' id='page_1' title='image "./corpusscriptorum14niebuoft/corpusscriptorum14niebuoft_0204.png"; bbox 0 0 1890 3236; ppageno 0'>
   <div class='ocr_carea' id='block_1_1' title="bbox 287 176 1271 228">
    <p class='ocr_par' dir='ltr' id='par_1_1' title="bbox 287 176 1271 228">
     <span class='ocr_line' id='line_1_1' title="bbox 287 176 1271 228; baseline -0.006 0"><span class='ocrx_word' id='word_1_1' title='bbox 287 177 382 228; x_wconf 85' lang='lat'><strong>194</strong></span> <span class='ocrx_word' id='word_1_2' title='bbox 756 177 994 223; x_wconf 85' lang='lat' dir='ltr'>GEORGII</span> <span class='ocrx_word' id='word_1_3' title='bbox 1027 176 1271 223; x_wconf 80' lang='lat' dir='ltr'><strong>GEDRENI</strong></span> 
     </span>
    </p>
   </div>
   <div class='ocr_carea' id='block_1_2' title="bbox 241 284 1810 1306">
    <p class='ocr_par' dir='ltr' id='par_1_2' title="bbox 285 284 1740 486">
     <span class='ocr_line' id='line_1_2' title="bbox 285 284 1739 352; baseline -0.001 -14"><span class='ocrx_word' id='word_1_4' title='bbox 285 295 321 338; x_wconf 79' lang='grc' dir='ltr'><strong>εὶ</strong></span> <span class='ocrx_word' id='word_1_5' title='bbox 339 291 465 343; x_wconf 74' lang='grc' dir='ltr'><strong><em>οὕτως</em></strong></span> <span class='ocrx_word' id='word_1_6' title='bbox 485 287 806 346; x_wconf 78' lang='grc' dir='ltr'><strong><em>ἂκαταγιόνιστος</em></strong></span> <span class='ocrx_word' id='word_1_7' title='bbox 824 284 942 341; x_wconf 77' lang='grc' dir='ltr'><strong><em>οὗτος</em></strong></span> <span class='ocrx_word' id='word_1_8' title='bbox 961 289 1002 333; x_wconf 75' lang='grc' dir='ltr'><strong><em>ἓν</em></strong></span> <span class='ocrx_word' id='word_1_9' title='bbox 1021 290 1257 352; x_wconf 67' lang='grc' dir='ltr'><strong><em>Βουλγαρίᾳ</em></strong></span> <span class='ocrx_word' id='word_1_10' title='bbox 1284 288 1568 348; x_wconf 65' lang='grc' dir='ltr'><strong><em>παραγένηται.</em></strong></span> <span class='ocrx_word' id='word_1_11' title='bbox 1633 289 1739 336; x_wconf 70' lang='grc' dir='ltr'><strong><em>ἄπο-</em></strong></span> 
     </span>
     <span class='ocr_line' id='line_1_3' title="bbox 287 357 1740 416; baseline 0 -11"><span class='ocrx_word' id='word_1_12' title='bbox 287 361 503 416; x_wconf 76' lang='grc' dir='ltr'><strong><em>δεξαμένου</em></strong></span> <span class='ocrx_word' id='word_1_13' title='bbox 523 359 568 401; x_wconf 81' lang='grc' dir='ltr'><strong>δὲ</strong></span> <span class='ocrx_word' id='word_1_14' title='bbox 586 357 656 401; x_wconf 85' lang='grc' dir='ltr'><strong><em>τὸν</em></strong></span> <span class='ocrx_word' id='word_1_15' title='bbox 672 357 792 414; x_wconf 83' lang='grc' dir='ltr'><strong><em>λόγον</em></strong></span> <span class='ocrx_word' id='word_1_16' title='bbox 809 362 883 400; x_wconf 79' lang='grc' dir='ltr'><strong><em>τοῦ</em></strong></span> <span class='ocrx_word' id='word_1_17' title='bbox 899 359 1124 416; x_wconf 86' lang='grc' dir='ltr'><strong><em>Καίσαρος,</em></strong></span> <span class='ocrx_word' id='word_1_18' title='bbox 1144 361 1212 402; x_wconf 80' lang='grc' dir='ltr'><strong>καὶ</strong></span> <span class='ocrx_word' id='word_1_19' title='bbox 1227 358 1527 416; x_wconf 81' lang='grc' dir='ltr'><strong><em>προστάξαντος</em></strong></span> <span class='ocrx_word' id='word_1_20' title='bbox 1543 361 1599 411; x_wconf 73' lang='grc' dir='ltr'><strong>εἰς</strong></span> <span class='ocrx_word' id='word_1_21' title='bbox 1614 361 1740 416; x_wconf 73' lang='grc' dir='ltr'><strong><em>μέσον</em></strong></span> 
     </span>
     <span class='ocr_line' id='line_1_4' title="bbox 287 424 1740 486; baseline 0.002 -16"><span class='ocrx_word' id='word_1_22' title='bbox 287 430 462 486; x_wconf 72' lang='grc' dir='ltr'><strong><em>ἄγεσθαι</em></strong></span> <span class='ocrx_word' id='word_1_23' title='bbox 489 426 559 468; x_wconf 85' lang='grc' dir='ltr'><strong><em>τὸν</em></strong></span> <span class='ocrx_word' id='word_1_24' title='bbox 588 426 807 478; x_wconf 74' lang='grc' dir='ltr'><strong><em>νεανίσκον,</em></strong></span> <span class='ocrx_word' id='word_1_25' title='bbox 853 424 874 468; x_wconf 81' lang='grc' dir='ltr'><strong>ὅ</strong></span> <span class='ocrx_word' id='word_1_26' title='bbox 903 428 1111 484; x_wconf 81' lang='grc' dir='ltr'><strong><em>πατρίκιος</em></strong></span> <span class='ocrx_word' id='word_1_27' title='bbox 1131 427 1435 479; x_wconf 81' lang='grc' dir='ltr'><strong><em>Κωνσταντῖνος</em></strong></span> <span class='ocrx_word' id='word_1_28' title='bbox 1457 425 1478 471; x_wconf 83' lang='grc' dir='ltr'><strong><em>ὃ</em></strong></span> <span class='ocrx_word' id='word_1_29' title='bbox 1502 428 1641 482; x_wconf 79' lang='grc' dir='ltr'><strong>Θωμᾶ</strong></span> <span class='ocrx_word' id='word_1_30' title='bbox 1664 433 1740 478; x_wconf 70' lang='grc' dir='ltr'><strong>τοῦ</strong></span> 
     </span>
    </p>

    <p class='ocr_par' dir='ltr' id='par_1_3' title="bbox 241 492 1810 1306">
     <span class='ocr_line' id='line_1_5' title="bbox 241 492 1742 554; baseline -0.001 -14"><span class='ocrx_word' id='word_1_31' title='bbox 241 510 273 545; x_wconf 87' lang='lat' dir='ltr'>c</span> <span class='ocrx_word' id='word_1_32' title='bbox 296 496 515 553; x_wconf 74' lang='grc' dir='ltr'><strong><em>λογοθέτου</em></strong></span> <span class='ocrx_word' id='word_1_33' title='bbox 539 493 695 551; x_wconf 83' lang='grc' dir='ltr'><strong><em>πατήρ,</em></strong></span> <span class='ocrx_word' id='word_1_34' title='bbox 741 492 905 552; x_wconf 81' lang='grc' dir='ltr'><strong><em>σφόδρα</em></strong></span> <span class='ocrx_word' id='word_1_35' title='bbox 927 496 1070 553; x_wconf 78' lang='grc' dir='ltr'><strong><em>φιλίως</em></strong></span> <span class='ocrx_word' id='word_1_36' title='bbox 1091 495 1194 554; x_wconf 80' lang='grc' dir='ltr'><strong><em>πρὸς</em></strong></span> <span class='ocrx_word' id='word_1_37' title='bbox 1215 495 1286 539; x_wconf 86' lang='grc' dir='ltr'><strong><em>τὸν</em></strong></span> <span class='ocrx_word' id='word_1_38' title='bbox 1306 498 1519 539; x_wconf 83' lang='grc' dir='ltr'><strong><em>Βασίλειον</em></strong></span> <span class='ocrx_word' id='word_1_39' title='bbox 1541 497 1742 552; x_wconf 54' lang='grc' dir='ltr'><strong><em>διακείμε-</em></strong></span> 
     </span>
     <span class='ocr_line' id='line_1_6' title="bbox 290 562 1776 623; baseline 0.001 -16"><span class='ocrx_word' id='word_1_40' title='bbox 290 582 358 615; x_wconf 87' lang='grc' dir='ltr'><strong>νος</strong></span> <span class='ocrx_word' id='word_1_41' title='bbox 388 562 457 606; x_wconf 77' lang='grc' dir='ltr'><strong>ἅτε</strong></span> <span class='ocrx_word' id='word_1_42' title='bbox 491 564 558 605; x_wconf 82' lang='grc' dir='ltr'><strong>καὶ</strong></span> <span class='ocrx_word' id='word_1_43' title='bbox 591 562 714 613; x_wconf 78' lang='grc' dir='ltr'><strong><em>αὐτὸς</em></strong></span> <span class='ocrx_word' id='word_1_44' title='bbox 741 564 783 614; x_wconf 73' lang='grc' dir='ltr'><strong>ἐξ</strong></span> <span class='ocrx_word' id='word_1_45' title='bbox 813 563 1029 621; x_wconf 82' lang='grc' dir='ltr'><strong><em>Ἀρμενίων</em></strong></span> <span class='ocrx_word' id='word_1_46' title='bbox 1057 564 1131 620; x_wconf 85' lang='grc' dir='ltr'><strong><em>τὴν</em></strong></span> <span class='ocrx_word' id='word_1_47' title='bbox 1161 567 1235 608; x_wconf 82' lang='grc' dir='ltr'><strong><em>τοῦ</em></strong></span> <span class='ocrx_word' id='word_1_48' title='bbox 1265 564 1402 620; x_wconf 88' lang='grc' dir='ltr'><strong><em>γε’νους</em></strong></span> <span class='ocrx_word' id='word_1_49' title='bbox 1433 565 1559 608; x_wconf 66' lang='grc' dir='ltr'><strong><em>ἕλκων</em></strong></span> <span class='ocrx_word' id='word_1_50' title='bbox 1581 563 1776 623; x_wconf 31' lang='grc' dir='ltr'><strong><em>,Ασειράνῤ</em></strong></span> 
     </span>
     <span class='ocr_line' id='line_1_7' title="bbox 289 626 1746 691; baseline 0.001 -16"><span class='ocrx_word' id='word_1_51' title='bbox 289 631 498 690; x_wconf 82' lang='grc' dir='ltr'><strong><em>κάθυγρον</em></strong></span> <span class='ocrx_word' id='word_1_52' title='bbox 521 631 619 674; x_wconf 78' lang='grc' dir='ltr'><strong><em>ἰδὼν</em></strong></span> <span class='ocrx_word' id='word_1_53' title='bbox 639 631 709 674; x_wconf 81' lang='grc' dir='ltr'><strong><em>τὸν</em></strong></span> <span class='ocrx_word' id='word_1_54' title='bbox 730 629 854 674; x_wconf 86' lang='grc' dir='ltr'><strong><em>τόπον</em></strong></span> <span class='ocrx_word' id='word_1_55' title='bbox 878 633 920 674; x_wconf 77' lang='grc' dir='ltr'><strong><em>ἓν</em></strong></span> <span class='ocrx_word' id='word_1_56' title='bbox 945 626 1054 691; x_wconf 78' lang='grc' dir='ltr'><strong><em>ᾧπερ</em></strong></span> <span class='ocrx_word' id='word_1_57' title='bbox 1073 631 1238 688; x_wconf 60' lang='grc' dir='ltr'><strong><em>ἔμελλον</em></strong></span> <span class='ocrx_word' id='word_1_58' title='bbox 1263 632 1302 675; x_wconf 80' lang='grc' dir='ltr'><strong><em>οἶ</em></strong></span> <span class='ocrx_word' id='word_1_59' title='bbox 1319 635 1538 676; x_wconf 84' lang='grc' dir='ltr'><strong><em>παλαισταὶ</em></strong></span> <span class='ocrx_word' id='word_1_60' title='bbox 1554 637 1746 688; x_wconf 79' lang='grc' dir='ltr'><strong><em>συμπλα-</em></strong></span> 
     </span>
     <span class='ocr_line' id='line_1_8' title="bbox 290 692 1772 760; baseline -0.001 -15"><span class='ocrx_word' id='word_1_61' title='bbox 290 705 428 757; x_wconf 84' lang='grc' dir='ltr'><strong><em>κῆναι,</em></strong></span> <span class='ocrx_word' id='word_1_62' title='bbox 463 700 530 742; x_wconf 82' lang='grc' dir='ltr'><strong>καὶ</strong></span> <span class='ocrx_word' id='word_1_63' title='bbox 553 700 689 751; x_wconf 78' lang='grc' dir='ltr'><strong><em>δείσας</em></strong></span> <span class='ocrx_word' id='word_1_64' title='bbox 708 700 780 742; x_wconf 80' lang='grc' dir='ltr'><strong><em>τὸν</em></strong></span> <span class='ocrx_word' id='word_1_65' title='bbox 802 701 846 743; x_wconf 74' lang='grc' dir='ltr'><strong><em>ἐκ</em></strong></span> <span class='ocrx_word' id='word_1_66' title='bbox 868 705 940 756; x_wconf 84' lang='grc' dir='ltr'><strong><em>τῆς</em></strong></span> <span class='ocrx_word' id='word_1_67' title='bbox 964 699 1184 758; x_wconf 68' lang='grc' dir='ltr'><strong><em>ὑγρότητος</em></strong></span> <span class='ocrx_word' id='word_1_68' title='bbox 1211 700 1394 753; x_wconf 74' lang='grc' dir='ltr'><strong><em>ὄλισθον,</em></strong></span> <span class='ocrx_word' id='word_1_69' title='bbox 1429 699 1538 744; x_wconf 85' lang='grc' dir='ltr'><strong><em>κόνιν</em></strong></span> <span class='ocrx_word' id='word_1_70' title='bbox 1565 703 1632 745; x_wconf 76' lang='grc' dir='ltr'><strong>καὶ</strong></span> <span class='ocrx_word' id='word_1_71' title='bbox 1651 701 1746 760; x_wconf 81' lang='grc' dir='ltr'><strong><em>πρί-</em></strong></span> <span class='ocrx_word' id='word_1_72' title='bbox 1769 692 1772 696; x_wconf 12' lang='lat' dir='ltr'><strong>l</strong></span> 
     </span>
     <span class='ocr_line' id='line_1_9' title="bbox 290 763 1750 829; baseline 0 -17"><span class='ocrx_word' id='word_1_73' title='bbox 290 787 377 824; x_wconf 89' lang='grc' dir='ltr'><strong>σμα</strong></span> <span class='ocrx_word' id='word_1_74' title='bbox 398 768 477 811; x_wconf 81' lang='grc' dir='ltr'><strong>ἀπὸ</strong></span> <span class='ocrx_word' id='word_1_75' title='bbox 499 766 628 818; x_wconf 80' lang='grc' dir='ltr'><strong><em>ξύλων</em></strong></span> <span class='ocrx_word' id='word_1_76' title='bbox 651 770 867 825; x_wconf 73' lang='grc' dir='ltr'><strong><em>ἐπιρραίνει</em></strong></span> <span class='ocrx_word' id='word_1_77' title='bbox 888 774 946 829; x_wconf 74' lang='grc' dir='ltr'><strong>τῷ</strong></span> <span class='ocrx_word' id='word_1_78' title='bbox 962 768 1118 828; x_wconf 74' lang='grc' dir='ltr'><strong><em>ἐδάφει.</em></strong></span> <span class='ocrx_word' id='word_1_79' title='bbox 1188 763 1237 813; x_wconf 75' lang='grc' dir='ltr'><strong><em>οὗ</em></strong></span> <span class='ocrx_word' id='word_1_80' title='bbox 1262 770 1472 827; x_wconf 78' lang='grc' dir='ltr'><strong><em>γενομένου</em></strong></span> <span class='ocrx_word' id='word_1_81' title='bbox 1501 772 1750 824; x_wconf 69' lang='grc' dir='ltr'><strong><em>συμπλακεὶς</em></strong></span> 
     </span>
     <span class='ocr_line' id='line_1_10' title="bbox 290 834 1750 896; baseline 0 -14"><span class='ocrx_word' id='word_1_82' title='bbox 290 839 350 896; x_wconf 72' lang='grc' dir='ltr'><strong>τῷ</strong></span> <span class='ocrx_word' id='word_1_83' title='bbox 368 834 595 894; x_wconf 77' lang='grc' dir='ltr'><strong><em>Βουλγάρῳ</em></strong></span> <span class='ocrx_word' id='word_1_84' title='bbox 622 834 643 878; x_wconf 82' lang='grc' dir='ltr'>ὅ</span> <span class='ocrx_word' id='word_1_85' title='bbox 666 838 901 890; x_wconf 87' lang='grc' dir='ltr'><strong><em>Βασίλειος,</em></strong></span> <span class='ocrx_word' id='word_1_86' title='bbox 935 840 1002 881; x_wconf 82' lang='grc' dir='ltr'><strong>καὶ</strong></span> <span class='ocrx_word' id='word_1_87' title='bbox 1031 837 1164 896; x_wconf 79' lang='grc' dir='ltr'><strong><em>ὥσπερ</em></strong></span> <span class='ocrx_word' id='word_1_88' title='bbox 1191 855 1230 881; x_wconf 88' lang='grc' dir='ltr'><strong><em>τι</em></strong></span> <span class='ocrx_word' id='word_1_89' title='bbox 1249 839 1410 881; x_wconf 78' lang='grc' dir='ltr'><strong><em>παιδίον</em></strong></span> <span class='ocrx_word' id='word_1_90' title='bbox 1430 838 1591 895; x_wconf 84' lang='grc' dir='ltr'><strong><em>νεογνὸν</em></strong></span> <span class='ocrx_word' id='word_1_91' title='bbox 1609 838 1750 889; x_wconf 74' lang='grc' dir='ltr'><strong><em>πιέσας</em></strong></span> 
     </span>
     <span class='ocr_line' id='line_1_11' title="bbox 294 902 1805 964; baseline -0.001 -14"><span class='ocrx_word' id='word_1_92' title='bbox 294 908 362 950; x_wconf 86' lang='grc' dir='ltr'><strong>καὶ</strong></span> <span class='ocrx_word' id='word_1_93' title='bbox 382 906 642 963; x_wconf 81' lang='grc' dir='ltr'><strong><em>περισφίγξας</em></strong></span> <span class='ocrx_word' id='word_1_94' title='bbox 664 902 800 957; x_wconf 79' lang='grc' dir='ltr'><strong><em>αὐτόν,</em></strong></span> <span class='ocrx_word' id='word_1_95' title='bbox 835 903 968 963; x_wconf 79' lang='grc' dir='ltr'><strong><em>ὥσπερ</em></strong></span> <span class='ocrx_word' id='word_1_96' title='bbox 989 906 1077 949; x_wconf 81' lang='grc' dir='ltr'><strong><em>τινὰ</em></strong></span> <span class='ocrx_word' id='word_1_97' title='bbox 1101 906 1249 961; x_wconf 80' lang='grc' dir='ltr'><strong><em>δεσμὸν</em></strong></span> <span class='ocrx_word' id='word_1_98' title='bbox 1262 904 1415 964; x_wconf 78' lang='grc' dir='ltr'><strong><em>χόρτου</em></strong></span> <span class='ocrx_word' id='word_1_99' title='bbox 1441 905 1467 962; x_wconf 77' lang='grc' dir='ltr'><em>ἢ</em></span> <span class='ocrx_word' id='word_1_100' title='bbox 1495 905 1618 950; x_wconf 86' lang='grc' dir='ltr'><strong><em>πόκον</em></strong></span> <span class='ocrx_word' id='word_1_101' title='bbox 1639 908 1747 964; x_wconf 75' lang='grc' dir='ltr'><strong><em>ἐρίου</em></strong></span> <span class='ocrx_word' id='word_1_102' title='bbox 1761 912 1805 949; x_wconf 84' lang='grc'><strong>10</strong></span> 
     </span>
     <span class='ocr_line' id='line_1_12' title="bbox 293 972 1752 1034; baseline 0 -17"><span class='ocrx_word' id='word_1_103' title='bbox 293 972 458 1033; x_wconf 80' lang='grc' dir='ltr'><strong><em>κούφως</em></strong></span> <span class='ocrx_word' id='word_1_104' title='bbox 480 972 585 1015; x_wconf 73' lang='grc' dir='ltr'><strong><em>οὕτω</em></strong></span> <span class='ocrx_word' id='word_1_105' title='bbox 607 975 673 1015; x_wconf 82' lang='grc' dir='ltr'><strong>καὶ</strong></span> <span class='ocrx_word' id='word_1_106' title='bbox 691 972 840 1033; x_wconf 67' lang='grc' dir='ltr'><strong><em>ῥᾳδίως</em></strong></span> <span class='ocrx_word' id='word_1_107' title='bbox 856 975 1100 1031; x_wconf 81' lang='grc' dir='ltr'><strong><em>μετεωρίσας</em></strong></span> <span class='ocrx_word' id='word_1_108' title='bbox 1124 973 1258 1018; x_wconf 74' lang='grc' dir='ltr'><strong><em>ἐπάνω</em></strong></span> <span class='ocrx_word' id='word_1_109' title='bbox 1278 979 1351 1030; x_wconf 86' lang='grc' dir='ltr'><strong><em>τῆς</em></strong></span> <span class='ocrx_word' id='word_1_110' title='bbox 1367 976 1565 1032; x_wconf 76' lang='grc' dir='ltr'><strong><em>τραπέζης</em></strong></span> <span class='ocrx_word' id='word_1_111' title='bbox 1583 975 1752 1034; x_wconf 76' lang='grc' dir='ltr'><strong><em>ἀπέρρι-</em></strong></span> 
     </span>
     <span class='ocr_line' id='line_1_13' title="bbox 293 1039 1754 1100; baseline 0.001 -15"><span class='ocrx_word' id='word_1_112' title='bbox 293 1056 365 1098; x_wconf 82' lang='grc' dir='ltr'><strong>ψε.</strong></span> <span class='ocrx_word' id='word_1_113' title='bbox 432 1046 550 1085; x_wconf 77' lang='grc' dir='ltr'><strong><em>τοῦτο</em></strong></span> <span class='ocrx_word' id='word_1_114' title='bbox 572 1039 781 1096; x_wconf 87' lang='grc' dir='ltr'><strong><em>γενόμενον</em></strong></span> <span class='ocrx_word' id='word_1_115' title='bbox 794 1047 930 1100; x_wconf 81' lang='grc' dir='ltr'><strong><em>χαρᾶς</em></strong></span> <span class='ocrx_word' id='word_1_116' title='bbox 947 1044 1020 1097; x_wconf 80' lang='grc' dir='ltr'><strong><em>μὲν</em></strong></span> <span class='ocrx_word' id='word_1_117' title='bbox 1037 1043 1131 1094; x_wconf 77' lang='grc' dir='ltr'><strong><em>τοὺς</em></strong></span> <span class='ocrx_word' id='word_1_118' title='bbox 1143 1041 1367 1098; x_wconf 86' lang='grc' dir='ltr'><strong><em>Ῥωμαίους</em></strong></span> <span class='ocrx_word' id='word_1_119' title='bbox 1384 1042 1576 1099; x_wconf 79' lang='grc' dir='ltr'><strong><em>αἷσχύνης</em></strong></span> <span class='ocrx_word' id='word_1_120' title='bbox 1596 1044 1642 1087; x_wconf 77' lang='grc' dir='ltr'><strong>δὲ</strong></span> <span class='ocrx_word' id='word_1_121' title='bbox 1657 1043 1754 1094; x_wconf 76' lang='grc' dir='ltr'><strong><em>τοὺς</em></strong></span> 
     </span>
     <span class='ocr_line' id='line_1_14' title="bbox 296 1108 1752 1169; baseline 0.001 -16"><span class='ocrx_word' id='word_1_122' title='bbox 296 1108 557 1167; x_wconf 81' lang='grc' dir='ltr'><strong><em>Βουλγάρους</em></strong></span> <span class='ocrx_word' id='word_1_123' title='bbox 578 1109 798 1164; x_wconf 75' lang='grc' dir='ltr'><strong><em>ἐνέπλησεν.</em></strong></span> <span class='ocrx_word' id='word_1_124' title='bbox 868 1110 940 1152; x_wconf 74' lang='grc' dir='ltr'><strong>ἀπ’</strong></span> <span class='ocrx_word' id='word_1_125' title='bbox 975 1111 1121 1167; x_wconf 71' lang='grc' dir='ltr'><strong><em>ἐκείνης</em></strong></span> <span class='ocrx_word' id='word_1_126' title='bbox 1150 1113 1194 1154; x_wconf 77' lang='grc' dir='ltr'><strong>δὲ</strong></span> <span class='ocrx_word' id='word_1_127' title='bbox 1218 1116 1290 1162; x_wconf 56' lang='grc' dir='ltr'><strong><em>τῗς</em></strong></span> <span class='ocrx_word' id='word_1_128' title='bbox 1313 1109 1468 1169; x_wconf 75' lang='grc' dir='ltr'><strong><em>ἡμέρας</em></strong></span> <span class='ocrx_word' id='word_1_129' title='bbox 1496 1113 1560 1154; x_wconf 69' lang='grc' dir='ltr'><strong>ἐπὶ</strong></span> <span class='ocrx_word' id='word_1_130' title='bbox 1585 1111 1704 1155; x_wconf 78' lang='grc' dir='ltr'><strong><em>πλέον</em></strong></span> <span class='ocrx_word' id='word_1_131' title='bbox 1725 1109 1752 1167; x_wconf 83' lang='grc' dir='ltr'><strong><em>ἦ</em></strong></span> 
     </span>
     <span class='ocr_line' id='line_1_15' title="bbox 241 1175 1755 1235; baseline -0.001 -11"><span class='ocrx_word' id='word_1_132' title='bbox 241 1188 275 1224; x_wconf 88' lang='grc' dir='ltr'><strong>Ι)</strong></span> <span class='ocrx_word' id='word_1_133' title='bbox 299 1183 371 1222; x_wconf 76' lang='grc' dir='ltr'><strong><em>τοῦ</em></strong></span> <span class='ocrx_word' id='word_1_134' title='bbox 400 1179 617 1221; x_wconf 83' lang='grc' dir='ltr'><strong><em>Βασιλειόυ</em></strong></span> <span class='ocrx_word' id='word_1_135' title='bbox 647 1175 824 1232; x_wconf 73' lang='grc' dir='ltr'><strong><em>ἡπλοῦτο</em></strong></span> <span class='ocrx_word' id='word_1_136' title='bbox 858 1176 976 1235; x_wconf 83' lang='grc' dir='ltr'><strong><em>φήμη</em></strong></span> <span class='ocrx_word' id='word_1_137' title='bbox 1008 1179 1084 1222; x_wconf 78' lang='grc' dir='ltr'><strong><em>ἀνὰ</em></strong></span> <span class='ocrx_word' id='word_1_138' title='bbox 1111 1179 1184 1235; x_wconf 80' lang='grc' dir='ltr'><strong><em>τὴν</em></strong></span> <span class='ocrx_word' id='word_1_139' title='bbox 1216 1179 1534 1234; x_wconf 76' lang='grc' dir='ltr'><strong><em>βασιλεύουσαν,</em></strong></span> <span class='ocrx_word' id='word_1_140' title='bbox 1575 1182 1644 1224; x_wconf 84' lang='grc' dir='ltr'><strong>καὶ</strong></span> <span class='ocrx_word' id='word_1_141' title='bbox 1669 1186 1755 1231; x_wconf 76' lang='grc' dir='ltr'><strong><em>τοῖς</em></strong></span> 
     </span>
     <span class='ocr_line' id='line_1_16' title="bbox 295 1244 1810 1306; baseline 0 -16"><span class='ocrx_word' id='word_1_142' title='bbox 295 1244 482 1291; x_wconf 75' lang='grc' dir='ltr'><strong><em>ἁπάντων</em></strong></span> <span class='ocrx_word' id='word_1_143' title='bbox 502 1245 707 1304; x_wconf 73' lang='grc' dir='ltr'><strong><em>διεφέρετο</em></strong></span> <span class='ocrx_word' id='word_1_144' title='bbox 726 1244 900 1302; x_wconf 90' lang='grc' dir='ltr'><strong><em>στόμασι</em></strong></span> <span class='ocrx_word' id='word_1_145' title='bbox 922 1249 1182 1306; x_wconf 84' lang='grc' dir='ltr'><strong><em>περίβλεπτος</em></strong></span> <span class='ocrx_word' id='word_1_146' title='bbox 1197 1247 1277 1304; x_wconf 72' lang='grc' dir='ltr'><strong>ἤδη</strong></span> <span class='ocrx_word' id='word_1_147' title='bbox 1298 1247 1572 1304; x_wconf 77' lang='grc' dir='ltr'><strong><em>καθεστηκώς.</em></strong></span> <span class='ocrx_word' id='word_1_148' title='bbox 1766 1253 1810 1291; x_wconf 85' lang='grc'><strong>15</strong></span> 
     </span>
    </p>
   </div>
   <div class='ocr_carea' id='block_1_3' title="bbox 293 1336 1815 1876">
    <p class='ocr_par' dir='ltr' id='par_1_4' title="bbox 293 1336 1815 1876">
     <span class='ocr_line' id='line_1_17' title="bbox 435 1336 1758 1397; baseline 0.003 -18"><span class='ocrx_word' id='word_1_149' title='bbox 435 1336 592 1391; x_wconf 71' lang='grc' dir='ltr'><strong><em>Συνέβη</em></strong></span> <span class='ocrx_word' id='word_1_150' title='bbox 628 1336 672 1379; x_wconf 75' lang='grc' dir='ltr'><strong>δὲ</strong></span> <span class='ocrx_word' id='word_1_151' title='bbox 697 1339 765 1379; x_wconf 80' lang='grc' dir='ltr'><strong>καὶ</strong></span> <span class='ocrx_word' id='word_1_152' title='bbox 793 1337 891 1380; x_wconf 79' lang='grc' dir='ltr'><strong><em>ἄλλο</em></strong></span> <span class='ocrx_word' id='word_1_153' title='bbox 917 1356 958 1382; x_wconf 90' lang='grc' dir='ltr'><strong><em>τι</em></strong></span> <span class='ocrx_word' id='word_1_154' title='bbox 987 1338 1033 1382; x_wconf 84' lang='grc' dir='ltr'><strong>τὸ</strong></span> <span class='ocrx_word' id='word_1_155' title='bbox 1065 1339 1128 1381; x_wconf 73' lang='grc' dir='ltr'><strong>ἐπὶ</strong></span> <span class='ocrx_word' id='word_1_156' title='bbox 1157 1339 1275 1382; x_wconf 67' lang='grc' dir='ltr'><strong><em>πλέον</em></strong></span> <span class='ocrx_word' id='word_1_157' title='bbox 1304 1337 1425 1395; x_wconf 83' lang='grc' dir='ltr'><strong><em>δόξης</em></strong></span> <span class='ocrx_word' id='word_1_158' title='bbox 1453 1339 1602 1397; x_wconf 75' lang='grc' dir='ltr'><strong><em>ἐξᾶραν</em></strong></span> <span class='ocrx_word' id='word_1_159' title='bbox 1620 1336 1758 1383; x_wconf 75' lang='grc' dir='ltr'><strong><em>αὒτόν.</em></strong></span> 
     </span>
     <span class='ocr_line' id='line_1_18' title="bbox 293 1399 1757 1465; baseline 0.001 -17"><span class='ocrx_word' id='word_1_160' title='bbox 293 1406 418 1456; x_wconf 62' lang='grc' dir='ltr'><strong><em>ἰ’ππος</em></strong></span> <span class='ocrx_word' id='word_1_161' title='bbox 438 1399 489 1460; x_wconf 77' lang='grc' dir='ltr'><strong><em>ἦν</em></strong></span> <span class='ocrx_word' id='word_1_162' title='bbox 510 1404 623 1461; x_wconf 77' lang='grc' dir='ltr'><strong><em>παρὰ</em></strong></span> <span class='ocrx_word' id='word_1_163' title='bbox 645 1409 704 1462; x_wconf 77' lang='grc' dir='ltr'><strong>τῷ</strong></span> <span class='ocrx_word' id='word_1_164' title='bbox 728 1409 894 1459; x_wconf 87' lang='grc' dir='ltr'><strong><em>βασιλεῖ</em></strong></span> <span class='ocrx_word' id='word_1_165' title='bbox 916 1407 1093 1462; x_wconf 81' lang='grc' dir='ltr'><strong><em>Μιχαὴλ</em></strong></span> <span class='ocrx_word' id='word_1_166' title='bbox 1122 1406 1379 1465; x_wconf 84' lang='grc' dir='ltr'><strong><em>σκληραύχην</em></strong></span> <span class='ocrx_word' id='word_1_167' title='bbox 1405 1424 1448 1450; x_wconf 90' lang='grc' dir='ltr'><strong>τε</strong></span> <span class='ocrx_word' id='word_1_168' title='bbox 1468 1410 1535 1450; x_wconf 80' lang='grc' dir='ltr'><strong>καὶ</strong></span> <span class='ocrx_word' id='word_1_169' title='bbox 1555 1406 1757 1463; x_wconf 82' lang='grc' dir='ltr'><strong><em>δυσήνιος,</em></strong></span> 
     </span>
     <span class='ocr_line' id='line_1_19' title="bbox 296 1472 1806 1533; baseline 0.001 -17"><span class='ocrx_word' id='word_1_170' title='bbox 296 1473 434 1533; x_wconf 73' lang='grc' dir='ltr'><strong><em>ἡλικίᾳ</em></strong></span> <span class='ocrx_word' id='word_1_171' title='bbox 454 1473 526 1527; x_wconf 77' lang='grc' dir='ltr'><strong><em>μὲν</em></strong></span> <span class='ocrx_word' id='word_1_172' title='bbox 546 1474 612 1515; x_wconf 84' lang='grc' dir='ltr'><strong>καὶ</strong></span> <span class='ocrx_word' id='word_1_173' title='bbox 635 1472 772 1516; x_wconf 85' lang='grc' dir='ltr'><strong><em>κάλλει</em></strong></span> <span class='ocrx_word' id='word_1_174' title='bbox 791 1476 858 1517; x_wconf 86' lang='grc' dir='ltr'><strong>καὶ</strong></span> <span class='ocrx_word' id='word_1_175' title='bbox 879 1472 990 1530; x_wconf 78' lang='grc' dir='ltr'><strong><em>τάχει</em></strong></span> <span class='ocrx_word' id='word_1_176' title='bbox 1010 1477 1076 1518; x_wconf 80' lang='grc' dir='ltr'><strong>καὶ</strong></span> <span class='ocrx_word' id='word_1_177' title='bbox 1099 1473 1314 1532; x_wconf 80' lang='grc' dir='ltr'><strong><em>ὥραιότητι</em></strong></span> <span class='ocrx_word' id='word_1_178' title='bbox 1336 1475 1468 1527; x_wconf 75' lang='grc' dir='ltr'><strong><em>εἴδους</em></strong></span> <span class='ocrx_word' id='word_1_179' title='bbox 1484 1477 1581 1527; x_wconf 84' lang='grc' dir='ltr'><strong><em>τοὺς</em></strong></span> <span class='ocrx_word' id='word_1_180' title='bbox 1598 1474 1759 1519; x_wconf 79' lang='grc' dir='ltr'><strong><em>πώποτε</em></strong></span> <span class='ocrx_word' id='word_1_181' title='bbox 1796 1510 1806 1517; x_wconf 78' lang='lat'><em>.</em></span> 
     </span>
     <span class='ocr_line' id='line_1_20' title="bbox 299 1539 1760 1598; baseline 0.001 -13"><span class='ocrx_word' id='word_1_182' title='bbox 299 1541 636 1597; x_wconf 72' lang='grc' dir='ltr'><strong><em>θαυμαζομένους</em></strong></span> <span class='ocrx_word' id='word_1_183' title='bbox 657 1539 1026 1598; x_wconf 68' lang='grc' dir='ltr'><strong><em>ὑπερβαλλόμενος,</em></strong></span> <span class='ocrx_word' id='word_1_184' title='bbox 1068 1542 1113 1594; x_wconf 80' lang='grc' dir='ltr'><strong><em>ὃς</em></strong></span> <span class='ocrx_word' id='word_1_185' title='bbox 1135 1546 1169 1586; x_wconf 77' lang='grc' dir='ltr'><strong>εἰ</strong></span> <span class='ocrx_word' id='word_1_186' title='bbox 1192 1543 1303 1598; x_wconf 69' lang='grc' dir='ltr'><strong><em>ἔτυχε</em></strong></span> <span class='ocrx_word' id='word_1_187' title='bbox 1325 1546 1466 1595; x_wconf 70' lang='grc' dir='ltr'><strong><em>λυθεὶς</em></strong></span> <span class='ocrx_word' id='word_1_188' title='bbox 1492 1549 1573 1587; x_wconf 83' lang='grc' dir='ltr'><strong><em>τῶν</em></strong></span> <span class='ocrx_word' id='word_1_189' title='bbox 1601 1546 1760 1598; x_wconf 79' lang='grc' dir='ltr'><strong><em>δεσμῶν</em></strong></span> 
     </span>
     <span class='ocr_line' id='line_1_21' title="bbox 300 1605 1815 1669; baseline 0.002 -16"><span class='ocrx_word' id='word_1_190' title='bbox 300 1610 328 1665; x_wconf 72' lang='grc' dir='ltr'>ἢ</span> <span class='ocrx_word' id='word_1_191' title='bbox 351 1610 483 1660; x_wconf 79' lang='grc' dir='ltr'><strong><em>ἄλλως</em></strong></span> <span class='ocrx_word' id='word_1_192' title='bbox 499 1626 585 1660; x_wconf 87' lang='grc' dir='ltr'><strong><em>πως</em></strong></span> <span class='ocrx_word' id='word_1_193' title='bbox 607 1609 796 1667; x_wconf 74' lang='grc' dir='ltr'><strong><em>ἀφεθείς,</em></strong></span> <span class='ocrx_word' id='word_1_194' title='bbox 840 1612 930 1653; x_wconf 88' lang='grc' dir='ltr'><strong><em>λίαν</em></strong></span> <span class='ocrx_word' id='word_1_195' title='bbox 957 1605 1007 1666; x_wconf 74' lang='grc' dir='ltr'><strong><em>ἦν</em></strong></span> <span class='ocrx_word' id='word_1_196' title='bbox 1028 1611 1225 1669; x_wconf 82' lang='grc' dir='ltr'><strong><em>δυσχερὴς</em></strong></span> <span class='ocrx_word' id='word_1_197' title='bbox 1249 1614 1304 1662; x_wconf 83' lang='grc' dir='ltr'><strong>εἵς</strong></span> <span class='ocrx_word' id='word_1_198' title='bbox 1319 1618 1459 1669; x_wconf 81' lang='grc' dir='ltr'><strong><em>χεῖρας</em></strong></span> <span class='ocrx_word' id='word_1_199' title='bbox 1479 1606 1605 1663; x_wconf 75' lang='grc' dir='ltr'><strong><em>αὖθις</em></strong></span> <span class='ocrx_word' id='word_1_200' title='bbox 1625 1613 1815 1656; x_wconf 59' lang='lat' dir='ltr'><strong>{werno</strong></span> 
     </span>
     <span class='ocr_line' id='line_1_22' title="bbox 304 1675 1762 1738; baseline 0 -15"><span class='ocrx_word' id='word_1_201' title='bbox 304 1680 373 1723; x_wconf 83' lang='grc' dir='ltr'><strong>καὶ</strong></span> <span class='ocrx_word' id='word_1_202' title='bbox 392 1677 523 1721; x_wconf 80' lang='grc' dir='ltr'><strong><em>πολλὰ</em></strong></span> <span class='ocrx_word' id='word_1_203' title='bbox 542 1675 762 1734; x_wconf 86' lang='grc' dir='ltr'><strong><em>πράγματα</em></strong></span> <span class='ocrx_word' id='word_1_204' title='bbox 782 1679 885 1735; x_wconf 84' lang='grc' dir='ltr'><strong><em>πρὸς</em></strong></span> <span class='ocrx_word' id='word_1_205' title='bbox 904 1679 950 1723; x_wconf 81' lang='grc' dir='ltr'><strong>τὸ</strong></span> <span class='ocrx_word' id='word_1_206' title='bbox 972 1686 1186 1734; x_wconf 79' lang='grc' dir='ltr'><strong><em>κατασχεῖν</em></strong></span> <span class='ocrx_word' id='word_1_207' title='bbox 1207 1687 1370 1738; x_wconf 81' lang='grc' dir='ltr'><strong><em>παρεῖχε</em></strong></span> <span class='ocrx_word' id='word_1_208' title='bbox 1399 1686 1483 1730; x_wconf 80' lang='grc' dir='ltr'><strong><em>τοῖς</em></strong></span> <span class='ocrx_word' id='word_1_209' title='bbox 1509 1678 1762 1735; x_wconf 75' lang='grc' dir='ltr'><strong><em>ἱπποκόμοις.</em></strong></span> 
     </span>
     <span class='ocr_line' id='line_1_23' title="bbox 301 1745 1763 1806; baseline 0 -15"><span class='ocrx_word' id='word_1_210' title='bbox 301 1750 446 1791; x_wconf 78' lang='grc' dir='ltr'><strong><em>τοῦτον</em></strong></span> <span class='ocrx_word' id='word_1_211' title='bbox 467 1745 762 1801; x_wconf 75' lang='grc' dir='ltr'><strong><em>ε’πικαθήμενος</em></strong></span> <span class='ocrx_word' id='word_1_212' title='bbox 781 1747 850 1790; x_wconf 81' lang='grc' dir='ltr'><strong><em>τὸν</em></strong></span> <span class='ocrx_word' id='word_1_213' title='bbox 863 1750 987 1791; x_wconf 74' lang='grc' dir='ltr'><strong><em>ἵππον</em></strong></span> <span class='ocrx_word' id='word_1_214' title='bbox 1008 1746 1029 1790; x_wconf 83' lang='grc' dir='ltr'><em>ὃ</em></span> <span class='ocrx_word' id='word_1_215' title='bbox 1053 1749 1247 1802; x_wconf 73' lang='grc' dir='ltr'><strong><em>βασιλεὺς</em></strong></span> <span class='ocrx_word' id='word_1_216' title='bbox 1265 1749 1368 1806; x_wconf 84' lang='grc' dir='ltr'><strong><em>πρὸς</em></strong></span> <span class='ocrx_word' id='word_1_217' title='bbox 1385 1747 1522 1805; x_wconf 70' lang='grc' dir='ltr'><strong><em>θήραν</em></strong></span> <span class='ocrx_word' id='word_1_218' title='bbox 1543 1746 1660 1806; x_wconf 72' lang='grc' dir='ltr'><strong><em>ἐξῄει,</em></strong></span> <span class='ocrx_word' id='word_1_219' title='bbox 1693 1749 1763 1791; x_wconf 81' lang='grc' dir='ltr'><strong>καὶ</strong></span> 
     </span>
     <span class='ocr_line' id='line_1_24' title="bbox 304 1813 1763 1876; baseline 0.001 -18"><span class='ocrx_word' id='word_1_220' title='bbox 304 1813 628 1871; x_wconf 78' lang='grc' dir='ltr'><strong><em>κατευστοχήσας</em></strong></span> <span class='ocrx_word' id='word_1_221' title='bbox 655 1819 817 1872; x_wconf 78' lang='grc' dir='ltr'><strong><em>λαγωοῦ</em></strong></span> <span class='ocrx_word' id='word_1_222' title='bbox 845 1820 898 1874; x_wconf 85' lang='grc' dir='ltr'><strong>τῇ</strong></span> <span class='ocrx_word' id='word_1_223' title='bbox 927 1815 1068 1876; x_wconf 80' lang='grc' dir='ltr'><strong><em>ῥάβδῳ</em></strong></span> <span class='ocrx_word' id='word_1_224' title='bbox 1099 1821 1173 1860; x_wconf 83' lang='grc' dir='ltr'><strong><em>τοῦ</em></strong></span> <span class='ocrx_word' id='word_1_225' title='bbox 1197 1819 1324 1860; x_wconf 63' lang='grc' dir='ltr'><strong><em>ἰ’ππου</em></strong></span> <span class='ocrx_word' id='word_1_226' title='bbox 1350 1815 1564 1872; x_wconf 74' lang='grc' dir='ltr'><strong><em>καθήλατο</em></strong></span> <span class='ocrx_word' id='word_1_227' title='bbox 1591 1817 1694 1876; x_wconf 82' lang='grc' dir='ltr'><strong><em>πρὸς</em></strong></span> <span class='ocrx_word' id='word_1_228' title='bbox 1716 1815 1763 1860; x_wconf 79' lang='grc' dir='ltr'><strong>τὸ</strong></span> 
     </span>
    </p>
   </div>
   <div class='ocr_carea' id='block_1_4' title="bbox 396 1929 1768 2024">
    <p class='ocr_par' dir='ltr' id='par_1_5' title="bbox 396 1929 1768 2024">
     <span class='ocr_line' id='line_1_25' title="bbox 396 1929 1768 1982; baseline -0.001 -13"><span class='ocrx_word' id='word_1_229' title='bbox 396 1934 420 1969; x_wconf 89' lang='grc'><strong>9</strong></span> <span class='ocrx_word' id='word_1_230' title='bbox 442 1944 478 1968; x_wconf 84' lang='grc' dir='ltr'><strong><em>τι</em></strong></span> <span class='ocrx_word' id='word_1_231' title='bbox 501 1944 556 1967; x_wconf 85' lang='lat' dir='ltr'><strong>orn</strong></span> <span class='ocrx_word' id='word_1_232' title='bbox 581 1932 611 1966; x_wconf 88' lang='lat' dir='ltr'>C</span> <span class='ocrx_word' id='word_1_233' title='bbox 723 1933 765 1968; x_wconf 90' lang='lat'><strong>11</strong></span> <span class='ocrx_word' id='word_1_234' title='bbox 789 1930 850 1969; x_wconf 76' lang='grc' dir='ltr'><strong>ἐπὶ</strong></span> <span class='ocrx_word' id='word_1_235' title='bbox 873 1932 904 1968; x_wconf 84' lang='lat' dir='ltr'>C</span> <span class='ocrx_word' id='word_1_236' title='bbox 1017 1935 1063 1971; x_wconf 88' lang='grc'><strong>17</strong></span> <span class='ocrx_word' id='word_1_237' title='bbox 1084 1932 1314 1981; x_wconf 79' lang='grc' dir='ltr'><strong><em>σκληραύχης</em></strong></span> <span class='ocrx_word' id='word_1_238' title='bbox 1333 1935 1376 1981; x_wconf 82' lang='lat' dir='ltr'><strong>O,</strong></span> <span class='ocrx_word' id='word_1_239' title='bbox 1402 1934 1441 1970; x_wconf 88' lang='lat' dir='ltr'><strong>in</strong></span> <span class='ocrx_word' id='word_1_240' title='bbox 1462 1933 1618 1982; x_wconf 81' lang='lat' dir='ltr'><strong>margine</strong></span> <span class='ocrx_word' id='word_1_241' title='bbox 1639 1929 1768 1979; x_wconf 73' lang='grc' dir='ltr'><strong><em>ἄγριος</em></strong></span> 
     </span>
     <span class='ocr_line' id='line_1_26' title="bbox 399 1975 823 2024; baseline -0.002 -9"><span class='ocrx_word' id='word_1_242' title='bbox 399 1981 444 2015; x_wconf 87' lang='grc'><strong>19</strong></span> <span class='ocrx_word' id='word_1_243' title='bbox 467 1975 767 2024; x_wconf 78' lang='grc' dir='ltr'><strong><em>ὀνομαζομένους</em></strong></span> <span class='ocrx_word' id='word_1_244' title='bbox 793 1979 823 2014; x_wconf 89' lang='lat' dir='ltr'>C</span> 
     </span>
    </p>
   </div>
   <div class='ocr_carea' id='block_1_5' title="bbox 307 2078 1770 2503">
    <p class='ocr_par' dir='ltr' id='par_1_6' title="bbox 307 2078 1770 2503">
     <span class='ocr_line' id='line_1_27' title="bbox 307 2078 1767 2136; baseline -0.001 -20"><span class='ocrx_word' id='word_1_245' title='bbox 307 2080 438 2117; x_wconf 72' lang='lat' dir='ltr'><strong>victum</strong></span> <span class='ocrx_word' id='word_1_246' title='bbox 459 2081 498 2115; x_wconf 87' lang='lat' dir='ltr'><strong>in</strong></span> <span class='ocrx_word' id='word_1_247' title='bbox 517 2079 716 2125; x_wconf 86' lang='lat' dir='ltr'><strong>Bulgariam</strong></span> <span class='ocrx_word' id='word_1_248' title='bbox 736 2078 909 2117; x_wconf 86' lang='lat' dir='ltr'><strong>reverti.”</strong></span> <span class='ocrx_word' id='word_1_249' title='bbox 929 2081 1101 2136; x_wconf 81' lang='lat' dir='ltr'><strong>probante</strong></span> <span class='ocrx_word' id='word_1_250' title='bbox 1124 2092 1314 2117; x_wconf 85' lang='lat' dir='ltr'><strong>sermonem</strong></span> <span class='ocrx_word' id='word_1_251' title='bbox 1337 2081 1492 2117; x_wconf 79' lang='lat' dir='ltr'><strong>Caesare</strong></span> <span class='ocrx_word' id='word_1_252' title='bbox 1510 2084 1547 2116; x_wconf 83' lang='lat' dir='ltr'><strong>et</strong></span> <span class='ocrx_word' id='word_1_253' title='bbox 1563 2079 1767 2116; x_wconf 79' lang='lat' dir='ltr'><strong>adolescen-</strong></span> 
     </span>
     <span class='ocr_line' id='line_1_28' title="bbox 309 2125 1768 2174; baseline -0.001 -12"><span class='ocrx_word' id='word_1_254' title='bbox 309 2132 380 2162; x_wconf 83' lang='lat' dir='ltr'><strong>tem</strong></span> <span class='ocrx_word' id='word_1_255' title='bbox 404 2126 451 2170; x_wconf 87' lang='lat' dir='ltr'><strong>(is</strong></span> <span class='ocrx_word' id='word_1_256' title='bbox 476 2130 553 2161; x_wconf 84' lang='lat' dir='ltr'><strong>erat</strong></span> <span class='ocrx_word' id='word_1_257' title='bbox 576 2127 742 2171; x_wconf 79' lang='lat' dir='ltr'>Basilius)</span> <span class='ocrx_word' id='word_1_258' title='bbox 766 2127 913 2174; x_wconf 86' lang='lat' dir='ltr'><strong>produci</strong></span> <span class='ocrx_word' id='word_1_259' title='bbox 934 2128 1088 2172; x_wconf 81' lang='lat' dir='ltr'><strong>mbente,</strong></span> <span class='ocrx_word' id='word_1_260' title='bbox 1115 2128 1364 2162; x_wconf 83' lang='lat' dir='ltr'><strong>Constantinus</strong></span> <span class='ocrx_word' id='word_1_261' title='bbox 1387 2127 1575 2173; x_wconf 84' lang='lat' dir='ltr'><strong>patricius,</strong></span> <span class='ocrx_word' id='word_1_262' title='bbox 1609 2125 1768 2160; x_wconf 73' lang='lat' dir='ltr'><strong>&#39;rhomae</strong></span> 
     </span>
     <span class='ocr_line' id='line_1_29' title="bbox 310 2171 1766 2220; baseline -0.001 -14"><span class='ocrx_word' id='word_1_263' title='bbox 310 2171 509 2217; x_wconf 79' lang='lat' dir='ltr'><strong>logothetae</strong></span> <span class='ocrx_word' id='word_1_264' title='bbox 533 2177 652 2218; x_wconf 85' lang='lat' dir='ltr'><strong>pater,</strong></span> <span class='ocrx_word' id='word_1_265' title='bbox 689 2173 750 2219; x_wconf 88' lang='lat' dir='ltr'><strong>qui</strong></span> <span class='ocrx_word' id='word_1_266' title='bbox 772 2185 982 2220; x_wconf 80' lang='lat' dir='ltr'><strong>magnopere</strong></span> <span class='ocrx_word' id='word_1_267' title='bbox 1003 2174 1148 2208; x_wconf 81' lang='lat' dir='ltr'><strong>favebat</strong></span> <span class='ocrx_word' id='word_1_268' title='bbox 1169 2173 1322 2218; x_wconf 90' lang='lat' dir='ltr'><strong>Basilio,</strong></span> <span class='ocrx_word' id='word_1_269' title='bbox 1358 2173 1517 2208; x_wconf 87' lang='lat' dir='ltr'><strong>nimirum</strong></span> <span class='ocrx_word' id='word_1_270' title='bbox 1541 2178 1578 2208; x_wconf 86' lang='lat' dir='ltr'><strong>et</strong></span> <span class='ocrx_word' id='word_1_271' title='bbox 1597 2171 1676 2218; x_wconf 84' lang='lat' dir='ltr'><strong>ipse</strong></span> <span class='ocrx_word' id='word_1_272' title='bbox 1696 2172 1766 2206; x_wconf 85' lang='lat' dir='ltr'><strong>Ar-</strong></span> 
     </span>
     <span class='ocr_line' id='line_1_30' title="bbox 310 2218 1767 2266; baseline 0 -13"><span class='ocrx_word' id='word_1_273' title='bbox 310 2219 447 2253; x_wconf 82' lang='lat' dir='ltr'><strong>meniae</strong></span> <span class='ocrx_word' id='word_1_274' title='bbox 469 2218 603 2265; x_wconf 83' lang='lat' dir='ltr'><strong>stirpis,</strong></span> <span class='ocrx_word' id='word_1_275' title='bbox 625 2218 737 2253; x_wconf 90' lang='lat' dir='ltr'><strong>locum</strong></span> <span class='ocrx_word' id='word_1_276' title='bbox 758 2219 796 2253; x_wconf 86' lang='lat' dir='ltr'><strong>in</strong></span> <span class='ocrx_word' id='word_1_277' title='bbox 819 2231 887 2266; x_wconf 91' lang='lat' dir='ltr'><strong>quo</strong></span> <span class='ocrx_word' id='word_1_278' title='bbox 910 2220 1194 2254; x_wconf 74' lang='lat' dir='ltr'><strong>luctaturi-erant</strong></span> <span class='ocrx_word' id='word_1_279' title='bbox 1216 2220 1389 2255; x_wconf 89' lang='lat' dir='ltr'><strong>humidum</strong></span> <span class='ocrx_word' id='word_1_280' title='bbox 1412 2230 1570 2264; x_wconf 83' lang='lat' dir='ltr'><strong>cernens,</strong></span> <span class='ocrx_word' id='word_1_281' title='bbox 1592 2222 1767 2253; x_wconf 80' lang='lat' dir='ltr'><strong>metuem-</strong></span> 
     </span>
     <span class='ocr_line' id='line_1_31' title="bbox 311 2263 1769 2311; baseline 0 -13"><span class='ocrx_word' id='word_1_282' title='bbox 311 2275 380 2310; x_wconf 86' lang='lat' dir='ltr'><strong>que</strong></span> <span class='ocrx_word' id='word_1_283' title='bbox 398 2276 443 2298; x_wconf 90' lang='lat' dir='ltr'><strong>ne</strong></span> <span class='ocrx_word' id='word_1_284' title='bbox 464 2265 508 2298; x_wconf 94' lang='lat' dir='ltr'><strong>ob</strong></span> <span class='ocrx_word' id='word_1_285' title='bbox 526 2265 600 2299; x_wconf 89' lang='lat' dir='ltr'><strong>eius</strong></span> <span class='ocrx_word' id='word_1_286' title='bbox 615 2263 845 2300; x_wconf 82' lang='lat' dir='ltr'><strong>lubricitatem</strong></span> <span class='ocrx_word' id='word_1_287' title='bbox 862 2265 1012 2300; x_wconf 82' lang='lat' dir='ltr'><strong>Basilius</strong></span> <span class='ocrx_word' id='word_1_288' title='bbox 1033 2265 1184 2309; x_wconf 84' lang='lat' dir='ltr'><strong>caderet,</strong></span> <span class='ocrx_word' id='word_1_289' title='bbox 1207 2265 1353 2311; x_wconf 89' lang='lat' dir='ltr'><strong>pulvere</strong></span> <span class='ocrx_word' id='word_1_290' title='bbox 1372 2278 1414 2301; x_wconf 87' lang='lat' dir='ltr'><strong>ac</strong></span> <span class='ocrx_word' id='word_1_291' title='bbox 1435 2266 1541 2300; x_wconf 83' lang='lat' dir='ltr'><strong>scobe</strong></span> <span class='ocrx_word' id='word_1_292' title='bbox 1564 2274 1654 2310; x_wconf 81' lang='lat' dir='ltr'><strong>quae</strong></span> <span class='ocrx_word' id='word_1_293' title='bbox 1669 2274 1769 2299; x_wconf 80' lang='lat' dir='ltr'><strong>serra</strong></span> 
     </span>
     <span class='ocr_line' id='line_1_32' title="bbox 312 2309 1769 2357; baseline 0 -13"><span class='ocrx_word' id='word_1_294' title='bbox 312 2309 432 2344; x_wconf 86' lang='lat' dir='ltr'><strong>scissis</strong></span> <span class='ocrx_word' id='word_1_295' title='bbox 454 2309 558 2354; x_wconf 85' lang='lat' dir='ltr'><strong>lignis</strong></span> <span class='ocrx_word' id='word_1_296' title='bbox 581 2311 622 2345; x_wconf 80' lang='lat' dir='ltr'><strong>fit</strong></span> <span class='ocrx_word' id='word_1_297' title='bbox 641 2311 780 2356; x_wconf 82' lang='lat' dir='ltr'><strong>ingesta</strong></span> <span class='ocrx_word' id='word_1_298' title='bbox 804 2311 915 2346; x_wconf 89' lang='lat' dir='ltr'><strong>locum</strong></span> <span class='ocrx_word' id='word_1_299' title='bbox 940 2311 1106 2346; x_wconf 83' lang='lat' dir='ltr'><strong>contexit.</strong></span> <span class='ocrx_word' id='word_1_300' title='bbox 1139 2311 1190 2346; x_wconf 84' lang='lat' dir='ltr'><strong>ita</strong></span> <span class='ocrx_word' id='word_1_301' title='bbox 1212 2311 1363 2357; x_wconf 85' lang='lat' dir='ltr'><strong>Bulgaro</strong></span> <span class='ocrx_word' id='word_1_302' title='bbox 1387 2321 1594 2356; x_wconf 83' lang='lat' dir='ltr'><strong>congressus</strong></span> <span class='ocrx_word' id='word_1_303' title='bbox 1616 2309 1769 2345; x_wconf 78' lang='lat' dir='ltr'><strong>Basilius</strong></span> 
     </span>
     <span class='ocr_line' id='line_1_33' title="bbox 312 2355 1770 2403; baseline 0.001 -15"><span class='ocrx_word' id='word_1_304' title='bbox 312 2355 449 2401; x_wconf 82' lang='lat' dir='ltr'><strong>pueruli</strong></span> <span class='ocrx_word' id='word_1_305' title='bbox 472 2367 548 2390; x_wconf 90' lang='lat' dir='ltr'><strong>eum</strong></span> <span class='ocrx_word' id='word_1_306' title='bbox 569 2356 682 2392; x_wconf 80' lang='lat' dir='ltr'><strong>instar</strong></span> <span class='ocrx_word' id='word_1_307' title='bbox 705 2357 929 2402; x_wconf 85' lang='lat' dir='ltr'><strong>compressit,</strong></span> <span class='ocrx_word' id='word_1_308' title='bbox 965 2357 1256 2402; x_wconf 85' lang='lat' dir='ltr'><strong>constrictumque</strong></span> <span class='ocrx_word' id='word_1_309' title='bbox 1278 2357 1388 2393; x_wconf 81' lang='lat' dir='ltr'><strong>veluti</strong></span> <span class='ocrx_word' id='word_1_310' title='bbox 1409 2356 1615 2403; x_wconf 85' lang='lat' dir='ltr'><strong>manipulum</strong></span> <span class='ocrx_word' id='word_1_311' title='bbox 1639 2355 1770 2390; x_wconf 78' lang='lat' dir='ltr'><strong>herbae</strong></span> 
     </span>
     <span class='ocr_line' id='line_1_34' title="bbox 313 2400 1770 2450; baseline 0 -15"><span class='ocrx_word' id='word_1_312' title='bbox 313 2405 374 2435; x_wconf 82' lang='lat' dir='ltr'><strong>aut</strong></span> <span class='ocrx_word' id='word_1_313' title='bbox 402 2400 540 2445; x_wconf 84' lang='lat' dir='ltr'><strong>globum</strong></span> <span class='ocrx_word' id='word_1_314' title='bbox 572 2401 671 2438; x_wconf 87' lang='lat' dir='ltr'><strong>lanae</strong></span> <span class='ocrx_word' id='word_1_315' title='bbox 702 2403 866 2438; x_wconf 85' lang='lat' dir='ltr'><strong>facillime</strong></span> <span class='ocrx_word' id='word_1_316' title='bbox 895 2402 1074 2438; x_wconf 81' lang='lat' dir='ltr'><strong>sublimem</strong></span> <span class='ocrx_word' id='word_1_317' title='bbox 1097 2403 1246 2449; x_wconf 82' lang='lat' dir='ltr'><strong>arripuit</strong></span> <span class='ocrx_word' id='word_1_318' title='bbox 1269 2409 1305 2438; x_wconf 86' lang='lat' dir='ltr'><strong>et</strong></span> <span class='ocrx_word' id='word_1_319' title='bbox 1329 2415 1435 2450; x_wconf 86' lang='lat' dir='ltr'><strong>super</strong></span> <span class='ocrx_word' id='word_1_320' title='bbox 1455 2414 1608 2437; x_wconf 86' lang='lat' dir='ltr'><strong>mensam</strong></span> <span class='ocrx_word' id='word_1_321' title='bbox 1627 2400 1770 2444; x_wconf 81' lang='lat' dir='ltr'><strong>abiecit,</strong></span> 
     </span>
     <span class='ocr_line' id='line_1_35' title="bbox 313 2445 1770 2503; baseline 0.001 -24"><span class='ocrx_word' id='word_1_322' title='bbox 313 2457 508 2491; x_wconf 84' lang='lat' dir='ltr'><strong>magnoque</strong></span> <span class='ocrx_word' id='word_1_323' title='bbox 526 2448 700 2484; x_wconf 87' lang='lat' dir='ltr'><strong>Romanos</strong></span> <span class='ocrx_word' id='word_1_324' title='bbox 722 2449 852 2494; x_wconf 88' lang='lat' dir='ltr'><strong>gaudio</strong></span> <span class='ocrx_word' id='word_1_325' title='bbox 877 2449 1014 2494; x_wconf 82' lang='lat' dir='ltr'><strong>affecit,</strong></span> <span class='ocrx_word' id='word_1_326' title='bbox 1047 2450 1184 2503; x_wconf 81' lang='lat' dir='ltr'><strong>pudore</strong></span> <span class='ocrx_word' id='word_1_327' title='bbox 1202 2450 1365 2495; x_wconf 85' lang='lat' dir='ltr'><strong>Bulgaris</strong></span> <span class='ocrx_word' id='word_1_328' title='bbox 1389 2450 1527 2484; x_wconf 79' lang='lat' dir='ltr'><strong>oborto.</strong></span> <span class='ocrx_word' id='word_1_329' title='bbox 1575 2448 1619 2483; x_wconf 91' lang='lat' dir='ltr'><strong>ab</strong></span> <span class='ocrx_word' id='word_1_330' title='bbox 1646 2459 1688 2482; x_wconf 89' lang='lat' dir='ltr'><strong>eo</strong></span> <span class='ocrx_word' id='word_1_331' title='bbox 1711 2445 1770 2480; x_wconf 86' lang='lat' dir='ltr'><strong>die</strong></span> 
     </span>
    </p>
   </div>
   <div class='ocr_carea' id='block_1_6' title="bbox 312 2491 1771 2574">
    <p class='ocr_par' dir='ltr' id='par_1_7' title="bbox 312 2491 1771 2574">
     <span class='ocr_line' id='line_1_36' title="bbox 312 2491 1771 2545; baseline 0 -19"><span class='ocrx_word' id='word_1_332' title='bbox 312 2491 407 2545; x_wconf 68' lang='lat' dir='ltr'><strong>sama</strong></span> <span class='ocrx_word' id='word_1_333' title='bbox 427 2492 551 2526; x_wconf 86' lang='lat' dir='ltr'><strong>Basilii</strong></span> <span class='ocrx_word' id='word_1_334' title='bbox 579 2506 658 2530; x_wconf 85' lang='lat' dir='ltr'><strong>sese</strong></span> <span class='ocrx_word' id='word_1_335' title='bbox 686 2507 751 2541; x_wconf 85' lang='lat' dir='ltr'><strong>per</strong></span> <span class='ocrx_word' id='word_1_336' title='bbox 781 2496 902 2531; x_wconf 84' lang='lat' dir='ltr'><strong>urbem</strong></span> <span class='ocrx_word' id='word_1_337' title='bbox 933 2495 1091 2541; x_wconf 80' lang='lat' dir='ltr'><strong>diffud1t,</strong></span> <span class='ocrx_word' id='word_1_338' title='bbox 1128 2495 1315 2542; x_wconf 88' lang='lat' dir='ltr'><strong>coepitque</strong></span> <span class='ocrx_word' id='word_1_339' title='bbox 1337 2495 1374 2530; x_wconf 89' lang='lat' dir='ltr'><strong>in</strong></span> <span class='ocrx_word' id='word_1_340' title='bbox 1397 2506 1459 2530; x_wconf 90' lang='lat' dir='ltr'><strong>ore</strong></span> <span class='ocrx_word' id='word_1_341' title='bbox 1482 2499 1518 2530; x_wconf 89' lang='lat' dir='ltr'><strong>et</strong></span> <span class='ocrx_word' id='word_1_342' title='bbox 1541 2492 1771 2529; x_wconf 79' lang='lat' dir='ltr'><strong>admiratione</strong></span> 
     </span>
     <span class='ocr_line' id='line_1_37' title="bbox 316 2547 578 2574; baseline 0.008 -2"><span class='ocrx_word' id='word_1_343' title='bbox 316 2547 466 2572; x_wconf 89' lang='lat' dir='ltr'><strong>ommum</strong></span> <span class='ocrx_word' id='word_1_344' title='bbox 488 2550 578 2574; x_wconf 88' lang='lat' dir='ltr'><strong>esse.</strong></span> 
     </span>
    </p>
   </div>
   <div class='ocr_carea' id='block_1_7' title="bbox 316 2605 1775 2887">
    <p class='ocr_par' dir='ltr' id='par_1_8' title="bbox 316 2605 1775 2887">
     <span class='ocr_line' id='line_1_38' title="bbox 409 2605 1773 2656; baseline 0 -17"><span class='ocrx_word' id='word_1_345' title='bbox 409 2605 483 2640; x_wconf 87' lang='lat' dir='ltr'><strong>Sed</strong></span> <span class='ocrx_word' id='word_1_346' title='bbox 506 2611 542 2641; x_wconf 85' lang='lat' dir='ltr'><strong>et</strong></span> <span class='ocrx_word' id='word_1_347' title='bbox 563 2606 657 2642; x_wconf 79' lang='lat' dir='ltr'><strong>aliud</strong></span> <span class='ocrx_word' id='word_1_348' title='bbox 679 2609 856 2655; x_wconf 81' lang='lat' dir='ltr'><strong>quippiam</strong></span> <span class='ocrx_word' id='word_1_349' title='bbox 880 2620 945 2645; x_wconf 86' lang='lat' dir='ltr'><strong>usu</strong></span> <span class='ocrx_word' id='word_1_350' title='bbox 967 2610 1078 2655; x_wconf 79' lang='lat' dir='ltr'><strong>venit,</strong></span> <span class='ocrx_word' id='word_1_351' title='bbox 1101 2609 1195 2656; x_wconf 83' lang='lat' dir='ltr'><strong>quod</strong></span> <span class='ocrx_word' id='word_1_352' title='bbox 1218 2608 1362 2654; x_wconf 87' lang='lat' dir='ltr'><strong>gloriam</strong></span> <span class='ocrx_word' id='word_1_353' title='bbox 1381 2606 1528 2643; x_wconf 84' lang='lat' dir='ltr'><strong>hominis</strong></span> <span class='ocrx_word' id='word_1_354' title='bbox 1551 2606 1660 2641; x_wconf 87' lang='lat' dir='ltr'><strong>auxit.</strong></span> <span class='ocrx_word' id='word_1_355' title='bbox 1695 2607 1773 2640; x_wconf 84' lang='lat' dir='ltr'><strong>erat</strong></span> 
     </span>
     <span class='ocr_line' id='line_1_39' title="bbox 317 2650 1772 2700; baseline 0.001 -16"><span class='ocrx_word' id='word_1_356' title='bbox 317 2650 521 2696; x_wconf 87' lang='lat' dir='ltr'><strong>imperatori</strong></span> <span class='ocrx_word' id='word_1_357' title='bbox 542 2652 712 2688; x_wconf 84' lang='lat' dir='ltr'><strong>Michaelo</strong></span> <span class='ocrx_word' id='word_1_358' title='bbox 738 2666 848 2700; x_wconf 92' lang='lat' dir='ltr'><strong>equus</strong></span> <span class='ocrx_word' id='word_1_359' title='bbox 871 2655 1039 2690; x_wconf 81' lang='lat' dir='ltr'><strong>infraenis</strong></span> <span class='ocrx_word' id='word_1_360' title='bbox 1063 2660 1100 2691; x_wconf 89' lang='lat' dir='ltr'><strong>et</strong></span> <span class='ocrx_word' id='word_1_361' title='bbox 1121 2661 1316 2697; x_wconf 81' lang='lat' dir='ltr'><strong>contumax,</strong></span> <span class='ocrx_word' id='word_1_362' title='bbox 1351 2653 1530 2698; x_wconf 86' lang='lat' dir='ltr'><strong>ceteroqui</strong></span> <span class='ocrx_word' id='word_1_363' title='bbox 1553 2656 1688 2687; x_wconf 83' lang='lat' dir='ltr'><strong>statura</strong></span> <span class='ocrx_word' id='word_1_364' title='bbox 1707 2662 1772 2686; x_wconf 83' lang='lat' dir='ltr'><strong>ve-</strong></span> 
     </span>
     <span class='ocr_line' id='line_1_40' title="bbox 316 2696 1775 2747; baseline 0.001 -17"><span class='ocrx_word' id='word_1_365' title='bbox 316 2696 458 2731; x_wconf 83' lang='lat' dir='ltr'><strong>locitate</strong></span> <span class='ocrx_word' id='word_1_366' title='bbox 492 2701 528 2732; x_wconf 88' lang='lat' dir='ltr'><strong>et</strong></span> <span class='ocrx_word' id='word_1_367' title='bbox 560 2698 815 2743; x_wconf 83' lang='lat' dir='ltr'><strong>pulchritudine</strong></span> <span class='ocrx_word' id='word_1_368' title='bbox 852 2712 969 2735; x_wconf 88' lang='lat' dir='ltr'><strong>omnes</strong></span> <span class='ocrx_word' id='word_1_369' title='bbox 1002 2701 1063 2747; x_wconf 89' lang='lat' dir='ltr'><strong>qui</strong></span> <span class='ocrx_word' id='word_1_370' title='bbox 1095 2712 1141 2736; x_wconf 91' lang='lat' dir='ltr'><strong>un</strong></span> <span class='ocrx_word' id='word_1_371' title='bbox 1167 2711 1243 2735; x_wconf 86' lang='lat' dir='ltr'><strong>uam</strong></span> <span class='ocrx_word' id='word_1_372' title='bbox 1276 2699 1537 2734; x_wconf 84' lang='lat' dir='ltr'><strong>admirationem</strong></span> <span class='ocrx_word' id='word_1_373' title='bbox 1575 2699 1775 2732; x_wconf 85' lang='lat' dir='ltr'><strong>meruerant</strong></span> 
     </span>
     <span class='ocr_line' id='line_1_41' title="bbox 318 2743 1775 2791; baseline 0 -14"><span class='ocrx_word' id='word_1_374' title='bbox 318 2754 502 2788; x_wconf 84' lang='lat' dir='ltr'><strong>superans.</strong></span> <span class='ocrx_word' id='word_1_375' title='bbox 548 2743 579 2777; x_wconf 88' lang='lat' dir='ltr'><strong>is</strong></span> <span class='ocrx_word' id='word_1_376' title='bbox 603 2745 708 2779; x_wconf 89' lang='lat' dir='ltr'><strong>semel</strong></span> <span class='ocrx_word' id='word_1_377' title='bbox 731 2745 878 2781; x_wconf 79' lang='lat' dir='ltr'><strong>vinculis</strong></span> <span class='ocrx_word' id='word_1_378' title='bbox 902 2747 1035 2782; x_wconf 83' lang='lat' dir='ltr'><strong>solutus</strong></span> <span class='ocrx_word' id='word_1_379' title='bbox 1057 2751 1118 2782; x_wconf 87' lang='lat' dir='ltr'><strong>aut</strong></span> <span class='ocrx_word' id='word_1_380' title='bbox 1139 2745 1270 2791; x_wconf 84' lang='lat' dir='ltr'><strong>aioqui</strong></span> <span class='ocrx_word' id='word_1_381' title='bbox 1291 2744 1452 2780; x_wconf 86' lang='lat' dir='ltr'><strong>dimissus</strong></span> <span class='ocrx_word' id='word_1_382' title='bbox 1475 2743 1702 2788; x_wconf 80' lang='lat' dir='ltr'><strong>difficillime,</strong></span> <span class='ocrx_word' id='word_1_383' title='bbox 1737 2745 1775 2777; x_wconf 81' lang='lat' dir='ltr'><strong>et</strong></span> 
     </span>
     <span class='ocr_line' id='line_1_42' title="bbox 318 2788 1774 2838; baseline -0.001 -15"><span class='ocrx_word' id='word_1_384' title='bbox 318 2799 388 2823; x_wconf 87' lang='lat' dir='ltr'><strong>non</strong></span> <span class='ocrx_word' id='word_1_385' title='bbox 411 2790 488 2823; x_wconf 89' lang='lat' dir='ltr'><strong>sine</strong></span> <span class='ocrx_word' id='word_1_386' title='bbox 511 2789 657 2824; x_wconf 84' lang='lat' dir='ltr'><strong>maximo</strong></span> <span class='ocrx_word' id='word_1_387' title='bbox 681 2791 884 2835; x_wconf 85' lang='lat' dir='ltr'><strong>equisonum</strong></span> <span class='ocrx_word' id='word_1_388' title='bbox 905 2792 1025 2828; x_wconf 85' lang='lat' dir='ltr'><strong>labore</strong></span> <span class='ocrx_word' id='word_1_389' title='bbox 1051 2793 1131 2838; x_wconf 82' lang='lat' dir='ltr'><strong>capi</strong></span> <span class='ocrx_word' id='word_1_390' title='bbox 1151 2805 1173 2828; x_wconf 80' lang='lat' dir='ltr'><strong>a</strong></span> <span class='ocrx_word' id='word_1_391' title='bbox 1213 2802 1258 2826; x_wconf 91' lang='lat' dir='ltr'><strong>ue</strong></span> <span class='ocrx_word' id='word_1_392' title='bbox 1278 2791 1391 2827; x_wconf 86' lang='lat' dir='ltr'><strong>teneri</strong></span> <span class='ocrx_word' id='word_1_393' title='bbox 1413 2794 1566 2836; x_wconf 74' lang='lat' dir='ltr'><strong>poterat.</strong></span> <span class='ocrx_word' id='word_1_394' title='bbox 1614 2788 1695 2824; x_wconf 88' lang='lat' dir='ltr'><strong>huic</strong></span> <span class='ocrx_word' id='word_1_395' title='bbox 1717 2788 1774 2822; x_wconf 90' lang='lat' dir='ltr'><strong>in-</strong></span> 
     </span>
     <span class='ocr_line' id='line_1_43' title="bbox 318 2834 1774 2887; baseline 0 -17"><span class='ocrx_word' id='word_1_396' title='bbox 318 2834 436 2871; x_wconf 83' lang='lat' dir='ltr'><strong>sidens</strong></span> <span class='ocrx_word' id='word_1_397' title='bbox 459 2835 649 2887; x_wconf 55' lang='lat' dir='ltr'><strong>imperatfu·</strong></span> <span class='ocrx_word' id='word_1_398' title='bbox 669 2843 831 2874; x_wconf 84' lang='lat' dir='ltr'><strong>venatum</strong></span> <span class='ocrx_word' id='word_1_399' title='bbox 855 2838 945 2883; x_wconf 76' lang='lat' dir='ltr'><strong>exit5</strong></span> <span class='ocrx_word' id='word_1_400' title='bbox 981 2849 1127 2887; x_wconf 86' lang='lat' dir='ltr'><strong>cumque</strong></span> <span class='ocrx_word' id='word_1_401' title='bbox 1317 2836 1471 2884; x_wconf 82' lang='lat' dir='ltr'><strong>leporem</strong></span> <span class='ocrx_word' id='word_1_402' title='bbox 1501 2834 1696 2882; x_wconf 80' lang='lat' dir='ltr'><strong>tetigisset,</strong></span> <span class='ocrx_word' id='word_1_403' title='bbox 1729 2834 1774 2870; x_wconf 78' lang='lat' dir='ltr'><strong>ab</strong></span> 
     </span>
    </p>
   </div>
  </div>
 </body>
</html>
