1916 3210
754 151 1044 225 msroau.
1216 219 1225 228 ἢ
1538 149 1639 197 689

160 269 231 318 διὰ
255 268 430 328 χρυσίου
459 269 618 321 πᾶσαν,
651 265 760 312 ἀλλά
778 266 824 312 τὸ
844 267 980 312 ἐνδέον
998 271 1179 325 σηρικοῖς
1194 261 1436 325 ὑφάσμασιν
1453 262 1638 322 ἀναπλη-
1661 269 1694 306 C

161 337 414 399 ρωσάμενος.
481 337 846 396 διαπεραιουμένου
879 336 923 380 δ’
959 335 1088 380 αὐτοῦ
1116 332 1332 393 περιστερά
1359 352 1422 387 τις
1451 333 1500 378 οὗ
1530 332 1638 378 πάνυ

161 406 310 465 λευκή,
343 407 448 466 πρὸς
476 406 523 451 τὸ
555 407 685 462 με’λαν
716 407 763 450 δὲ
789 410 976 450 πλεῖστον
1007 405 1134 461 αὐτῆς
1159 402 1468 463 ὑποφαίνουσα,
1509 403 1640 448 ποθὲν

161 477 362 534 ἶπταμένη
387 476 464 532 τὴν
489 475 696 536 φέρουσαν
716 475 789 520 τὸν
804 475 981 531 βασιλέα
998 472 1146 533 τριήρη
1166 477 1454 532 περιεποτᾶτο,
1488 473 1565 524 ἕως
1583 474 1641 524 εἷς

127 545 289 593 Εαῦτόν
308 547 457 591 ἐκεῖνον
477 548 736 589 καθεσθεῖσα
751 546 869 602 χερσὶ
887 550 977 596 ταῖς
996 543 1124 588 αὐτοῦ
1143 541 1390 601 προσερρύη.
1421 568 1423 570 -
1458 541 1641 593 κάκεῖνος

160 612 316 672 ταύτην
339 619 390 674 τῇ
414 615 599 670 βασιλίδι
617 613 850 669 ἀνέπεμψεν
866 613 910 656 ἐν
928 619 1015 665 τοῖς
1033 609 1274 670 ἀνακτόροις
1290 611 1405 670 παρὰ
1423 611 1470 656 τὸ
1489 611 1640 662 εἷωθὸς

160 681 417 742 ἀπομεινάσῃ
439 681 509 728 διά
530 700 644 734 τινας
664 681 848 740 θρύψεις
867 683 1096 740 γυναικείας
1115 682 1184 725 καὶ
1202 678 1437 737 ἀκκισμοῦς.
1504 679 1641 732 ἔδοξεν

161 747 244 798 οὖν·
263 751 292 810 ἦ
321 752 536 812 περιστερὰ
567 750 776 807 σύμβολον
804 751 854 796 οὗ
877 755 1066 810 χρηστῆς·
1089 748 1331 805 ἀποβάσεως
1360 751 1476 810 αὐτῷ·
1504 767 1549 794 τε
1579 752 1641 808 τῷ

161 820 331 878 λαβόντι
355 823 426 867 καὶ
452 819 557 880 πρὸς
585 819 636 877 ἣν
660 819 845 865 ἔσταλτο.
913 820 1009 864 ἀλλ’
1034 821 1160 875 ἐκείνη
1178 823 1374 877 περιττῶς
1391 823 1550 875 σχοῦσα
1567 823 1644 874 τῆς

37 935 43 945 ,
106 889 387 950 ίοθρῦψεως,
418 893 751 945 μεταμεληθεῖσα
779 889 884 947 πρὸς
914 889 985 934 τὸν
1013 889 1187 944 βασιλέα
1214 889 1407 947 ἀφίκετο,
1440 887 1513 932 τὸν
1542 905 1644 932 συν-

160 958 380 1019 τακτήριον
409 956 684 1003 ἀποδῶσουσα
713 960 782 1002 καὶ
812 959 939 1003 αὐτὸν
968 959 1033 1001 ἐπὶ
1062 959 1138 1015 τὴν
1166 958 1425 1015 ἐκστρατείαν
1455 957 1643 1015 προπέμ-

159 1042 320 1085 ψουσα.
386 1027 542 1072 ἐκεῖθεν
569 1023 641 1071 οὖν
671 1025 836 1085 ἀπάρας
861 1026 884 1071 ὃ
911 1027 1106 1082 βασιλεὺς
1133 1026 1208 1070 οὔκ
1227 1028 1271 1070 ἐν
1292 1024 1522 1083 Νεακῶμου
1545 1026 1640 1070 οὐδὲ
1661 1029 1695 1065 D

159 1099 206 1143 ἓν
223 1096 400 1150 ὖπατίας
417 1098 586 1156 χωρίοις
605 1098 686 1140 τισὶ
705 1100 934 1153 βασιλικοῖς
954 1097 1270 1155 προσωρμίσατο
1281 1127 1295 1149 ,
1330 1095 1426 1139 ἀλλ’
1461 1096 1504 1139 ἓν
1525 1093 1642 1139 Ἕλε-

157 1165 368 1219 νουπόλει,
399 1164 452 1224 ἣν
481 1166 521 1210 οἱ
550 1164 737 1224 ἐγχώριοι
759 1164 1095 1224 ἀγροικικώτερον
1114 1164 1399 1223 κικλήσκουσιν
1417 1162 1643 1208 Ἐλεεινοῦ-

106 1245 152 1290 15
162 1240 307 1281 πολιν·
336 1234 362 1280 ὃ
387 1237 457 1279 καὶ
486 1235 587 1279 αὐτὸ
615 1231 759 1287 οῗωνὸς
785 1235 833 1278 οὐ
856 1235 1039 1292 χρηστὸς
1065 1234 1193 1287 ἔδοξε.
1258 1235 1410 1290 συνέβη
1437 1235 1484 1278 δὲ
1507 1235 1579 1277 καί
1601 1251 1643 1278 τι

160 1306 324 1365 ἕτερον·
369 1304 418 1349 τὸ
448 1304 530 1363 γὰρ
563 1304 731 1360 συνέχον
761 1303 838 1361 τὴν
867 1295 1086 1360 βασιλικὴν
1115 1303 1268 1360 σκηνὴν
1297 1304 1487 1360 μέγιστον
1519 1300 1643 1355 ξύλον

160 1374 353 1432 κατεαγέν
388 1380 522 1418 πεσεῖν
554 1373 683 1430 αὐτὴν
721 1374 925 1431 αι’φνηδόν
959 1371 1274 1432 παρεσκεύασεν.
1341 1372 1454 1429 ὅμως
1486 1372 1532 1414 δ’
1569 1367 1643 1416 οὖν

161 1443 260 1488 οὐδὲ
286 1442 391 1502 πρὸς
415 1440 461 1486 (ἐν
485 1440 640 1487 τούτων
662 1440 689 1499 ἦ
709 1447 791 1486 τῶν
810 1439 1044 1500 ἀνθρώπων
1065 1443 1287 1501 ἀβελτηρία
1307 1444 1374 1485 καὶ
1395 1440 1452 1493 ὡς
1473 1438 1561 1484 οἷον
1583 1442 1642 1484 εἷ-

158 1519 250 1558 πεῖν
269 1513 436 1568 καχεξία
455 1513 524 1556 καὶ
543 1511 590 1556 τὸ
614 1513 656 1555 ἐν
678 1516 730 1570 τῇ
750 1509 930 1570 δοκούσῃ
948 1512 1077 1555 πίστει
1098 1511 1268 1555 ἄπιστον
1289 1513 1358 1554 καὶ
1376 1509 1643 1566 ἀσύμβλητον

103 1581 388 1639 ωδιαβλέψαι
406 1581 610 1639 ἠθέλησε,
642 1585 719 1625 τοῦ
729 1580 863 1638 χρεών
881 1581 1165 1639 ἐμποδίζοντος
1181 1584 1392 1635 πανταχοῦ
1399 1611 1413 1633 ,
1448 1581 1516 1623 καὶ
1532 1578 1640 1635 μηδ’

160 1651 276 1712 αὗτῷ
315 1651 595 1709 παρεχομένου
637 1651 908 1706 συναίσθησιν
941 1650 1045 1708 πρὸς
1073 1649 1121 1693 ὃν
1151 1649 1424 1705 ἀποσκήπτειν
1457 1647 1641 1703 ἒζιιελλον.

159 1719 306 1781 προῄει
334 1722 469 1766 τοίνυν
497 1718 519 1763 ὅ
542 1718 757 1775 βασιλεύς,
792 1720 862 1762 καὶ
889 1723 964 1776 τῆς
989 1717 1095 1779 ἑῴας
1119 1719 1366 1778 προσωτέρω
1395 1715 1637 1776 προήρχετο,
1660 1726 1691 1762 Ρ
1715 1726 1786 1763 836

161 1790 239 1844 ἕως
264 1794 318 1850 τῇ
345 1793 428 1835 τῶν
457 1788 708 1835 ἀνατολικῶν
735 1788 911 1852 ἐπαρχία
937 1789 1187 1848 προσέβαλε,
1222 1789 1422 1850 φειδωλία
1449 1787 1563 1847 παρὰ
1590 1787 1639 1832 τὸ

158 1967 257 2015 qnod
279 1965 433 2013 deesset,
453 1965 581 2002 sericis
602 1965 694 2003 velis
715 1965 908 2014 supplevit.
955 1977 1032 2003 cum
1055 1977 1143 2003 vero
1161 1963 1241 2013 ipse
1262 1964 1456 2012 traiiceret,
1480 1964 1640 2002 columba

158 2013 331 2061 quaedam
352 2025 424 2049 non
445 2013 629 2050 admodum
653 2013 736 2051 alba
757 2015 823 2050 sed
845 2012 993 2050 maxima
1016 2025 1061 2050 ex
1081 2017 1186 2060 parte
1205 2013 1309 2058 nigra
1324 2012 1487 2047 alicunde
1499 2012 1640 2058 volans,

159 2061 291 2097 circum
313 2059 490 2096 triremem
515 2071 607 2106 quae
627 2059 783 2101 vehebat
802 2060 1072 2107 imperatorem,
1106 2059 1282 2095 volitabat
1315 2059 1432 2104 quoad
1455 2058 1640 2103 adipsum

158 2106 255 2143 illum
286 2105 481 2143 deveniens
509 2108 548 2142 in
579 2106 656 2142 eius
683 2118 807 2143 manus
830 2107 1003 2150 defluxit3
1036 2117 1140 2152 quam
1162 2105 1223 2141 ille
1243 2104 1462 2150 imperatrici
1484 2104 1581 2139 misit
1601 2105 1640 2140 in

158 2152 330 2201 palatium
363 2158 508 2199 praeter
539 2164 671 2189 morem
703 2152 931 2189 commoranti
953 2153 998 2188 ob
1020 2152 1188 2198 quasdam
1218 2151 1407 2187 muliebres
1431 2150 1579 2186 delicias
1604 2156 1642 2186 et

159 2199 412 2235 simulationes.
460 2203 498 2234 et
528 2199 609 2235 visa
638 2203 694 2235 est
723 2199 834 2245 igitur
865 2199 1023 2235 columba
1045 2198 1241 2244 symbolum
1264 2198 1356 2232 haud
1381 2197 1467 2232 boni
1489 2202 1641 2233 eventus

158 2251 233 2282 tum
255 2245 329 2292 ipsi
350 2245 414 2291 qui
434 2250 596 2291 ceperat,
618 2249 692 2280 tum
715 2245 768 2280 illi
789 2245 835 2280 ad
857 2257 962 2292 quam
983 2244 1091 2281 missa
1107 2244 1189 2283 fuit.
1237 2255 1358 2279 verum
1381 2243 1540 2289 Augusta
1561 2255 1639 2280 cum

158 2296 305 2340 praeter
324 2292 464 2329 modum
486 2303 526 2327 se
547 2291 687 2327 deliciis
709 2291 898 2337 satiasset,
926 2292 1066 2327 tandem
1087 2290 1308 2338 poenitentia
1329 2290 1436 2325 ducta
1457 2290 1502 2325 ad
1526 2289 1642 2337 impe-

157 2343 314 2375 ratorem
330 2337 442 2383 venit,
467 2343 506 2373 nt
528 2337 694 2384 precibus
717 2338 885 2374 adhibitis
910 2350 987 2373 eum
1008 2338 1055 2374 ad
1078 2338 1271 2373 exercitum
1295 2337 1511 2372 educendum
1534 2348 1642 2384 prae—

159 2385 329 2422 mitteret.
375 2383 473 2420 illinc
506 2384 615 2430 igitur
645 2385 826 2431 profectus
850 2385 1043 2431 imperator
1064 2395 1136 2419 non
1158 2384 1330 2419 Neocomi
1353 2394 1468 2429 neque
1491 2382 1530 2418 in
1553 2383 1642 2418 locis

159 2430 369 2479 quibusdam
392 2431 502 2477 regiis
524 2430 670 2466 classem
693 2430 730 2466 in
752 2430 910 2467 statione
929 2429 1072 2476 habuit,
1096 2431 1160 2466 sed
1183 2430 1369 2477 Elenopoli
1381 2454 1393 2475 ‚
1419 2441 1523 2476 quam
1544 2429 1641 2465 indi-

158 2489 275 2526 genae
291 2477 425 2513 rustice
443 2477 680 2524 Eleinopolim
700 2477 901 2524 appellant,
935 2477 1030 2524 quod
1047 2476 1161 2523 ipsum
1181 2488 1321 2524 quoque
1343 2474 1526 2522 augurium
1545 2476 1641 2513 haud

159 2523 330 2580 optimum
350 2524 465 2560 visum
489 2529 557 2560 est.
604 2523 737 2560 accidit
768 2524 872 2560 etiam
901 2523 1022 2560 nescio
1045 2523 1132 2570 quid
1154 2523 1270 2560 aliudz
1299 2534 1378 2558 nam
1401 2523 1551 2557 maxima
1574 2533 1642 2559 ne-

159 2582 237 2616 vis,
271 2581 364 2617 quse
393 2570 599 2607 continebat
630 2571 766 2617 regium
789 2570 1071 2615 tabernaculum,
1106 2571 1285 2605 confracta
1307 2569 1426 2605 statim
1448 2569 1534 2604 illud
1557 2580 1640 2604 eor-

160 2628 268 2654 ruere
299 2616 402 2653 fecit.
447 2623 689 2653 verumtamen
712 2629 757 2652 ne
780 2617 825 2652 ad
848 2629 951 2653 unum
975 2617 1116 2664 quidem
1139 2617 1260 2652 horum
1283 2616 1458 2651 homiuum
1487 2615 1640 2651 stultitia

161 2669 218 2709 et,
255 2667 295 2699 nt
324 2663 378 2700 ita
408 2663 581 2710 diatim,
616 2664 826 2710 depravatio
858 2663 966 2700 animi
990 2670 1027 2699 et
1049 2663 1247 2719 importuna
1282 2668 1389 2709 atque
1410 2662 1555 2697 inutilis-
1569 2674 1642 2698 non

162 2709 331 2746 credendi
369 2711 566 2757 pertinacia
601 2710 780 2756 respicere
815 2710 947 2756 voluit,
989 2711 1064 2746 fato
1101 2710 1315 2756 impediente
1353 2714 1389 2744 et
1426 2709 1461 2744 ei
1497 2719 1639 2744 sensum

162 2767 298 2792 omnem
330 2757 515 2793 auferente
544 2757 581 2792 in
610 2769 714 2803 quem
747 2768 789 2794 ea
819 2758 934 2793 omnia
967 2758 1164 2793 deventura
1196 2762 1307 2792 erant.
1354 2766 1561 2802 progressus
1585 2760 1641 2790 est

161 2803 273 2849 igitur
304 2802 516 2849 imperator,
555 2807 592 2839 et
621 2804 769 2840 ulterius
802 2804 839 2839 in
870 2804 1030 2840 Orientis
1052 2803 1231 2849 regionem
1254 2804 1490 2850 procedebat,
1524 2802 1640 2848 quoad

161 2849 199 2886 in
221 2850 482 2898 praefecturam
508 2850 669 2887 Orientis
690 2851 872 2898 pervenit,
896 2851 935 2887 in
957 2861 1096 2898 omnes,
1122 2856 1265 2898 praeter
1287 2850 1324 2885 id
1346 2850 1440 2896 quod
1463 2860 1528 2896 par
1551 2854 1639 2894 erat,

221 2904 355 2951 Georg.
387 2903 561 2941 Cadmus
588 2909 671 2942 tom.
702 2905 753 2941 ΙΙ.
1306 2897 1363 2939 44
