1890 3236
263 187 294 269 s
375 281 378 283 Α
731 218 968 265 GEoRGn
995 218 1235 264 cannam

265 332 317 380 ιδ’
347 336 598 385 ἰνδικτιῶνος.
664 335 715 391 τῇ
742 332 787 376 δὲ
817 330 861 376 ιε’
882 331 1054 390 ἤρξαντο
1075 332 1117 376 ἐν
1145 335 1196 390 τῇ
1223 332 1402 388 βασιλίδι
1423 327 1536 376 πόλει
1555 329 1702 391 αἶῖρνης

264 402 448 461 ἀοράτως
467 405 649 459 γίνεσθαι
669 399 712 444 ἐν
729 418 771 444 τε
795 407 879 452 τοῖς
897 405 977 445 τῶν
1005 398 1233 459 ἀνθρώπων
1258 401 1430 456 ἱματίοις
1455 402 1524 444 καὶ
1550 400 1592 444 ἐν
1617 408 1702 453 τοῖς

260 477 342 515 τῶν
369 473 585 526 ἐκκλησιῶν
612 470 788 520 ἐπίπλοις
816 471 987 527 σταυριά
1016 467 1186 525 ἐλαιώδη
1217 473 1394 513 πλεῖστα.
1460 469 1608 526 ἐγένετο
1629 463 1701 512 οὖν

212 548 242 583 Β
266 541 448 583 ἐντεῦθεν
475 544 559 588 τοῖς
577 535 808 594 ἀνθρώποις
825 537 929 592 λύπη
947 539 1013 580 καὶ
1034 539 1193 593 ἀθυμία
1210 536 1338 592 πολλὴ
1356 540 1406 596 τῇ
1424 541 1496 581 τοῦ
1515 534 1700 580 τοιούτου
1720 582 1722 585 f

259 608 424 662 σημείου
445 606 606 665 ἀπορίᾳ.
658 606 806 662 ἐγένετο
826 606 870 648 δὲ
887 608 952 648 καὶ
977 607 1172 661 θεομηνιά
1189 606 1379 648 ποικίλων
1394 607 1555 657 παθῶν,
1580 605 1733 663 ἅψει-5

262 677 342 725 δῶς
362 674 456 725 τοὺς
475 674 597 724 λαοὺς
616 672 907 732 ὄλοθρεύουσα,
937 674 983 717 οὗ
1001 673 1125 729 μόνον
1141 674 1236 724 τοὺς
1252 674 1293 716 ἐν
1311 676 1362 731 τῇ
1381 669 1492 716 πόλει
1511 673 1616 716 ἀλλὰ
1633 674 1702 716 καὶ
1761 721 1764 724 Δ

259 741 370 799 πάσῃ
390 747 441 799 τῇ
458 740 679 800 περιχώρῳ.
746 742 920 798 ἐγένοντο
943 743 986 786 δὲ
1003 744 1069 785 καὶ
1085 743 1325 800 φαντασίαι,
1360 739 1415 792 ὥς
1433 741 1606 792 πολλοὺς
1620 746 1701 786 τῶν

262 808 490 868 ἀνθρώπων
506 812 547 853 ἐν
564 808 744 853 ἐκστάσει
762 811 991 867 γινομένους
1009 813 1178 866 νομίζειν
1197 810 1320 861 ’ξένοις
1335 811 1414 852 τισὶ
1432 810 1499 851 καὶ
1518 813 1703 867 βριαροῖς

260 876 492 935 προσώποις
511 877 750 931 συνοδεύειν,
779 881 846 920 καὶ
864 878 959 930 τοὺς
977 879 1234 931 ἀπαντῶντας
1257 877 1392 928 αὐτοῖς
1413 875 1468 928 ὥς
1488 879 1615 932 δῆθεν
1633 878 1703 935 ‹pt-

261 950 358 996 λους
370 945 742 1004 προσαγορεύοντας
759 949 825 989 καὶ
844 947 1157 1002 διαλεγομένους.
1181 944 1460 1002 σημειούμενοι
1477 946 1521 988 δὲ
1538 946 1591 988 τὰ
1606 945 1698 1002 παρ’
1714 952 1758 988 10

261 1014 394 1057 αὐτῶν
413 1013 639 1068 λαλούμενα
655 1013 820 1069 ἔσχατον
839 1016 1048 1070 ἐξηγοῦντο
1070 1013 1268 1071 γινόμενα.
1315 1012 1451 1069 ἑώρων
1463 1013 1507 1056 δὲ
1519 1013 1615 1064 τοὺς
1628 1014 1703 1056 αὔ-

260 1082 355 1132 τούς
373 1085 429 1132 εἰς
446 1082 579 1132 οἴκους
600 1082 914 1139 εἰσερχομένους,
949 1085 1017 1125 καὶ
1037 1082 1131 1134 τοὺς
1146 1083 1220 1137 μέν
1242 1086 1315 1125 τοῦ
1337 1082 1448 1124 οἴκου
1474 1085 1704 1139 κρεμῶντας

210 1159 241 1194 C
263 1150 358 1201 τοὺς
368 1151 410 1192 δὲ
422 1151 523 1207 ξίφει
536 1148 839 1206 τιτρώσκοντας.
863 1151 1066 1204 συνέβαινε
1080 1151 1124 1193 δέ
1136 1150 1187 1194 τὰ
1197 1154 1360 1193 πλεῖστα
1373 1154 1452 1192 τῶν
1463 1149 1557 1207 παρ’
1572 1149 1704 1193 αὐτῶν

261 1218 479 1274 λεγομένων
496 1218 678 1273 γίνεσθαι
698 1217 824 1269 οὕτως
843 1218 985 1269 καθὼς
1003 1214 1116 1275 ᾖδον.
1182 1223 1240 1276 τῷ
1263 1219 1306 1261 δέ
1324 1218 1469 1276 ἐαρινῷ
1488 1223 1614 1277 καιρῷ
1634 1223 1705 1273 τῆς

260 1284 422 1343 πρώτης
451 1287 690 1336 ἰνδικτίωνος
717 1287 882 1329 ἐπέτεινε
911 1286 1113 1340 μειζόνως.
1180 1290 1237 1344 τῷ
1262 1286 1304 1328 δὲ
1328 1290 1483 1344 θερινῷ
1505 1285 1701 1341 ἐξεκαύθη
1716 1287 1758 1323 15

263 1352 457 1415 εἰσάπαξ,
492 1352 592 1396 ὥστε
616 1356 682 1396 καὶ
704 1352 948 1411 ὁλοκλήρους
970 1355 1104 1404 οἷ’κους
1124 1358 1360 1409 κλεισθῆναι
1383 1357 1584 1405 παντελῶς
1590 1385 1604 1406 ,
1638 1355 1706 1397 καὶ

261 1412 320 1476 μὴ
344 1419 440 1463 εἶναι
460 1422 555 1471 τοὺς
574 1422 806 1478 ὀφείλοντας
827 1421 997 1464 θάπτειν
1013 1422 1107 1472 τοὺς
1123 1420 1307 1478 νεκρούς,
1335 1420 1435 1464 ὥστε
1455 1421 1513 1475 μὴ
1530 1423 1705 1475 ἐξαρκεῖν

263 1489 358 1540 τοὺς
378 1488 634 1546 κραββάτους
654 1493 708 1540 εἰς
725 1490 798 1543 τὴν
823 1489 974 1534 τούτων
994 1489 1219 1545 ἐκκομιὸήν,
1253 1489 1358 1531 ἀλλὰ
1377 1490 1444 1531 καὶ
1463 1488 1531 1530 διὰ
1551 1487 1706 1546 ἀλόγων

264 1559 332 1600 καὶ
361 1557 429 1599 διὰ
458 1556 623 1611 ἁμαξῶν
643 1559 821 1615 ἐκφέρειν
839 1559 933 1608 τοὺς
953 1562 1199 1608 τεθνεῶτας,
1233 1558 1299 1599 καὶ
1329 1558 1370 1599 ἐν
1396 1563 1480 1607 τοῖς
1508 1559 1708 1615 προτειχί-

264 1642 391 1680 σμασι
418 1627 484 1667 καὶ
508 1627 759 1683 προαστείοις
778 1628 845 1669 καὶ
863 1627 1106 1683 κινστέρναις
1127 1623 1314 1682 ἀνύδροις
1342 1626 1409 1667 καὶ
1435 1624 1600 1676 λάκκοις
1622 1625 1762 1668 :hi-2⁰

264 1697 440 1736 πτεσθαι
472 1692 639 1746 αύτούς,
687 1689 743 1737 ὧν
772 1695 1068 1751 πληρωθέντων
1098 1693 1192 1744 τοὺς
1217 1693 1454 1747 ἀμπελῶνας
1472 1695 1539 1736 καὶ
1557 1691 1708 1749 κήπους

265 1762 515 1814 διὲσκαπτον,
552 1764 618 1804 καὶ
647 1761 763 1816 μόλις
791 1762 957 1812 τούτους
984 1762 1152 1817 ἴσχυσαν
1170 1759 1429 1815 ἐπικαλύψαι.
1496 1762 1643 1812 παντὸς
1664 1764 1708 1805 δὲ

214 1833 247 1869 D
271 1829 381 1871 οἷ’κου
410 1831 707 1887 διαφθαρέντος
738 1831 805 1872 διὰ
834 1831 906 1885 τὴν
935 1831 1120 1883 ἀσέβειαν
1150 1834 1223 1872 τοῦ
1250 1825 1544 1886 Κοπρωνύμου,
1578 1829 1708 1874 πάντα

266 1896 336 1940 τὸν
351 1900 522 1941 πλοῦτον
546 1902 625 1941 τῶν
645 1897 860 1957 οἰκητόρων
882 1903 954 1954 τῆς
968 1897 1118 1950 πόλεως
1138 1899 1365 1953 εἰσκομίσας
1388 1898 1429 1940 ἐν
1449 1901 1508 1957 τῷ
1527 1900 1709 1959 παλατίῳ

268 2008 339 2039 tam
360 2005 582 2042 indictionem
615 2007 658 2042 14
689 2009 724 2042 et
750 2006 850 2043 initio
885 2008 926 2043 15
949 2005 1052 2054 Cpoli
1085 2006 1198 2042 subito
1231 2008 1267 2040 et
1293 2004 1372 2040 visu
1401 2017 1471 2040 non
1501 2007 1710 2042 observante

267 2051 419 2086 existere
448 2051 484 2086 in
516 2053 686 2087 hominum
715 2054 871 2089 vestibus
901 2059 938 2088 et
959 2054 994 2087 in
1018 2053 1186 2088 ecclesiae
1207 2051 1420 2096 supellectile
1440 2051 1606 2097 plurimae
1628 2064 1708 2087 cru-

268 2107 348 2140 ces,
385 2098 485 2142 quasi
507 2111 550 2132 ex
574 2099 648 2133 oleo
672 2100 804 2144 factae,
841 2104 1041 2145 coeperunt.
1090 2109 1157 2143 quo
1185 2098 1285 2142 signo
1317 2096 1400 2141 quid
1430 2098 1708 2143 portenderetur,

268 2153 345 2175 cum
367 2142 522 2178 homines
544 2156 612 2178 non
635 2152 909 2190 assequerentur,
940 2145 977 2179 in
999 2155 1157 2189 magnum
1179 2154 1367 2178 maerorem
1391 2147 1496 2187 atque
1516 2142 1710 2177 solicitudi-

268 2199 347 2221 nem
370 2189 576 2223 inciderunt.
625 2191 688 2224 sed
713 2197 748 2224 et
769 2191 867 2225 varia
889 2190 976 2225 mala
1010 2190 1068 2225 dei
1097 2190 1151 2223 ira
1172 2188 1321 2223 immissa
1343 2188 1503 2234 populum
1527 2189 1710 2224 confertim

270 2234 514 2275 absumebant,
550 2247 618 2269 non
649 2235 685 2269 in
716 2238 802 2271 urbe
830 2237 929 2271 modo
960 2236 1022 2270 sed
1045 2236 1081 2269 in
1102 2234 1264 2269 universa
1285 2233 1427 2268 vicinia.
1473 2233 1550 2269 visa
1571 2246 1711 2279 quoque

270 2277 464 2314 hominibus
489 2279 603 2315 oblata
624 2286 722 2324 sunt,
752 2281 804 2316 ita
827 2287 864 2317 ut
886 2280 983 2316 multi
1005 2279 1175 2315 hominum
1199 2285 1313 2314 mente
1339 2279 1525 2314 abalienati
1572 2284 1712 2315 utarent

272 2335 310 2357 se
337 2336 410 2358 cum
434 2327 628 2370 peregrinis
659 2327 860 2372 quibusdam
891 2333 927 2362 et
947 2326 1096 2362 terribili
1117 2326 1215 2360 vultu
1239 2324 1404 2371 praeditis
1426 2325 1619 2360 hominibus
1639 2325 1712 2360 iter

270 2370 400 2413 facere,
425 2372 484 2415 qui
512 2378 731 2407 occurrentes
754 2373 823 2407 sibi
844 2379 1004 2418 tanquam
1026 2372 1154 2407 amicos
1176 2370 1419 2416 compellarent
1440 2375 1545 2415 atque
1565 2382 1641 2405 cum
1666 2371 1712 2407 iis

271 2414 569 2460 colloquerentur3
594 2430 635 2452 ac
657 2429 731 2452 cum
755 2424 977 2453 annotassent
998 2429 1087 2463 quae
1110 2419 1153 2452 ab
1176 2417 1221 2451 iis
1243 2417 1458 2461 dicebantur,
1484 2421 1555 2451 tum
1577 2417 1710 2451 demum

273 2468 518 2506 narraverunt,
553 2474 627 2497 cum
656 2476 697 2498 ea
725 2464 793 2499 iam
816 2465 928 2499 exitus
950 2465 1220 2508 comprobasset.
1267 2462 1432 2496 videbant
1452 2467 1566 2496 autem
1591 2474 1652 2496 eos
1673 2462 1711 2496 in

274 2506 378 2539 aedes
403 2507 550 2551 intrare,
586 2509 740 2553 aliosque
769 2510 862 2545 intus
892 2510 1122 2554 suspendere,
1155 2508 1239 2543 alios
1261 2507 1377 2553 gladio
1399 2507 1520 2542 ferire.
1566 2511 1711 2541 eventus

272 2551 437 2596 pleraque
460 2554 503 2587 ab
527 2553 613 2599 ipsis
637 2555 729 2588 dicta
751 2568 834 2589 vera
857 2555 1019 2589 ostendit.
1055 2566 1164 2589 verno
1184 2560 1339 2600 tempore
1360 2552 1490 2598 primae
1511 2551 1711 2587 indictionis

272 2596 394 2630 malum
417 2599 524 2643 magis
549 2611 625 2633 sese
649 2600 808 2645 intendit,
830 2611 1040 2646 prorsusque
1063 2599 1194 2634 exarsit
1215 2604 1357 2642 aestate,
1387 2598 1474 2633 adeo
1497 2602 1535 2632 ut
1558 2602 1595 2632 et
1615 2603 1712 2643 totae

274 2642 392 2676 domus
417 2645 713 2689 concluderentur,
738 2652 773 2680 et
795 2647 956 2681 deessent
977 2646 1038 2691 qui
1063 2646 1231 2680 cadavera
1252 2645 1450 2687 humarent,
1474 2654 1586 2688 neque
1608 2643 1711 2678 etiam

275 2687 361 2722 satis
385 2695 478 2724 esset
496 2692 714 2734 grabatorum
738 2692 780 2726 ad
803 2704 844 2725 ea
867 2692 1062 2733 efferenda,
1085 2691 1146 2725 sed
1169 2690 1317 2724 iumenta
1341 2690 1385 2723 ad
1407 2689 1473 2723 hoc
1496 2694 1533 2722 et
1552 2688 1711 2723 vehicula

275 2733 531 2779 adhiberentur,
559 2742 661 2780 atque
681 2737 739 2770 illa
762 2737 797 2770 in
818 2737 1094 2781 propugnaculis,
1117 2736 1302 2778 suburbiis,
1327 2734 1485 2769 cisternis
1508 2734 1647 2769 siccatis
1669 2747 1711 2768 ac

274 2778 416 2814 lacubus
437 2781 687 2826 sepelirentur3
713 2782 835 2827 quibus
856 2782 1005 2826 impletis
1023 2782 1148 2815 vineae
1170 2792 1306 2826 quoque
1329 2785 1365 2814 et
1388 2779 1479 2814 horti
1502 2780 1621 2814 effossi
1650 2781 1711 2814 vix

273 2826 478 2870 obtegendis
509 2828 734 2861 cadaveribus
764 2827 976 2861 suffecerint.
1023 2827 1160 2863 interim
1186 2827 1426 2872 Copronymus
1450 2826 1605 2859 omnibus
1629 2837 1710 2871 pro-

272 2875 352 2915 pter
374 2872 483 2918 ipsius
502 2873 712 2918 impietatem
735 2873 875 2908 familiis
899 2873 1088 2918 evastatis,
1121 2883 1238 2907 omnes
1261 2872 1508 2917 oppidanorum
1532 2871 1713 2906 facultates
