1916 3210
295 633 767 758 FABRoTl
831 686 1533 762 GLOSSARIUM

178 831 310 876 SIVE
359 830 822 876 INTERPRETATIO
875 833 1270 877 OBSGURORUM
1321 830 1646 876 VERBORUM

553 939 594 989 C
663 940 706 988 E
775 941 820 988 D
891 941 938 990 R
1004 941 1048 989 E
1116 943 1165 991 N
1229 940 1272 989 I.

172 1186 259 1256 A
266 1210 421 1263 ββας
470 1206 569 1264 αββ
580 1207 644 1252 αδ
653 1225 667 1251 ι
679 1225 734 1252 ον
773 1211 889 1251 abbas
921 1213 981 1251 vel
1012 1212 1127 1260 abba,
1170 1215 1290 1264 pater.
1360 1209 1519 1251 Novella
1553 1210 1647 1251 123.

176 1267 385 1306 Hieremias
404 1268 645 1336 patriarcha
635 1281 674 1306 m
697 1271 724 1309 2
743 1281 938 1337 responso
943 1269 992 1307 ad
1013 1269 1229 1320 Theologos
1246 1268 1500 1318 Wirtemberg
1501 1301 1508 1307 .
1534 1281 1568 1306 c.
1599 1268 1648 1306 de

175 1324 382 1363 monastica
396 1324 492 1363 vita:
523 1320 596 1372 οὓς
617 1321 800 1377 α’ββοῖδᾱς
819 1324 886 1364 καὶ
910 1320 1221 1379 οἷρχιμανδρίτας
1240 1324 1270 1378 ἦ
1290 1322 1400 1373 τάξις
1422 1321 1650 1375 ω’νόμασεν.

176 1380 306 1422 maior.
362 1380 404 1419 S.
423 1381 676 1420 Benedictus'
664 1395 702 1420 ιιι
722 1382 931 1420 Concordia
948 1383 1154 1433 regularum
1175 1396 1254 1434 cap.
1271 1383 1348 1424 34:
1382 1383 1453 1433 qai
1469 1388 1507 1418 et
1522 1381 1650 1418 maior

176 1437 417 1474 monasterii.
478 1438 563 1477 hinc
583 1434 758 1491 ἄββατίοι
776 1440 993 1490 paternitas.
1037 1440 1241 1478 Concilium
1263 1438 1454 1478 Meldense
1471 1451 1551 1479 can.
1575 1438 1646 1478 10:

176 1493 274 1531 talis
293 1492 479 1540 abbatia,
517 1507 622 1545 quae
645 1497 872 1545 paternitas
892 1495 1041 1533 Latino
1069 1497 1227 1534 nomine
1255 1495 1420 1541 ἅίοἰίιιν,
1451 1494 1650 1546 fimdc'tus

177 1557 438 1589 removeatur.
498 1550 583 1588 hinc
614 1565 682 1602 per
714 1555 962 1603 contemptum
996 1548 1211 1621 οἶββοῖὃιον.
1268 1552 1454 1602 Stylianus
1485 1552 1534 1589 ad
1565 1552 1652 1589 Ste-

175 1607 339 1660 phanum
359 1605 423 1645 PP
443 1606 615 1655 (exstat
604 1621 642 1646 ιιι
660 1609 815 1659 Synodo
836 1609 862 1648 8
884 1609 996 1676 Cp):
1024 1605 1225 1662 οἶββᾶδιον
1253 1603 1419 1661 ἀγεννὲς
1451 1605 1518 1646 καὶ
1549 1603 1650 1658 ὅση-

178 1678 257 1717 μον
284 1659 474 1716 γοητικόν
500 1678 541 1704 τε
571 1662 640 1704 καὶ
672 1662 845 1718 μαγικόν
878 1660 1118 1719 ω’κειαῖσατο.
1177 1667 1380 1730 interpres.
1410 1663 1651 1701 abbatulum

178 1720 380 1773 quendam
397 1719 608 1758 obscurum
620 1727 661 1757 et
677 1720 919 1773 ignobilem,
956 1724 1133 1775 praestit,
1118 1723 1305 1760 viatorem
1321 1723 1485 1771 insuper
1505 1727 1542 1758 et
1558 1734 1648 1757 ma-

173 1791 276 1830 gum
294 1776 374 1815 sibi
389 1776 642 1815 adiunxerat.

294 1832 487 1886 ἇβῆναι
527 1834 707 1873 habenae.
779 1833 1049 1885 Theophanes:
1093 1830 1152 1875 δι’
1184 1833 1354 1887 ἆβηνων
1388 1835 1647 1886 μαστιγωσαι,

178 1891 330 1930 habenis
351 1890 550 1940 flagellare.
609 1890 825 1929 Anastasius
842 1891 1016 1930 Biblioth.
1042 1892 1081 1929 in
1111 1892 1196 1931 hist.
1217 1891 1459 1930 ecclesiastica
1484 1891 1648 1928 nondum

178 1948 303 1986 edita·
333 1945 492 1984 habena
507 1945 725 1998 velserula
746 1946 960 1986 caederem
979 1948 1000 1985 1.
1023 1948 1046 1988 1
1070 1944 1123 2000 §f
1112 1961 1186 1999 1mp
1189 1949 1293 1986 uberi
1311 1947 1358 1985 D.
1376 1948 1424 1985 de
1435 1947 1563 1985 Senat.
1578 1947 1646 1987 Sil.

105 2022 108 2024 v
179 2003 336 2043 Glossae
355 2003 500 2070 Cyrilli·
524 2005 655 2055 λωρος
674 2003 850 2048 havena,
878 2017 947 2055 pro
968 2004 1123 2043 habenae
1168 2006 1272 2042 item:
1303 1999 1397 2054 ἱμάς
1413 2001 1586 2040 habena.

293 2077 319 2101 α
309 2055 356 2100 ’ὃ
365 2075 388 2099 ν
401 2055 460 2101 ov'
473 2075 526 2113 μι
539 2075 594 2100 ον
623 2060 787 2109 dilectus,
817 2073 947 2098 census
964 2066 1002 2099 et
1022 2060 1223 2112 descriptio
1247 2059 1410 2098 militum.
1458 2061 1649 2099 Constan-

178 2117 276 2156 tinus
294 2118 333 2156 in
351 2116 481 2158 Tact.:
525 2113 688 2183 ἁρμόζει
716 2114 760 2157 δὲ
788 2115 855 2156 καὶ
885 2116 942 2164 εἰς
969 2113 1041 2157 τὸν
1067 2113 1206 2169 καιρόν
1233 2119 1306 2166 τῆς
1334 2111 1457 2168 ρόγας
1484 2114 1553 2155 καὶ
1571 2118 1649 2155 τοῦ

179 2169 405 2227 ἆδνουμίου
425 2168 769 2225 οἷδνουμιαζεσθαι
788 2172 856 2212 καὶ
877 2169 1202 2226 ἀπογράφεσθαι.
1259 2174 1338 2212 Leo
1363 2172 1471 2213 Tact.
1499 2174 1648 2211 constit.

178 2233 207 2272 9
233 2227 255 2283 ᾗ
276 2229 323 2271 4.
364 2229 400 2270 εἰ
425 2228 470 2270 δέ
495 2245 591 2270 ποτε
618 2230 729 2282 χρεία
751 2229 906 2270 καλέσει
925 2233 1043 2270 τοῦτο
1061 2231 1249 2282 γίνεσθαι
1270 2226 1386 2284 χάριν
1406 2224 1646 2281 α’δνουμίου,

177 2299 213 2326 v
231 2287 396 2335 Sumam,
426 2286 675 2325 Phavorinum
692 2292 729 2326 et
754 2287 842 2324 Glos
828 2300 903 2324 sas
921 2287 1112 2327 Basilicon.

292 2339 504 2394 ἆερικόν
537 2344 713 2382 tributum
734 2357 803 2395 pro
834 2344 962 2395 spiritu
990 2344 1100 2384 aerio.
1158 2343 1340 2383 Cuiaeius.
1399 2341 1481 2381 Leo
1501 2341 1645 2381 Tactic.

179 2414 211 2439 c.
231 2401 287 2441 20
310 2397 334 2453 §
360 2401 434 2441 71:
479 2395 593 2453 ἆρκεῖ
614 2415 689 2469 γαρ
725 2396 862 2448 αὐτοῖς
891 2403 1016 2440 τελεῖν
1045 2415 1141 2447 τους
1168 2414 1209 2439 τε
1241 2398 1459 2451 δημοσίους
1491 2395 1648 2450 φόρους

179 2456 247 2496 καὶ
274 2454 323 2497 τοὶ
354 2455 581 2509 ἐπικείμενα
600 2452 738 2504 αυτοῖς
758 2452 915 2509 αἐρικοὶ,
945 2456 1014 2498 καὶ
1032 2454 1157 2508 μηδὲν
1176 2454 1297 2496 πλέον
1315 2456 1646 2508 καταβαρεῖσθαι.

180 2526 291 2564 quem
317 2513 436 2552 locum
458 2514 639 2566 interpres
663 2526 738 2552 non
763 2514 950 2553 intellexit.
1011 2516 1156 2553 videtur
1175 2518 1297 2551 autem
1318 2512 1512 2551 convenire
1531 2513 1647 2550 inter-

179 2571 381 2622 pretationi
397 2571 600 2622 Procopii
591 2583 628 2609 ιιι
650 2565 806 2619 ανεκδη
835 2576 874 2609 ut
897 2573 928 2610 si
950 2571 1075 2610 tributi
1101 2583 1219 2621 genus
1247 2570 1347 2621 quod
1367 2582 1479 2621 supra
1500 2569 1646 2607 solitum

180 2639 358 2666 canonem
375 2627 543 2679 exigitur.

294 2657 548 2723 ἀθάνατοι
587 2682 833 2730 immortales,
879 2687 919 2721 ut
950 2683 1050 2734 apud
1090 2683 1234 2721 Persas.
1292 2682 1493 2733 Procopius
1532 2691 1644 2734 περσ.

177 2753 218 2791 p
236 2741 311 2780 22·
343 2737 467 2791 μόνον
488 2737 529 2779 δὲ
550 2736 622 2780 τόν
641 2755 722 2779 των
743 2735 963 2780 ἇθανατων
982 2735 1196 2793 λεγόμενον
1217 2740 1333 2791 λόχον
1355 2737 1486 2790 ἡσυχῆ
1510 2736 1646 2791 μένειν

179 2795 255 2844 ἕως
286 2812 407 2843 αυτος
437 2792 599 2851 σημήνῃ
629 2794 843 2838 ἐκέλεισεν.
901 2810 935 2838 v,
956 2798 1145 2836 Socratem
1165 2797 1251 2836 hist.
1273 2795 1356 2836 eccl.
1376 2797 1403 2837 7
1431 2797 1509 2845 20,
1539 2794 1575 2835 Γ
1578 2795 1645 2835 he-

175 2853 286 2892 mistii
303 2858 418 2901 orat,
443 2852 681 2894 Athenaeum.
