1890 3236
283 148 382 197 442
758 150 994 194 GEORGII
1029 149 1272 194 CEDRENI

281 265 569 320 προσχωρῆσαι
594 261 638 302 δὲ
668 265 724 318 τῷ
752 262 879 319 Φωκᾷ
909 259 935 315 ἢ
964 265 1023 318 τῷ
1042 265 1209 314 βασιλεῖ’
1233 261 1323 304 λίαν
1351 259 1506 320 ἀγεννὲς
1524 261 1646 324 ’ᾠήθη
1667 267 1735 309 καὶ

282 331 492 387 ἄνανδρον.
558 329 688 370 πολλὰ
710 332 805 383 γοῦν
825 327 1110 383 γνωματεύσας
1136 329 1239 382 μετὰ
1269 334 1350 372 τῶν
1379 330 1592 386 συνόντων,
1622 335 1735 387 τέλος

279 399 324 440 τὸ
344 400 417 452 μὲν
437 395 560 451 μόνος
581 397 904 452 ἀνευφημεῖσθαι
927 394 982 446 ὥς
1000 398 1192 451 βασιλεὺς
1209 397 1443 454 παράβολον
1463 401 1530 443 καὶ
1550 401 1734 450 ἀλυσιτε-

231 477 261 511 c
282 468 344 516 λές
365 466 433 507 διὰ
451 466 496 507 τὸ
521 463 717 507 ἀδύνατον
733 466 944 519 ἐλογίζετο,
979 464 1036 507 ἑνὶ
1057 467 1100 507 δὲ
1115 471 1511 527 προσφοιῑῆσαι-τῶν
1527 470 1737 518 δυναστῶν

268 524 346 576 ’καὶ
373 537 445 576 τοῦ
476 531 611 588 ἑτέρου
644 537 951 590 καταφρονῆσαι
982 535 1241 589 κατεγίνωσκε
1269 535 1337 577 διὰ
1363 536 1409 578 τὸ
1427 540 1500 580 τοῦ
1519 537 1768 594 μέλλοντοςῤ

280 602 441 656 ἄδηλον.
509 600 607 656 ἔγνω
638 596 708 643 οὖν
740 601 844 644 κατὰ
881 601 926 644 τὸ
964 603 1133 644 δυνατὸν
1163 604 1230 645 καὶ
1251 602 1377 660 ἄμφω
1397 596 1735 661 προσκτήσασθαι

279 672 352 720 τὰς
372 667 524 726 ἀρχάς,
554 669 612 710 ‘lv'
647 671 690 720 ἐξ
721 670 942 724 ἀποτυχίας
969 671 1042 725 τὴν
1070 670 1208 727 ἑτέραν
1227 671 1296 728 ἔχῃ
1318 673 1479 727 βοηθὸν
1495 675 1563 716 καὶ
1583 672 1736 730 συλλή-

279 755 423 794 πτορα.
490 736 714 795 γράμματα
751 739 825 792 μὲν
857 733 928 781 οὖν
958 739 1081 789 αὐτὸς
1113 741 1300 794 ἐκπέμπει
1333 740 1436 797 πρὸς
1465 741 1537 785 τὸν
1570 744 1738 795 Φωκᾶν,

279 808 559 863 κοινοπραγίαν
592 807 759 856 ἐξαιτῶν
790 809 857 850 καὶ
886 811 959 862 τῆς
986 810 1195 862 βασιλείας
1217 809 1422 864 διανομήν,
1458 812 1493 856 εἲ
1513 813 1734 866 καταγωνί-

279 879 436 919 σασθαι
470 876 680 929 δυνηθεῖεν
712 874 782 917 τὸν
809 877 993 930 βασιλέα.
1062 875 1203 936 λάθρᾳ
1234 878 1277 919 δὲ
1302 876 1518 932 (Ρωμανόν
1542 878 1613 922 τὸν
1642 879 1732 923 υἱὸν
1745 886 1792 930 10

277 944 463 998 ἐκπέμπει
484 942 584 999 πρὸς
601 942 671 985 τὸν
689 944 861 997 βασιλέα
886 942 941 995 ὡς
961 942 1066 998 τάχα
1089 944 1422 1000 αὐτομολήσαντα
1430 978 1443 998 ,
1471 948 1582 989 ·λίαν
1599 948 1734 1004 ἐντρε-

273 1017 359 1065 χῶς
379 1009 639 1067 λογισάμενός
657 1029 697 1054 τε
718 1014 783 1054 καὶ
806 1014 964 1070 κρίνας,
995 1014 1052 1055 ‘lv'
1075 1016 1109 1055 εἴ
1126 1015 1199 1067 μὲν
1217 1013 1238 1056 ὃ
1264 1018 1414 1065 (imag
1432 1013 1626 1072 ὑπερέχῃ,
1655 1016 1735 1060 αὖ·-

221 1087 252 1120 D
279 1081 345 1130 τὸς
365 1081 423 1135 εἴη
445 1081 581 1136 σωτὴρ
604 1084 678 1123 τοῦ
699 1079 864 1132 παιδός,
911 1084 945 1124 εἴ
973 1081 1014 1123 δ’
1041 1082 1348 1140 ἐπικρατέστερα
1367 1082 1417 1126 τὰ
1438 1088 1512 1126 τοῦ
1532 1084 1732 1137 βασιλέως

272 1147 463 1205 ὑπάρξει,
519 1148 640 1199 αὐτὸς
668 1149 723 1191 δι’
755 1150 904 1192 ἐκείνου>
931 1153 1197 1206 παραιτηθεὶς
1224 1156 1296 1193 τοῦ
1332 1151 1517 1194 κινδύνου
1547 1151 1731 1209 ρυσθείη.

271 1220 337 1260 καὶ
366 1216 387 1260 ὃ
419 1217 492 1272 μέν
515 1215 729 1271 εΡωμανὸς
763 1216 927 1273 δόκησιν
957 1222 1088 1275 φυγῆς
1115 1219 1336 1274 παρασχών
1370 1219 1503 1263 ἄπεισι
1534 1220 1636 1277 πρὸς
1659 1220 1729 1263 τὸν
1742 1228 1787 1264 15

269 1286 461 1339 βασιλέα·
510 1284 555 1328 ὃν
584 1280 700 1336 οὗτος
731 1285 989 1344 φιλοφρόνως
1018 1286 1123 1342 ἄγαν
1157 1286 1371 1342 δεξάμενος
1402 1290 1469 1330 καὶ
1503 1293 1731 1345 περιχαρίῦς

269 1353 492 1412 μάγιστρόν
512 1371 554 1396 τε
584 1355 735 1405 εὐθέως
765 1357 924 1410 ἐτίμησε
952 1357 1020 1398 καὶ
1051 1354 1270 1414 συμβούλῳ
1299 1357 1368 1399 διὰ
1400 1356 1549 1407 παντὸς
1576 1357 1619 1399 ἐν
1646 1363 1731 1408 τοῖς

270 1423 459 1477 πολέμοις
476 1424 634 1479 ἐχρῆτο.
703 1425 771 1465 καὶ
800 1424 878 1480 γὰρ
906 1425 956 1478 δὴ
987 1424 1089 1478 μετὰ
1117 1425 1191 1479 τὴν
1218 1427 1274 1475 εἷς
1292 1427 1444 1480 Συρίαν
1473 1423 1730 1482 ὑποχώρησιν

270 1496 342 1534 τοῦ
363 1494 551 1548 Σκληροῢ
573 1496 653 1534 τῶν
681 1493 906 1548 φροντίδων
928 1490 949 1534 ὅ
967 1493 1159 1546 βασιλεὺς
1177 1493 1418 1549 ἀπαλλαγεὶς
1438 1495 1505 1535 καὶ
1526 1498 1606 1536 τῶν
1624 1496 1728 1536 διοι-

269 1558 422 1614 κήσεων
454 1557 677 1614 ἁπτόμενος
707 1559 1012 1617 ἀνδρικώτερον,
1055 1562 1136 1602 ἐπεὶ
1159 1560 1257 1616 ἔγνω
1279 1561 1348 1604 τὸν
1369 1560 1726 1618 παρακοιμώμενον
1738 1570 1789 1605 20

271 1628 328 1683 μὴ
359 1627 624 1685 ἀρεσκόμενον
654 1635 738 1679 τοῖς
767 1629 985 1685 δρωμένοις
1016 1629 1110 1670 ἀλλ’
1134 1627 1510 1686 ὖποτονθορύζοντα
1530 1632 1598 1672 καὶ
1617 1631 1728 1673 δεινὰ

273 1694 448 1754 δράσειν,
483 1698 518 1739 εἲ
538 1701 682 1754 καιροῦ
700 1696 888 1752 λάβοιτο,
923 1695 1190 1752 ἐλπιζόμενον,
1224 1703 1366 1742 τοῦτον
1382 1699 1456 1753 μὲν
1474 1696 1638 1755 κατάγει
1656 1703 1729 1755 τῆς

360 1827 404 1862 11
425 1824 495 1863 τὸν
518 1838 574 1862 om
597 1827 628 1862 C

265 1940 414 1976 nendum
435 1941 617 1987 imperium
639 1940 783 1976 videbat
804 1951 1020 1985 nequaqnam
1042 1941 1129 1976 satis
1148 1941 1279 1977 habere
1294 1941 1431 1988 virium,
1461 1944 1498 1977 et
1513 1941 1569 1977 vel
1584 1941 1731 1978 Phocae

264 1987 321 2021 vel
333 1987 537 2034 imperatori
551 2000 590 2022 se
607 1988 796 2032 adiungere
811 1988 988 2032 indignum
1003 1988 1180 2022 iudicabat
1195 1987 1452 2033 effeminatique
1470 1988 1616 2022 hominis
1633 1988 1722 2023 faci-

226 2054 231 2061 ψ
264 2045 340 2069 nus,
375 2045 414 2067 re
437 2034 497 2068 diu
520 2034 730 2078 multumque
753 2033 947 2068 deliberata
971 2045 1046 2068 cum
1067 2034 1140 2068 suis
1163 2034 1332 2078 decrevit,
1367 2034 1398 2067 si
1419 2033 1514 2068 solus
1540 2034 1724 2079 imperium

266 2079 335 2113 sibi
351 2079 557 2123 vindicaret,
582 2091 659 2114 eum
675 2084 845 2124 conatum,
870 2079 954 2124 quia
975 2079 1090 2114 teneri
1114 2080 1328 2125 propositum
1351 2078 1442 2114 nullo
1466 2080 1566 2114 modo
1589 2086 1722 2126 posset,

266 2125 368 2159 nimis
390 2126 610 2160 temerari-um
628 2125 854 2171 inutilemque
876 2126 969 2159 fore:
995 2130 1066 2160 tum
1089 2137 1203 2160 rerum
1223 2125 1328 2159 dubio
1352 2125 1449 2159 exitu
1472 2125 1576 2160 alteri
1596 2138 1636 2160 se
1659 2138 1723 2160 eo-

263 2183 339 2205 rum
364 2184 472 2216 penes
496 2184 582 2218 quos
605 2183 735 2207 summa
755 2177 832 2206 erat
854 2171 1075 2216 coniungere,
1098 2172 1209 2206 altero
1230 2176 1363 2217 spreto,
1381 2182 1460 2206 esse
1478 2171 1722 2217 periculosum.

263 2217 385 2262 itaque
405 2218 485 2262 sibi,
509 2224 672 2263 quantum
695 2219 770 2252 eius
793 2217 873 2252 fieri
895 2223 1027 2262 posset,
1052 2222 1234 2262 utrumque
1257 2217 1519 2260 conciliandum,
1551 2222 1591 2252 ut
1613 2216 1721 2252 alter-

265 2269 343 2297 utro
376 2275 539 2299 successu
572 2268 713 2298 carente
748 2264 841 2310 apud
873 2264 1016 2298 alterum
1050 2263 1163 2298 locum
1186 2264 1333 2297 haberet
1353 2268 1390 2298 et
1412 2262 1587 2298 auxilium.
1635 2274 1722 2308 ergo

263 2308 375 2343 literis
399 2311 444 2344 ad
467 2310 618 2344 Phocam
641 2309 757 2345 missis
780 2310 982 2344 societatem
1007 2321 1082 2343 cum
1107 2322 1147 2343 eo
1172 2309 1391 2355 imperatoris
1413 2309 1632 2354 opprimendi
1654 2309 1722 2344 im-

260 2355 420 2400 periique
451 2356 678 2400 partitionem
713 2367 836 2391 secure
859 2356 949 2390 inire
970 2355 1159 2400 significat.
1218 2354 1352 2389 occulte
1388 2361 1502 2390 autem
1530 2356 1722 2390 Romanum

261 2401 388 2444 filium,
424 2402 584 2437 simulato
612 2414 690 2437 eum
718 2401 970 2447 transfugisse,
1003 2403 1047 2436 ad
1072 2401 1315 2447 imperatorem
1341 2401 1465 2445 mittit,
1499 2400 1722 2436 callidissime

261 2446 328 2479 hoc
352 2447 556 2492 meditatus,
586 2453 626 2483 ut
655 2449 733 2483 sive
755 2449 892 2482 Phocas
924 2446 1087 2492 vicisset,
1123 2447 1195 2481 filio
1227 2447 1305 2492 ipse
1334 2447 1471 2481 veniam
1502 2447 1720 2493 impetraret,

263 2494 340 2526 sive
362 2492 582 2538 imperatoris
604 2506 662 2529 res
686 2494 975 2539 praevaluissent,
1001 2493 1064 2527 filii
1086 2493 1332 2539 deprecatione
1348 2492 1536 2538 periculum
1554 2492 1719 2527 evitaret.

280 2538 439 2574 {omanus
463 2552 546 2585 ergo
569 2540 726 2575 simulato
750 2540 912 2586 perfugio
937 2539 981 2573 ad
1003 2539 1246 2584 imperatorem
1270 2539 1365 2583 abit,
1400 2539 1444 2572 ab
1474 2550 1587 2583 eoque
1615 2537 1718 2572 beni—

263 2583 426 2626 guissime
450 2590 485 2620 et
507 2597 582 2620 cum
607 2586 736 2630 gaudio
760 2591 946 2630 acceptus,
982 2586 1099 2619 statim
1129 2585 1321 2629 magisterii
1343 2585 1386 2618 ad
1409 2584 1612 2628 dignitatem
1633 2595 1718 2618 eve-

265 2634 351 2673 ctus,
378 2632 468 2675 apud
492 2643 566 2666 eum
590 2631 626 2666 in
650 2644 778 2667 summo
802 2631 968 2677 deinceps
990 2631 1122 2665 honore
1145 2631 1213 2665 fuit
1235 2630 1442 2675 habitusque
1459 2629 1496 2664 in
1514 2629 1613 2664 bellis
1633 2640 1717 2663 con-

262 2674 429 2711 siliarius,
476 2678 602 2712 etenim
629 2678 820 2723 imperator
843 2678 939 2711 Duro
966 2676 1003 2710 in
1028 2677 1167 2720 Syriam
1194 2677 1353 2721 profecto
1385 2675 1606 2710 solicitudine
1626 2674 1716 2709 libe-

262 2726 371 2764 ratus,
395 2733 470 2755 cum
488 2734 601 2757 rerum
626 2723 916 2758 administrationi
938 2723 1127 2768 impensius
1149 2734 1228 2756 sese
1250 2722 1363 2765 daret,
1389 2721 1553 2756 Basiliam
1574 2720 1716 2754 cubicu-

261 2765 403 2810 larium,
434 2768 587 2803 sentiens
620 2781 695 2803 eum
727 2781 790 2804 sua
812 2775 890 2803 acta
912 2770 1110 2814 improbare
1133 2774 1170 2802 et
1194 2779 1347 2801 mussare
1370 2774 1475 2812 atque
1497 2766 1588 2801 haud
1611 2765 1717 2800 dubie

261 2813 478 2848 occasionem
501 2814 683 2859 aliquando
708 2820 843 2850 nactum
867 2815 1003 2849 facinus
1027 2820 1129 2849 atrox
1152 2821 1273 2849 contra
1296 2825 1335 2848 se
1359 2823 1542 2857 ausurum,
1566 2811 1643 2846 aula
1660 2810 1714 2845 di-
