1890 3236
0 0 41 203 f
215 156 226 164 ’
486 164 889 213 HISTORIARUM
930 162 1324 211 COMPENDIUM.
1544 161 1644 211 403

163 281 335 334 &cmg
347 286 462 326 σῖτον
481 281 550 325 καὶ
566 279 735 340 κέγχρον
752 281 820 324 καὶ
839 278 928 336 εἴδη
947 278 1053 323 ἄλλα
1070 278 1281 326 συνεκτικὰ
1300 282 1374 337 τῆς
1390 279 1518 337 ζωῆς,
1544 278 1645 337 ἀνή-

161 368 283 410 γοντο
302 351 374 395 διὰ
389 354 465 396 τοῦ
482 354 671 406 ποταμοῦ
691 357 777 402 τοῖς
793 348 1034 406 μονοξύλοις
1050 351 1107 401 εἷς
1125 350 1172 394 τὸ
1193 347 1469 408 Δορόστολον.
1537 351 1580 393 ἐν
1601 352 1645 393 δὲ

161 425 224 480 τῷ
242 420 438 465 ἀναπλεῖν
460 418 712 475 θεασάμενοι
733 419 839 463 κατὰ
858 419 904 464 τὸ
921 423 1063 474 χεῖλος
1082 423 1154 463 τοῦ
1174 422 1366 475 ποταμοῦ
1383 416 1645 477 θεράποντας

162 489 240 535 οὔκ
276 490 436 548 ὀλίγους
467 494 549 534 τῶν
581 493 841 548 στρατιωτῶν
866 489 964 540 τοὺς
994 488 1069 543 μὲν
1097 489 1249 540 ἵππους
1279 489 1516 541 ποτίζοντας
1547 489 1646 541 τούς

115 560 213 604 532
231 559 605 618 χορτολογοῦντας,
650 558 800 609 ἄλλους
831 558 875 611 δὲ
904 559 972 601 καὶ
1002 555 1264 610 ξυλεύοντας,
1309 556 1537 612 ἀποβάντες
1561 563 1645 603 τῶν

148 630 316 672 ,πλοίων
333 628 412 678 ,διὰ
433 632 512 684 τῆς
526 623 639 684 1ὕλης
670 627 860 686 ἀψοφητὶ
887 627 1122 682 βαδίζοντες
1150 625 1362 682 ἀδοκήτως
1378 629 1422 671 ἐκ
1439 632 1513 671 τοῦ
1527 628 1645 686 ἀφα-

164 702 262 750 νοῦς
289 698 554 753 ἐμπίπτωσιν
585 697 746 750 αὐτοῖς,
789 698 857 740 καὶ
886 695 1062 747 πολλοὺς
1097 695 1172 750 μὲν
1205 694 1360 740 τούτων
1396 696 1644 752 ἀπέκτειναν,

148 767 263 819 ,τοῦς
282 768 329 812 δὲ
349 767 517 818 λοιποὺς
537 767 602 810 ἐπὶ
623 766 699 817 τὰς
718 766 889 821 πλησίον
913 765 1071 820 λόχμας
1091 766 1371 822 σκεδασθῆναι
1394 766 1644 823 ἠνάγκασαν.

147 830 292 888 ,αὖθις
315 835 360 881 δ’
394 838 452 888 εἰς
471 835 546 887 τὰς
566 833 731 893 σκάφας
753 834 948 890 ἐμβάντες
969 837 1037 878 καὶ
1061 834 1184 893 οὐρίῳ
1207 833 1424 893 φερόμενοι
1442 835 1639 891 πνεύματι
1663 845 1696 881 C

110 905 273 964 ιοπρὸς-
301 905 348 950 τὸ
378 903 643 963 Δορόστολον
674 905 880 962 φέρονται.
948 909 1069 947 τοῦτο
1095 905 1140 947 δὲ
1164 905 1348 960 γνωσθὲν
1378 906 1435 956 εἷς
1464 904 1645 962 μεγάλην

166 974 286 1021 ἆνίαν
319 972 513 1030 ἐμβάλλει
538 973 611 1018 τὸν
634 974 832 1029 βασιλέα,
879 975 947 1016 καὶ
977 973 1074 1025 τοὺς
1102 973 1306 1031 ἀρχηγοὺς
1329 979 1401 1018 τοῦ
1427 973 1574 1018 στόλου
1601 977 1642 1019 ἐν

144 1045 280 1105 -αῗτίᾳ
305 1041 463 1102 μεγάλῃ
493 1042 631 1098 ἴσχεν,
667 1037 730 1086 ὅτι
756 1043 815 1099 μὴ
847 1040 1079 1101 ἐπῄσθοντο
1107 1046 1182 1086 τοῦ
1209 1045 1252 1086 ἐκ
1273 1041 1539 1102 Δοροστόλου
1561 1050 1644 1088 τῶν

165 1110 394 1172 βαρβάρων
425 1110 636 1157 ἀπόπλου·
669 1113 907 1168 ἐπηπείλησε
939 1113 986 1155 δέ
1012 1114 1080 1156 καὶ
1110 1109 1296 1156 θάνατον
1325 1113 1463 1164 αὐτοῖς
1470 1145 1485 1166 ,
1521 1115 1557 1157 εἲ
1585 1114 1644 1158 ἔτι

169 1181 280 1235 ἅπαξ
308 1181 422 1240 λάθῃ
452 1180 635 1226 τοιοῦτόν
664 1199 703 1225 τι
730 1182 934 1238 γενέσθαι.
1003 1183 1072 1224 καὶ
1094 1182 1134 1225 οἱ
1157 1182 1238 1236 μὲν·
1250 1182 1326 1234 τὰς
1347 1182 1447 1240 παρ’
1471 1181 1644 1241 ἑκάτερα

95 1251 304 1308 ,ιεῖίχθας
326 1257 399 1296 τοῦ
423 1255 612 1306 ποταμοῦ
636 1249 806 1308 ἐτήρουν
835 1252 1053 1306 ἐπιμελῶς,
1092 1249 1114 1294 ὃ
1146 1251 1191 1293 δέ
1218 1252 1413 1306 βασιλεὺς
1439 1252 1511 1310 ἐφ’
1545 1251 1646 1304 ὅλας

169 1322 284 1366 πέντε
315 1323 384 1364 καὶ
412 1318 606 1376 ἑξήκοντα
634 1318 791 1378 ἡμέρας
818 1324 870 1378 τῇ
898 1321 1110 1380 πολιορκίᾳ
1126 1319 1409 1377 χρησάμενος,
1444 1323 1511 1364 καὶ
1535 1323 1640 1365 καθ’

170 1389 344 1446 ἑκάστην
360 1393 548 1445 πολεμῶν
567 1391 635 1432 καὶ
655 1389 716 1445 μὴ
739 1389 860 1440 ἀνιείς
867 1420 882 1441 ,
915 1390 1006 1432 δέον
1027 1388 1187 1444 ἐνόμισε
1205 1390 1275 1432 διὰ
1293 1391 1559 1448 προσεδρείας
1574 1393 1645 1434 καὶ

169 1463 294 1515 λιμοῦ
314 1460 622 1516 ἀποπειρᾶσθαι
643 1463 719 1515 τῆς
735 1457 902 1509 πόλεως.
971 1457 1036 1501 διὸ
1060 1460 1128 1502 καὶ
1151 1456 1356 1502 πάντοθεν
1375 1458 1550 1518 τάφροις
1569 1460 1645 1511 τὰς

147 1561 149 1563 ·
170 1527 294 1580 ὁδοὺς
320 1528 563 1580 ἀποκλείσας
580 1529 649 1571 καὶ
670 1526 858 1587 φύλακας
875 1526 1094 1583 ἐπιστήσας
1115 1527 1277 1582 αὗταΐς,
1312 1526 1369 1580 ὡς
1387 1527 1447 1584 μή
1466 1547 1528 1580 τις
1548 1529 1646 1581 ἐξίοι

112 1598 226 1651 Ξοτὰ
248 1596 454 1654 ἐπιτήδεια
480 1598 679 1653 κομίσων,
713 1595 893 1654 ἐκάθητο
919 1596 1096 1655 ἠρεμῶν.
1162 1598 1233 1641 καὶ
1260 1597 1314 1642 τὰ
1337 1598 1413 1654 μὲν
1435 1599 1479 1643 ἐν
1498 1599 1635 1658 Δορο-
1662 1602 1695 1639 D

170 1666 304 1728 στόλῳ
324 1667 491 1725 ἐφέρετο
510 1668 621 1726 τῇδε.

292 1737 433 1782 -Λέων
464 1737 510 1781 δὲ
538 1734 559 1780 ὅ
592 1733 903 1794 κουροπαλάτης
933 1736 1002 1779 καὶ
1028 1733 1271 1795 Νικηφόρος
1302 1734 1324 1781 ὅ
1356 1732 1502 1782 τούτου
1534 1743 1645 1792 παῒς,

146 1839 148 1841 »
168 1803 334 1863 δοκήσει
355 1805 452 1862 μέν,
485 1804 542 1858 ὥς
559 1805 722 1861 εἴπομεν
742 1804 976 1865 ἔμπροσθεν
983 1838 999 1860 ,
1032 1808 1316 1865 πηρωθέντες,
1349 1805 1408 1851 ἔτι
1427 1807 1472 1851 δ’
1496 1807 1647 1859 ἅσινεῖς

0 790 4 846 -w—
0 688 7 774 2-v2x--
0 659 1 666 ⁴
0 587 7 647 *v
2 557 6 569 -

262 1949 288 1987 3
308 1950 427 1996 τεῒχος
445 1949 478 1986 C
615 1948 641 1986 6
657 1943 853 1996 τάφανοῦς
875 1949 906 1985 C
1021 1948 1068 1986 14
1090 1945 1268 1996 ἑκατέρας
1288 1949 1320 1985 0
1435 1950 1480 1988 19
1505 1946 1590 1997 ἐπίῃ
1613 1949 1644 1985 O

171 2089 243 2124 que
276 2076 434 2114 nancisci
461 2081 602 2125 poterat
628 2077 838 2114 frumentum
861 2076 989 2114 milium
1013 2082 1050 2114 et
1073 2078 1161 2114 alias
1186 2078 1231 2114 ad
1252 2077 1360 2113 vitam
1383 2078 1646 2113 sustentandam

170 2125 344 2160 facientes
371 2137 446 2169 res,
482 2137 618 2161 rursum
642 2126 792 2161 adverso
815 2126 958 2160 flumine
978 2125 1202 2160 Dorostolum
1227 2125 1412 2159 vehuntur.
1459 2130 1565 2170 atque
1586 2125 1645 2159 in·-

172 2175 231 2207 ter
261 2171 519 2216 revehendum,
553 2184 629 2207 cum
657 2172 694 2206 in
726 2173 806 2219 ripa
837 2171 991 2206 fluminis
1023 2172 1188 2207 viderent
1214 2171 1356 2207 calones
1382 2171 1475 2206 haud
1497 2182 1643 2216 paucos,

170 2227 319 2262 quorum
351 2218 413 2253 alii
441 2229 552 2264 equos
586 2220 754 2264 potabant
781 2218 841 2252 alii
864 2219 1006 2253 herbam
1030 2224 1091 2253 aut
1112 2218 1209 2263 ligna
1231 2217 1461 2261 colligebant,
1494 2217 1645 2252 navibus

172 2263 310 2308 egressi
334 2269 371 2298 et
395 2276 460 2310 per
481 2264 605 2299 silvam
626 2266 760 2310 absque
778 2265 927 2310 strepitu
948 2264 1152 2299 incedentes
1174 2276 1235 2298 eos
1254 2263 1340 2297 nihil
1360 2262 1430 2298 tale
1448 2263 1646 2307 cogitantes

172 2309 292 2345 subito
314 2310 539 2355 adoriuntur,
568 2310 754 2356 multisque
777 2310 974 2346 interfectis
996 2310 1151 2355 reliquos
1173 2310 1313 2356 palatim
1335 2309 1373 2344 iu
1396 2310 1556 2354 proxima
1579 2321 1644 2344 ne-

174 2367 274 2391 mora
295 2367 336 2391 se
360 2357 491 2390 abdere
513 2362 654 2402 cogunt.
701 2355 773 2403 ipsi
805 2357 878 2392 suis
911 2356 1074 2392 lintribus
1108 2367 1243 2391 rursum
1266 2355 1466 2390 conscensis
1489 2356 1645 2391 secundo

173 2408 282 2437 vento
305 2401 528 2438 Dorostolum
550 2404 712 2438 redeunt.
759 2403 949 2449 imperator
968 2408 1006 2438 ut
1027 2403 1094 2437 hoc
1115 2402 1293 2448 percepit,
1319 2401 1563 2437 molestissime
1586 2407 1645 2437 tu-

171 2448 240 2493 lit,
275 2453 313 2484 et
334 2450 535 2494 praefectos
558 2449 680 2484 classis
702 2449 910 2494 gravissime
932 2449 1111 2496 culpavit,
1145 2450 1241 2494 quod
1261 2449 1432 2483 barbaros
1454 2447 1645 2485 Dorostolo

175 2494 283 2531 avehi
315 2507 385 2531 non
415 2495 629 2540 sensissent,
669 2496 818 2531 minatus
843 2496 947 2531 etiam
977 2502 1145 2539 mortem,
1176 2495 1209 2530 si
1240 2494 1325 2539 quid
1356 2498 1545 2540 praeterea
1573 2495 1646 2531 tale

173 2540 264 2588 ipsis
287 2553 356 2576 non
378 2542 648 2578 observantibus
680 2543 794 2577 fieret.
841 2554 910 2588 quo
943 2543 1074 2577 factum
1103 2546 1142 2576 ut
1163 2541 1191 2575 ii
1215 2547 1398 2586 utramque
1417 2540 1572 2577 fluminis
1591 2541 1645 2576 ri-

173 2598 256 2634 pam
293 2587 560 2634 diligentissime
600 2588 748 2636 posthac
784 2588 1015 2624 custodirent.
1060 2587 1237 2623 enimvero
1268 2587 1463 2633 imperator
1491 2599 1568 2622 cum
1599 2588 1647 2625 65

174 2633 359 2670 continuos
381 2635 458 2670 dies
479 2636 598 2670 urbem
623 2640 879 2682 oppugnasset,
914 2647 989 2671 eam
1019 2634 1166 2681 posthac
1191 2633 1376 2669 obsidione
1400 2639 1438 2668 et
1455 2634 1548 2670 fame
1570 2638 1646 2669 sta-

174 2679 245 2716 tuit
275 2685 425 2718 tentare.
472 2681 554 2717 ideo
583 2681 660 2718 vias
694 2693 812 2716 omnes
843 2681 950 2717 fossis
982 2681 1071 2716 actis
1096 2686 1132 2716 et
1152 2679 1341 2726 praesidiis
1369 2679 1500 2715 additis
1521 2681 1646 2725 munit,

174 2737 221 2762 ne
253 2727 331 2772 quis
364 2727 604 2764 alimentorum
630 2729 858 2774 petendorum
890 2740 996 2765 causa
1026 2727 1125 2764 exire
1150 2728 1237 2762 urbe
1260 2730 1404 2774 possen
1436 2727 1586 2774 ipseque
1607 2726 1645 2762 in

173 2772 360 2810 obsidione
381 2773 520 2809 interim
544 2775 616 2810 otio
639 2775 781 2810 fruitur.

267 2820 357 2856 Dum
380 2820 466 2856 haec
488 2821 532 2857 ad
553 2821 776 2858 Dorostolum
800 2824 989 2867 geruntur,
1023 2818 1100 2855 Leo
1120 2831 1204 2855 curo
1231 2819 1342 2855 alates
1364 2822 1403 2854 et
1422 2817 1648 2864 Nicephorus

174 2865 252 2902 eius
284 2865 398 2913 tilius,
440 2879 528 2914 quos
558 2874 642 2906 aute
671 2869 852 2905 docuimus
879 2865 1111 2908 incolumibus
1142 2878 1185 2903 oc
1223 2866 1232 2875 ‘
1283 2865 1467 2912 dimissos,
1506 2866 1647 2902 tametsi
