1916 3210
337 173 435 221 592
805 171 1042 218 GEORGII
1075 173 1316 220 CEDRENI

335 287 467 338 ἀδεῶς
496 285 547 329 τὰ
578 282 770 340 θεμέλια,
804 282 1020 338 πιστεύσας
1049 283 1106 338 ὥς
1134 286 1266 339 οὐδεὶς
1291 286 1504 347 προκύψαι
1529 295 1610 338 τοῦ,
1631 291 1787 347 τείχους

336 351 693 411 συγχωρηθήσεται
711 350 791 396 ὑπὸ
811 357 884 396 τοῦ
906 352 1092 410 πλήθους
1108 359 1190 399 τῶν
1206 360 1359 411 βελῶν·
1392 359 1461 401 καὶ
1487 361 1785 418 τοῦτονῒὲφαν-

335 422 473 476 τάζετο
504 421 574 464 τὸν
598 418 748 478 τρόπον
775 419 1099 479 παραλήψεσθαι
1115 424 1190 479 τὴν
1207 423 1336 469 πόλιν.
1401 430 1530 470 ταῦτα
1556 427 1603 470 δὲ
1616 447 1620 455 2
1626 428 1785 482 βλέπων

335 490 415 535 ἀπὸ
448 494 519 533 τοῦ
547 490 700 544 τείχους
731 487 753 532 ὃ
779 488 1010 547 Ἀποκάπης
1030 499 1115 543 τοῖς
1134 493 1208 548 μὲν
1228 498 1584 551 τειχοφυλακοῦσιν
1604 495 1785 554 ἀτρεμεῖν

334 561 403 603 καὶ
421 558 575 614 μηδένα
593 555 833 615 προκύπτειν
853 558 1114 614 διεκελεύετο,
1145 559 1270 616 μόνον
1286 563 1331 606 δὲ
1348 563 1491 615 λίθους
1503 566 1819 621 χειροπληθεῒςδ

282 637 312 672 Β
336 627 437 684 ἔχειν
466 625 803 683 ηὗτρεπισμένους
832 628 900 670 καὶ
927 627 1026 680 τόξα
1055 630 1124 672 καὶ
1153 629 1259 673 ἄλλα
1290 628 1468 686 ἑκηβόλα
1499 630 1651 690 ὄργανα
1657 662 1673 684 ,
1717 634 1800 675 καῖ’

333 695 568 754 προσμένειν
593 694 639 737 τὸ
665 695 709 747 ἐξ
735 694 863 739 αὗτοῦ
886 693 1080 752 σύνθημα
1104 692 1183 754 (ἦν
1209 699 1255 743 δὲ
1274 699 1320 743 τὸ
1338 699 1494 758 Χριστὲ
1507 698 1705 756 βοήθεε),
1739 693 1790 744 οὗ

335 764 529 814 δοθέντος
560 762 675 821 ἴργου
710 762 895 819 ἔχεσθαι·
930 763 1009 820 εἶχε
1040 766 1085 810 δὲ
1111 766 1214 824 παρ’
1249 765 1381 826 ἑαυτῷ
1409 769 1477 811 καὶ
1507 769 1652 820 δοκοὺς
1675 769 1790 826 μεγι-

336 851 462 884 στας,
496 832 600 875 κατὰ
632 831 705 887 τὴν
735 831 857 887 βάσιν
889 833 1030 885 ὀξείας.
1098 837 1165 878 καὶ
1185 833 1206 878 ὅ
1229 836 1304 891 μὲν
1322 834 1543 880 διετάττετο
1563 831 1667 891 ὦδε,
1699 834 1723 880 ὅ
1744 836 1789 880 δὲ

333 901 478 947 Ἀλκὰν
507 904 588 944 τῶν
615 900 728 952 ἐκτὸς
758 899 954 958 Τούρκων
974 903 1204 959 χαλαζηὸὁν
1230 903 1510 960 ἐκπεμπόντων
1528 904 1582 949 τὰ
1599 905 1700 961 βέλη
1721 906 1787 948 καὶ
1799 909 1845 946 10

338 969 436 1020 τοὺς
463 968 557 1013 εἴσω
586 970 740 1023 τείχους
768 969 1002 1014 ἀνακόπτειν
1029 970 1277 1026 δοκούντων,
1323 972 1418 1016 κατ’
1451 972 1585 1031 ὀλίγον
1609 964 1790 1017 §ammi

339 1039 416 1090 τὰς
444 1038 590 1088 λε’σσας
620 1036 857 1095 προσήρειδε
887 1042 947 1098 τῷ
974 1040 1104 1095 τείχει.
1170 1040 1253 1083 ἐπεὶ
1281 1042 1327 1084 δὲ
1356 1040 1547 1099 ἔφθασαν
1575 1042 1619 1085 αἱ
1645 1043 1790 1097 σκηναὶ

341 1107 599 1164 προσεγγίσαι
629 1108 697 1150 καὶ
723 1104 851 1150 ἐδόκει
876 1105 1074 1159 ἀδύνατος
1093 1109 1233 1161 αὖταΐς
1253 1107 1352 1153 εἶναι
1369 1107 1396 1164 ἦ
1419 1111 1476 1162 εἷς
1493 1109 1673 1154 τούπίσω
1691 1110 1791 1154 ἀνα-

341 1172 525 1233 στροφή,
569 1176 768 1232 αἰφνίδιον
793 1179 868 1218 τοῦ
886 1174 1091 1232 Ἀποκάπη
1118 1176 1164 1220 τὸ
1195 1175 1389 1233 σύνθημα
1418 1177 1558 1230 δόντος
1585 1179 1627 1222 οἵ
1653 1194 1696 1222 τε
1727 1178 1791 1221 ἐπὶ

340 1249 422 1288 τῶν
441 1245 570 1286 δοκῶν
587 1243 817 1300 τεταγμένοι
834 1243 907 1295 τὰς
925 1244 1069 1295 δοκοὺς
1084 1245 1256 1304 ἠφίεσαν
1270 1245 1374 1290 κατὰ
1390 1251 1471 1290 τῶν
1489 1250 1650 1302 σκηνῶν
1665 1247 1733 1290 καὶ
1751 1245 1846 1291 021⁵

342 1313 476 1355 λοιποὶ
508 1308 639 1363 τόξοις
672 1314 739 1354 καὶ
771 1313 905 1363 λίθοις
936 1311 1119 1367 ἔβαλλον.
1183 1313 1274 1358 τότε
1307 1315 1358 1371 δὴ
1392 1310 1463 1358 οὗν
1493 1313 1520 1371 ἦ
1549 1315 1620 1359 τὸν
1645 1314 1793 1359 Ἅλκὰν

292 1387 324 1424 C
347 1379 494 1437 ἔχουσα
519 1379 644 1435 σκηνὴ
670 1383 838 1431 πολλαῖς
863 1382 1124 1439 περιπαρεῖσα
1152 1383 1257 1426 κατὰ
1281 1383 1354 1439 τὴν
1379 1383 1520 1440 στέγην
1545 1385 1677 1434 δοκοῖς
1702 1382 1794 1426 ἆνε-

339 1447 474 1506 τράπη
507 1446 587 1492 ὑπὸ
619 1452 692 1492 τοῦ
720 1447 877 1506 βάρους
898 1447 1052 1493 τούτων
1072 1458 1382 1508 περιτραπεῖσα·
1415 1447 1466 1508 ἧς
1489 1452 1795 1509 περιτραπείσης

341 1518 382 1560 οἱ
413 1516 525 1560 ἴνδον
553 1515 703 1572 ταύτης
730 1516 1086 1573 ἀπογυμνωθέντες
1110 1517 1327 1573 ἐβάλλοντο
1352 1517 1554 1563 πάντοθεν
1572 1521 1706 1571 λίθοις
1725 1520 1792 1562 καὶ

342 1583 494 1638 τόξοις,
527 1585 700 1641 μηδενὸς
728 1585 926 1640 ἐπαμῦναι
951 1584 1108 1638 τούτοις
1135 1586 1353 1642 ἰσχύοντος.
1421 1589 1487 1631 καὶ
1516 1588 1555 1630 οἱ
1580 1587 1655 1642 μὲν
1677 1586 1848 1630 ἄλλοιὲθ

343 1653 490 1704 πάντες
518 1652 658 1697 ἔπεσον
687 1654 831 1706 ε’κεΐσε,
871 1652 1035 1711 ἐλήφθη
1070 1655 1114 1697 δὲ
1145 1653 1166 1698 ὅ
1196 1655 1341 1699 Ἀλκὰν
1371 1657 1562 1714 ζωγρίας,
1594 1653 1795 1713 γνώριμος

345 1721 426 1765 ἀπὸ
448 1727 521 1777 τῆς
539 1718 821 1779 λαμπρότητος
839 1726 920 1765 τῶν
940 1722 1073 1766 ὅπλων
1092 1721 1309 1781 ὑπάρχων
1341 1723 1414 1768 δύο
1443 1723 1522 1781 γάρ
1549 1741 1653 1775 τινες
1677 1725 1794 1766 καλοὶ

346 1791 522 1848 κάγαθοὶ
551 1791 702 1833 νεανίαι
728 1788 1056 1848 προπηδήσαντες
1084 1796 1164 1835 τῶν
1191 1796 1329 1835 πυλῶν
1355 1797 1428 1847 τῆς
1450 1791 1602 1842 πόλεως
1625 1793 1794 1835 καὶτῶν

346 1864 494 1918 τριχῶν
511 1856 656 1902 τούτου
674 1857 916 1917 δραξάμενοι
936 1858 1123 1917 σύροντες
1141 1858 1350 1917 εἰσήγαγον
1369 1862 1425 1912 εἷς
1440 1860 1513 1916 τὴν
1532 1858 1661 1904 πόλιν.
1727 1860 1795 1902 καὶ

440 2011 464 2049 5
488 2010 748 2058 διεγκελεύεται
767 2012 799 2048 G
933 2012 958 2048 9
978 2007 1074 2055 ὀξεῖς
1089 2010 1170 2047 libri

351 2152 466 2186 menta
489 2148 581 2184 omni
600 2149 639 2184 vi
660 2150 828 2186 subruere
848 2148 966 2194 iubet,
998 2148 1105 2184 animi
1133 2151 1248 2184 certus
1271 2148 1317 2183 ob
1338 2147 1541 2194 sagittarum
1562 2148 1712 2185 nimbum
1733 2161 1798 2186 ne-

352 2196 476 2231 minem
497 2206 659 2231 ausurum
682 2197 727 2230 de
748 2207 844 2230 muro
872 2195 1095 2242 prospicere,
1129 2200 1235 2240 atque
1255 2193 1305 2229 ita
1328 2205 1367 2229 se
1387 2196 1505 2229 urbem
1527 2201 1799 2241 expugnaturum

351 2241 539 2277 somnians.
587 2241 673 2276 haec
705 2242 749 2276 de
776 2252 872 2277 muro
906 2251 1051 2276 cernens
1081 2241 1233 2276 Basilius
1261 2239 1306 2275 iis
1338 2240 1463 2285 quibus
1483 2251 1655 2276 murorum
1675 2242 1800 2277 defen-

353 2288 542 2323 dendorum
565 2298 685 2323 munus
706 2287 943 2330 incumbebat,
967 2287 1105 2322 mandat
1127 2291 1166 2321 ut
1188 2298 1227 2321 se
1247 2286 1464 2331 contineant,
1488 2298 1602 2333 neque
1621 2287 1801 2334 quisquam

354 2345 394 2368 se
417 2335 577 2378 exserat,
599 2334 663 2368 sed
684 2333 721 2368 in
743 2338 904 2380 promptu
926 2333 1075 2368 habeant
1096 2333 1241 2377 grandia
1262 2343 1366 2377 saxa,
1388 2332 1535 2377 sagittas
1558 2332 1695 2379 aliaque
1716 2333 1801 2369 mis-

353 2379 444 2423 silia,
468 2383 504 2414 et
525 2384 731 2425 exspectent
750 2379 885 2424 signum
905 2390 974 2424 quo
998 2379 1079 2414 dato
1102 2379 1196 2422 (erat
1213 2382 1326 2414 autem
1343 2382 1477 2413 tessara
1497 2374 1664 2414 “Christe
1678 2376 1802 2424 ἱστί’)

354 2436 427 2460 rem
459 2429 597 2469 gerant.
645 2431 682 2460 et.
713 2426 864 2461 habebat
894 2426 940 2460 ad
966 2436 1039 2460 rem
1069 2425 1159 2459 hanc
1180 2428 1318 2470 paratas
1340 2425 1457 2459 trabes
1478 2424 1640 2459 maximas
1665 2425 1802 2460 inferne

354 2475 488 2505 acutas.
534 2470 672 2506 interim
706 2471 832 2516 Alcan,
868 2482 945 2506 cum
967 2470 1077 2505 Turci
1098 2470 1276 2515 grandinis
1298 2469 1335 2505 in
1358 2481 1487 2505 morem
1509 2469 1643 2505 emissis
1664 2469 1803 2516 sagittis

354 2521 631 2562 propugnatores
653 2516 856 2552 viderentur
877 2516 1055 2563 abegisse,
1076 2515 1242 2563 paulatim
1262 2516 1354 2551 lesus
1374 2526 1471 2550 muro
1493 2515 1668 2551 admovet.
1713 2524 1805 2561 quae

356 2573 433 2595 cum
463 2562 515 2596 ita
546 2562 775 2597 accessissent
805 2568 845 2598 ut
874 2562 943 2597 iam
975 2567 1071 2597 retro
1101 2562 1199 2597 abire
1226 2562 1318 2597 nullo
1341 2561 1442 2596 modo
1463 2573 1568 2607 posse
1587 2561 1802 2606 viderentur,

356 2607 471 2642 subito
508 2608 588 2642 dato
624 2619 644 2642 a
675 2608 805 2643 Basilio
835 2609 934 2653 signo
957 2608 985 2643 ii
1007 2608 1132 2654 quibus
1154 2608 1329 2653 negotium
1352 2612 1429 2642 erat
1449 2607 1663 2642 commissum
1684 2607 1805 2642 trabes

356 2652 439 2686 lesis
470 2652 648 2698 iniiciunt,
682 2654 742 2688 alii
774 2654 960 2689 missilibus
989 2659 1026 2689 et
1055 2653 1228 2699 lapidibus
1258 2653 1440 2699 impetunt.
1485 2653 1604 2699 itaque
1636 2653 1712 2687 lesa
1735 2661 1805 2698 qua

357 2697 434 2741 ipse
458 2697 564 2732 Alcan
585 2700 786 2744 tegebatur,
809 2700 963 2746 pondere
984 2700 1211 2745 impactorum
1233 2700 1403 2734 subversa
1422 2703 1534 2734 tectos
1556 2698 1717 2740 nudavit3
1742 2696 1804 2743 qui

358 2742 511 2788 undique
540 2744 713 2798 lapidibus
745 2751 781 2780 et
811 2746 951 2791 sagittis
981 2745 1153 2792 impetiti,
1186 2755 1263 2780 cum
1284 2748 1390 2791 'opem
1417 2745 1512 2779 ferre
1543 2755 1641 2778 nemo
1698 2745 1803 2786 osset,

362 2799 480 2822 omnes
514 2796 706 2834 perierunt.
753 2791 913 2827 Alcanem
941 2790 1126 2837 splendore
1152 2801 1320 2826 armorum
1349 2790 1502 2836 agnitum
1523 2789 1634 2824 fortes
1681 2799 1724 2822 uo
1746 2788 1804 2821 iu-

363 2844 473 2869 venes
503 2839 604 2880 porta
634 2836 730 2872 urbis
763 2837 962 2873 exsilientes
989 2836 1143 2874 crinibus
1164 2837 1447 2885 comprehensum
1467 2835 1504 2872 in
1526 2836 1645 2871 urbem
1666 2835 1804 2880 pertra-
