1916 3210
505 191 902 238 HISTORIARUM
931 185 1322 237 GOMPENDIUM.
1547 187 1648 237 491

191 306 424 367 ηηᾶλετο,
458 307 526 351 καὶ
555 304 680 351 τόπον
708 302 950 360 ἐπιδεικνύς,
984 307 1020 349 εἰ
1036 301 1234 364 φροῦριον
1255 303 1297 348 ἔν
1317 301 1429 362 αῧτῷ
1451 302 1652 360 ὃομηθείη

191 376 391 435 nat-mire?
410 377 667 434 παραδοθειή
676 407 691 429 ,
729 376 777 419 οὗ
795 375 941 432 μικρὸν
962 372 1110 432 ὄφελος
1129 372 1295 418 ἔσεσθαι
1308 371 1535 428 Ῥωμαίοις.
1604 366 1653 415 οὗ

189 445 265 496 τὰς
283 444 543 506 ῥᾳδιουργίας
558 444 617 501 μὴ
637 445 768 495 συνεὶς
788 442 810 486 ὃ
829 441 1068 499 Σπονδύλης
1081 446 1162 486 τῶν
1176 458 1219 486 τε
1237 445 1383 485 κλοιῶν
1406 441 1560 499 ἀφῆκεν
1577 440 1654 483 αὗ-

188 511 275 567 τόν,
308 515 378 558 καὶ
395 509 662 572 τὸ·φροῦριον
681 511 738 564 ὥς
754 512 955 555 ἐκέλευσεν
975 509 1203 567 ἓδομήσατο
1213 542 1227 563 ,
1261 512 1329 553 καὶ
1354 509 1465 568 αῧτῷ
1479 509 1552 565 τὴν
1569 525 1651 567 φυ-
1673 518 1706 555 D

158 581 603 640 ὅλακὴνέπετρέψατο,
629 582 786 637 χιλίους
806 580 1015 639 φρουροὺς
1037 576 1338 636 ἐγκαταστήσας
1353 579 1396 622 ἓν
1414 575 1544 637 τούτῳ
1553 576 1658 621 Ῥω-

189 651 375 707 μαίουςς’
420 647 518 699 ὅδὲ
546 649 793 708 Μουσάραφ
822 648 956 703 τυχὼν
984 642 1108 706 οὗπερ
1137 646 1282 704 ηὔχετο
1315 651 1480 705 καιροῦ,
1514 645 1658 709 λάθρᾳ

189 723 252 779 τῷ
270 716 507 778 Τριπόλεως
533 719 675 779 ἇμηρᾷ
701 720 768 762 καὶ
790 716 978 774 Τούσβερ
1002 720 1062 776 τῷ
1089 716 1398 775 ἄρχιστρατηγῷ
1426 720 1501 759 τοῦ
1519 717 1655 773 Αἴγυ-

190 787 309 832 πτίου
346 789 704 846 προσδιαλεχθείς,
752 786 852 830 λαὸν
885 784 964 828 ὑπ’
995 785 1130 830 αὐτῶν
1162 786 1406 843 πεμφθέντα
1442 784 1657 841 δεξάμενος

190 854 288 908 τὀὗς
308 873 351 900 τε
365 853 523 911 χιλίους
540 856 700 914 ἀναιρεῖ
718 856 786 898 καὶ
805 854 852 899 τὸ
876 852 1073 913 φρούριον
1091 853 1230 906 αὐτοῖς
1247 854 1518 911 παραδίδωσι.
1585 855 1655 897 καὶ

136 925 242 971 1⁰⁰6
263 924 440 969 διέλιπον
460 926 503 977 ἐξ
524 926 671 968 ἐκείνου
694 925 736 976 ἐξ
755 922 998 982 ὖπερδεξίων
1020 921 1236 982 φερόμενοι
1254 924 1291 966 οἳ
1313 923 1544 980 Σαρακηνοὶ
1565 923 1658 966 δια-

191 992 377 1054 φθείρειν
396 993 450 1037 τὰ
470 994 513 1037 ἓν
531 994 661 1055 Συρία
672 991 886 1048 Ῥωμαίοις
899 990 1060 1048 ὑπήκοα
1080 994 1148 1035 καὶ
1166 992 1449 1048 λυμαίνεσθαι.

321 1062 466 1107 Ἀλλὰ
495 1066 639 1106 τοῦτον
665 1062 740 1118 μὲν
768 1060 790 1105 ὃ
814 1059 1022 1117 Ῥωμανὸς
1040 1061 1258 1117 μεθίστησι
1281 1064 1355 1116 τῆς
1375 1060 1526 1117 ἀρχῆς,
1561 1056 1655 1104 διά-

191 1133 315 1187 δοχον
333 1131 447 1190 αὐτῷ
465 1131 635 1187 πέμψας
652 1130 721 1175 τὸν
742 1130 808 1174 ἐπ’
832 1131 992 1188 ἀδελφῇ
1004 1129 1192 1187 γαμβρὸν
1212 1129 1337 1173 αὗτοῦ
1350 1131 1658 1173 Κωνσταντῒνον

191 1199 267 1244 τὸν
280 1199 562 1258 Καραντηνόν,
595 1199 849 1258 ηὗτρεπίζετο
874 1199 920 1242 δὲ
939 1201 1007 1241 καὶ
1034 1198 1158 1250 αὐτὸς
1178 1196 1346 1242 κατόπιν
1364 1197 1557 1241 ἀπελθεῖν
1577 1201 1659 1242 τῶν

140 1273 182 1311 15
192 1271 456 1326 Σαρακηνῶν.
521 1269 602 1325 ἤδη
634 1269 679 1312 δὲ
707 1268 752 1311 τὸ
776 1268 1016 1322 Φιλομίλιον
1047 1265 1350 1322 καταλαβόντος
1378 1267 1505 1311 αὐτοῦ
1522 1261 1656 1323 ἦλθον
1677 1269 1708 1305 P
1731 1268 1800 1306 726

192 1338 383 1396 πρέσβεις
411 1339 456 1382 ἐκ
482 1339 683 1395 Βερροίας
711 1337 815 1392 μετὰ
842 1335 987 1394 δώρων
1017 1334 1080 1380 ὅτι
1107 1340 1288 1388 πολλῶν,
1332 1339 1662 1393 παρακαλοῦντες

0 1423 18 1475 ξ,
192 1398 453 1461 συμπαθείας
468 1413 602 1463 τυχεῖν
628 1409 696 1450 καὶ
718 1406 791 1461 τὴν
809 1407 903 1462 πρὶν
923 1405 1109 1448 δουλείαν
1130 1405 1460 1455 ἐπαναδέξασθαι
1478 1407 1546 1448 καὶ
1566 1405 1663 1456 τοὺς

0 1493 19 1534 ιι
190 1475 375 1531 ἐτησίους
401 1473 664 1532 εὐγνωμόνως
693 1475 938 1533 προσφέρειν
970 1471 1138 1532 φόρους.
1206 1477 1367 1516 πολλῶν
1397 1474 1443 1516 δὲ
1465 1474 1662 1530 κάγαθῶν

0 1535 26 1602 ξ
191 1549 450 1602 στρατιωτῶν
469 1543 847 1602 συστρατευομένων
866 1542 978 1601 αὐτῷ
991 1540 1336 1599 παρακαλούντων
1352 1541 1425 1598 τὴν
1441 1541 1663 1601 πρόκλησιν

135 1613 414 1675 ωδέξασθαι,
443 1607 500 1657 ὧν
522 1611 580 1664 εἷς
597 1609 647 1669 ἦν
669 1615 734 1655 καὶ
754 1610 776 1654 ὅ
799 1612 1008 1669 πατρίκιος
1028 1609 1217 1666 Ἰωάννης
1237 1608 1259 1654 ὅ
1281 1609 1478 1664 Χάλὸας,
1510 1614 1578 1655 καὶ
1597 1613 1657 1669 μὴ

191 1681 479 1740 ἐκστρατεῦσαι
498 1683 603 1726 κατὰ
623 1682 776 1740 Συρίας
794 1680 837 1722 ἓν
853 1684 984 1738 καιρῷ
1002 1680 1176 1736 θέρους,
1218 1677 1339 1722 ὁπότε
1355 1678 1402 1723 τό
1424 1698 1466 1724 τε
1483 1680 1595 1741 ὕδωρ
1616 1684 1659 1725 ἓν

191 1751 297 1809 αῧτῇ
327 1751 505 1805 σπανίζει
535 1753 604 1795 καὶ
630 1751 678 1795 τὸ
706 1751 781 1807 μὲν
803 1747 992 1807 Ἀράβων
1022 1747 1142 1802 ἔθνος
1162 1746 1441 1793 ἀνυπόστατόν
1462 1751 1569 1794 ἔστιν
1590 1749 1658 1795 οἷα

0 1872 17 1953 ᾗ
283 1893 330 1930 18
350 1893 634 1931 Κωνσταντῖυον
654 1896 736 1943 post
756 1892 910 1941 πέμψας
929 1893 962 1931 C
1099 1892 1145 1932 14
1164 1892 1255 1940 τῶν]
1277 1890 1373 1930 κατὰ
1390 1893 1467 1931 τῶν
1488 1893 1519 1929 Ρ

190 2021 319 2056 turum.
365 2019 477 2056 locum
500 2032 640 2068 quoque
658 2021 877 2067 monstravit,
900 2020 939 2055 in
961 2031 1030 2066 quo
1054 2018 1087 2055 si
1107 2019 1285 2055 castellum
1309 2024 1550 2056 exstrueretur
1569 2020 1656 2056 sibi-

190 2077 261 2112 que
283 2067 568 2114 committeretur,
600 2080 672 2104 rem
695 2070 887 2103 Romanam
911 2068 1002 2102 baud
1026 2066 1153 2102 leviter
1176 2071 1271 2101 esset
1296 2067 1492 2102 adiuturus.
1539 2068 1658 2113 Spon-

189 2112 291 2158 dyles
314 2113 390 2148 eius
414 2113 555 2149 fallacia
577 2126 648 2150 non
669 2115 848 2150 intellecta
875 2113 1025 2148 vinculis
1056 2113 1227 2148 hominem
1249 2113 1377 2158 solvit,
1410 2113 1659 2159 castellumque

189 2157 244 2194 uti
267 2166 428 2194 suaserat
450 2160 617 2205 condidit,
645 2169 682 2196 et
702 2161 794 2196 mille
817 2159 983 2195 Romanis
1005 2159 1176 2205 praesidii
1198 2158 1275 2193 loco
1298 2159 1471 2204 impositis
1494 2159 1658 2195 Musara-

189 2204 295 2250 phum
318 2204 351 2238 ei
375 2205 558 2248 praefecit.
607 2207 840 2252 Musaraphus
875 2211 1081 2240 consecutus
1114 2204 1207 2250 quod
1230 2204 1392 2250 volebat,
1423 2205 1557 2240 occulte
1581 2217 1658 2241 cum

190 2262 310 2286 amera
325 2250 485 2297 Tripolis
508 2258 545 2287 et
562 2251 725 2288 Tusbero
750 2263 879 2287 summo
902 2251 1071 2297 Aegyptii
1091 2250 1262 2296 principis
1283 2252 1371 2286 duce
1393 2263 1434 2285 re
1455 2252 1660 2297 composita,

190 2296 331 2332 missum
363 2297 408 2332 ab
438 2297 485 2332 iis
520 2298 711 2333 exercitum
741 2297 780 2333 in
807 2297 983 2333 castellum
1015 2297 1172 2340 admisit,
1218 2297 1447 2342 Romanoque
1481 2298 1661 2344 praesidio

191 2354 295 2378 caeso
328 2341 399 2387 ipsi
431 2343 593 2378 tradidit.
642 2344 769 2379 exinde
802 2355 941 2389 semper
972 2343 1227 2382 Saracenorum
1261 2355 1318 2378 res
1354 2343 1472 2390 potior
1503 2344 1662 2380 Romana

190 2388 279 2433 fuit,
315 2399 430 2433 neque
463 2388 567 2425 ullam
599 2390 719 2426 fecere
750 2389 789 2426 in
819 2390 1002 2436 Syriacam
1024 2389 1258 2425 Romanorum
1281 2389 1453 2425 dicionem
1475 2390 1662 2436 grassandi

188 2435 503 2482 intercapedinem.
1563 2437 1566 2440 ”

282 2504 462 2540 Romanus
483 2516 568 2550 ergo
590 2504 773 2552 Spondyle
790 2503 868 2539 loco
891 2507 984 2539 moto
1009 2514 1244 2539 successorem
1266 2503 1371 2540 mittit
1394 2503 1661 2540 Constantinum

191 2552 445 2596 Carantonum‚
468 2551 601 2586 sororis
625 2563 710 2587 suae
733 2551 914 2593 maritum3
939 2555 975 2585 et
995 2549 1074 2606 ipse
1097 2562 1174 2586 eum
1197 2551 1366 2596 sequitur,
1396 2551 1510 2596 adque
1533 2550 1660 2586 bellurn

191 2597 380 2632 Saracenis
407 2597 626 2633 inferendum
658 2609 740 2633 sese
768 2602 963 2643 comparat.
1009 2608 1078 2631 lam
1109 2597 1154 2631 ad
1184 2596 1418 2632 Philomilium
1448 2602 1664 2643 pervenerat

191 2645 380 2687 Romanus,
407 2655 484 2679 cum
506 2644 614 2689 legati
638 2655 659 2678 a
681 2644 861 2678 Berrhoea
883 2648 1071 2678 occurrunt
1092 2654 1168 2678 cum
1192 2644 1410 2688 muneribus,
1433 2643 1571 2678 veniam
1595 2654 1661 2689 pe-

191 2695 326 2734 tentes,
362 2694 400 2724 et
431 2702 471 2725 se
501 2691 683 2737 pristinam
706 2690 910 2725 servitutem
932 2689 1126 2725 servituros
1150 2701 1191 2725 ac
1214 2701 1363 2724 annuum
1385 2689 1551 2724 tributum
1579 2701 1656 2724 curn

191 2737 285 2771 bona
306 2735 424 2782 gratia
441 2737 684 2791 persoluturos
707 2736 963 2783 promittentes.
1011 2740 1112 2771 erant
1139 2736 1177 2770 in
1206 2736 1363 2772 exercitu
1386 2735 1534 2783 Romani
1557 2735 1657 2770 multi

190 2782 284 2817 bello
306 2782 392 2817 clari
416 2783 506 2828 viri,
540 2783 704 2828 interque
727 2783 791 2818 hos
812 2783 964 2818 Ioannes
988 2782 1140 2817 Chaldas
1163 2782 1344 2829 patricius,
1372 2783 1433 2828 qui
1454 2781 1658 2828 imperatori

190 2829 386 2864 suadebant
414 2834 456 2865 ut
485 2829 723 2864 condicionem
755 2829 951 2874 acciperet,
988 2841 1078 2864 neve
1107 2834 1242 2864 aestate
1267 2829 1304 2863 in
1327 2828 1466 2873 Syriam
1498 2829 1655 2871 duceret,

189 2886 261 2922 quo
283 2879 443 2924 tempore
465 2874 510 2912 iis
533 2875 570 2911 in
592 2875 680 2912 locIs
703 2886 795 2922 aqua
817 2876 938 2913 deficit
954 2881 990 2912 et
1006 2875 1138 2912 Arabes
1153 2875 1298 2912 subsisti
1314 2879 1501 2922 nequeunt,
1524 2875 1657 2922 quippe
