1916 3210
330 160 427 210 534
798 159 1032 205 GEORGII
1057 158 1298 204 GEDRENI

330 273 500 330 βασιλέα
519 271 723 327 Ῥωμανὸν
745 269 963 329 ἁμαρτάδα
983 270 1298 327 ἃποκλαιόμενος
1307 303 1322 324 ,
1349 269 1592 327 βασιλεύσας
1614 272 1678 318 ἐπὶ
1702 270 1770 330 ἔτη

282 352 310 386 Β
334 342 365 395 ζ’
390 344 455 385 καὶ
474 345 604 395 μῆνας
622 338 659 395 η’
672 371 686 392 ,
721 339 823 397 ἀνὴρ
843 334 971 382 τᾶλλα
987 340 1060 395 μὲν
1078 340 1250 395 ἐπιεικὴς
1275 340 1342 383 καὶ
1364 341 1542 398 χρηστὸς
1565 343 1632 386 καὶ
1652 341 1773 386 eata-

331 414 416 464 βῶς
434 409 553 458 δόξας
573 411 702 461 βιοῦν,
731 408 835 462 πλὴν
855 412 929 451 τοῦ
948 410 1003 458 εἷς
1025 407 1097 451 τὸν
1118 407 1287 461 βασιλέα
1309 400 1513 463 Ῥωμανὸν
1530 406 1774 469 ἆμαριῆμα-

332 493 414 527 τος.
473 475 577 518 ἀλλὰ
594 477 660 517 καὶ
679 480 797 518 τοῦτο
818 475 855 517 οἳ
872 477 1012 518 πολλοὶ
1031 472 1403 535 τῷ’ὄρφανοτρόφῳ
1420 474 1711 534 προσάπτουσι.
1727 513 1729 515 .

471 541 654 600 Τοιούτῳ
685 544 729 585 δὲ
756 543 856 586 τέλει
879 543 1134 600 χρησαμένου
1160 548 1232 586 τοῦ
1259 544 1434 600 Μιχαὴλ
1457 544 1504 589 τὸ
1527 549 1611 588 πᾶν
1631 543 1810 603 κράτοςδ

334 611 518 667 περιέστη
550 608 605 660 ὥς
630 612 686 661 εἲς
713 609 959 668 κληρονόμον
978 611 1051 666 τὴν
1070 612 1262 665 βασιλίδα
1281 611 1415 667 Ζωήν.
1480 613 1780 670 τοιγαροῦνικαὶ
1799 663 1802 666 y

335 677 617 735 νεανικώτερον
635 677 780 733 ἥπτετο
802 683 882 722 τῶν
901 677 1147 736 πραγμάτων
1156 710 1171 732 ,
1204 680 1417 737 συνεργοὺς
1434 678 1580 736 ἔχουσα
1597 682 1664 724 καὶ
1681 683 1781 725 συλ-

339 745 543 802 λήπτορας
567 746 662 797 τοὺς
692 751 764 789 τοῦ
790 747 943 804 πατρὸς
969 746 1204 802 εὐνούχους,
1238 747 1309 798 οὓς
1331 747 1488 791 ἄνωθεν
1506 746 1529 791 ὃ
1546 746 1663 806 λόγος
1681 751 1784 792 πολ-

339 814 452 864 λάκις
476 812 807 872 ἅπηριθμήσατο.
874 815 977 870 πλὴν
1002 815 1050 859 οὗ
1079 815 1310 872 παρέμεινεν
1337 817 1400 858 ἐπὶ
1430 820 1503 859 τοῦ
1529 817 1654 860 αὗτοῦ
1680 833 1785 876 φρο-

338 881 536 937 νήματος,
572 882 664 925 ἀλλ’
700 882 981 938 ἀποβλέψασα,
998 882 1100 939 πρὸς
1127 884 1197 926 τὸν
1227 882 1344 940 ὄγκον
1363 888 1435 939 τῆς
1453 885 1683 938 βασιλείας,
1715 885 1783 927 καὶ
1795 890 1839 928 10

292 960 323 994 O
346 953 563 1007 ὁιαγνοῦσα
592 948 647 1001 ὥς
675 950 746 993 οὔκ
776 950 824 993 ἄν
856 968 950 994 ποτε
981 951 1081 993 καθ’
1115 949 1259 1007 ἑαυτὴν
1289 951 1391 1007 αὐτὴ
1424 954 1614 1008 δυνηθείη
1650 952 1789 1010 ὀρθῶς
1842 980 1844 982 v

339 1019 394 1062 τὰ
423 1018 535 1061 κοινὰ
562 1016 774 1074 διεξάγειν,
808 1019 874 1060 καὶ
904 1019 1129 1070 ἀλυσιτελὲς
1149 1020 1348 1074 νομίσασα
1367 1019 1414 1063 τὸ
1436 1020 1698 1074 ἀβασίλευτον
1720 1020 1788 1063 καὶ

343 1086 520 1143 ἄναρχον
554 1087 628 1141 τὴν
663 1084 902 1142 τηλικαύτην
942 1085 1041 1130 εἶναι
1074 1086 1225 1144 ἀρχήν,
1269 1089 1337 1130 καὶ
1370 1088 1459 1130 δέον
1489 1086 1586 1131 εἶναι
1618 1089 1789 1146 κρίνασα

342 1155 680 1212 προχειρίσασθαι
722 1155 892 1208 βασιλέα
927 1155 997 1197 τὸν
1038 1153 1258 1210 δυνάμενον
1302 1154 1672 1210 ἀντιλαμβάνεσθαι
1709 1159 1791 1199 τῶν

344 1221 592 1279 πραγμάτων
630 1223 671 1265 ἓν
710 1229 798 1273 ταῖς
833 1221 1149 1278 συμβαινούσαις
1175 1222 1451 1280 περιστάσεσι,
1495 1225 1563 1267 καὶ
1592 1225 1656 1267 ἐπὶ
1686 1230 1791 1281 τρεῖς
1802 1228 1845 1265 15

348 1291 444 1340 ὅλας
467 1288 621 1347 ἡμέρας
649 1292 737 1347 περὶ
764 1289 908 1333 τούτου
935 1290 1263 1346 διασκοπῆσασα,
1296 1291 1366 1335 τὸν
1388 1296 1461 1335 τοῦ
1481 1292 1679 1346 βασιλέως
1696 1291 1792 1334 ‹ive-
1818 1309 1821 1311 ·

346 1359 446 1413 ψιὸν
477 1360 542 1400 καὶ
572 1356 785 1412 ὁμώνυμον
795 1390 808 1410 ,
842 1359 912 1401 τὸν
935 1359 1022 1401 υἱὸν
1048 1364 1121 1402 τοῦ
1150 1358 1358 1417 Στεφάνου
1388 1364 1459 1402 τοῦ
1489 1361 1531 1402 ἐν
1560 1359 1721 1420 Σικελίᾳ
1742 1359 1793 1402 τὰ

347 1424 564 1483 πράγματα
582 1427 915 1484 διαφθείραντος,
942 1428 1133 1483 Καίσαρα
1150 1426 1245 1470 ὄντα
1261 1429 1326 1470 καὶ
1345 1425 1586 1484 δραστήριον
1599 1429 1796 1471 δοκοῦντα

350 1497 418 1537 καὶ
449 1496 537 1550 περὶ
565 1494 616 1537 τὰ
644 1492 862 1550 πράγματα
890 1493 1040 1546 δεξιόν,
1077 1493 1209 1551 ὅρκοις
1239 1494 1431 1552 πρότερον
1459 1494 1797 1553 φρικωδεστάτοις

352 1566 638 1615 καταλαβοῦσα
664 1560 718 1612 ὥς
744 1563 884 1615 κυρίαν
914 1563 1039 1617 αὐτὴν
1068 1563 1145 1613 ἕξει
1176 1563 1242 1604 διὰ
1269 1564 1362 1616 βιόυ
1392 1565 1459 1606 καὶ
1491 1564 1700 1606 δέσποιναν
1728 1565 1851 1606 καὶ20

351 1630 526 1686 μητέρα,
555 1627 811 1686 πράττουσαν
828 1628 930 1672 ἅττα
948 1630 997 1685 δὴ
1014 1631 1080 1672 καὶ
1096 1629 1241 1672 κελεύει
1259 1637 1403 1683 ποιεῖν,
1433 1631 1655 1686 εἴστιοιητὸν
1669 1648 1798 1689 προσ-

353 1696 550 1752 λαμβάνει
580 1697 668 1740 υἶὸν
698 1699 765 1740 καὶ
785 1698 962 1758 ιβασιλέα
992 1696 1200 1754 Ῥωμαίων
1229 1696 1480 1757 ἀναγορεύει,
1522 1703 1580 1759 τῷ
1603 1702 1801 1758 βασιλικῷ

447 1827 470 1862 7
492 1823 554 1861 καὶ
574 1825 823 1872 συλλήπτορας
840 1838 894 1861 om
912 1827 942 1861 C
1078 1827 1123 1862 12
1144 1825 1282 1871 διάξειν
1305 1827 1336 1863 C
1471 1827 1514 1864 15
1536 1828 1611 1864 τῶν
1632 1826 1806 1874 περιστά-

447 1881 538 1906 σεων
561 1871 589 1905 C
772 1874 816 1908 20
838 1871 1139 1918 κατασφαλίσασα
1160 1873 1190 1908 C
1368 1873 1414 1911 21
1432 1872 1750 1923 προσλαμβάνει-αι
1770 1874 1802 1910 C

445 1919 492 1954 22
513 1916 678 1962 ῥωμαῖον
696 1918 726 1953 C

358 2033 395 2067 in
420 2032 609 2068 Romanum
630 2033 871 2080 imperatorem
896 2034 1008 2070 scelus
1029 2037 1245 2081 prosecutus.
1291 2034 1476 2082 imperavit
1498 2045 1606 2069 annos
1627 2034 1673 2079 7,
1707 2044 1804 2068 men-

358 2090 416 2112 ses
440 2080 472 2123 8,
500 2079 556 2113 vir
579 2084 696 2114 cetera
718 2081 826 2114 bonus
850 2092 891 2114 ac
914 2083 1043 2126 probae
1066 2081 1181 2125 vitae,
1209 2083 1339 2126 absque
1359 2082 1444 2117 illud
1465 2080 1632 2127 flagitium
1654 2078 1806 2122 fuisset3

360 2125 452 2169 quod
475 2129 589 2159 tamen
611 2126 722 2170 ipsum
746 2126 842 2159 multi
866 2127 1145 2172 orphanotropho
1170 2128 1351 2172 imputant.

451 2170 604 2206 Proinde
635 2171 798 2205 Michaeli
830 2172 927 2207 obitu
959 2184 1086 2206 summa
1117 2185 1229 2207 rerum
1261 2173 1366 2207 rediit
1397 2173 1440 2206 ad
1471 2172 1569 2206 Zoen
1598 2169 1700 2216 qnasi
1729 2169 1809 2204 iure

361 2215 586 2253 hereditario.
632 2222 844 2262 quapropter
879 2229 920 2252 ea
949 2219 1050 2253 initio
1084 2219 1196 2253 acrius
1220 2218 1402 2262 aliquando
1423 2219 1526 2252 rebus
1552 2229 1592 2251 se
1613 2217 1810 2261 gubernan-

363 2262 418 2295 dis
453 2262 570 2305 dedit,
610 2263 827 2297 adiutoribus
859 2275 922 2298 usa
957 2265 1109 2310 paternis
1145 2264 1332 2308 eunuchis,
1370 2275 1456 2309 quos
1487 2274 1594 2309 supra
1627 2260 1809 2306 aliquoties

364 2309 715 2342 commemoravimus.
762 2320 873 2353 neque
896 2316 1008 2344 tamen
1031 2310 1066 2343 id
1090 2310 1281 2344 institutum
1301 2310 1431 2344 tenuit:
1456 2309 1517 2343 sed
1535 2307 1655 2342 molem
1673 2305 1812 2352 imperii

363 2353 587 2387 considerans
626 2359 662 2387 et
700 2354 897 2399 intelligens
930 2368 969 2389 se
998 2356 1104 2390 tantis
1134 2357 1238 2390 rebus
1270 2361 1367 2389 recte
1401 2355 1591 2389 tractandis
1632 2353 1808 2399 imparem,

363 2402 435 2432 tum
469 2400 664 2433 damnosum
696 2400 774 2433 fore
805 2401 959 2435 sentiens
988 2402 1019 2435 si
1051 2403 1179 2446 absque
1207 2401 1417 2447 imperatore
1446 2405 1576 2434 tantum
1598 2399 1810 2443 relinqueret

364 2443 563 2488 imperium,
593 2444 693 2479 simul
716 2446 838 2480 videns
862 2447 965 2480 alicui
987 2447 1166 2492 imperium
1191 2459 1267 2481 esse
1289 2446 1584 2490 committendum,
1615 2444 1675 2490 qui
1698 2443 1812 2478 dubiis

367 2500 408 2522 ac
440 2490 641 2535 periculosis
667 2492 772 2526 rebus
795 2492 904 2526 tutari
924 2504 996 2527 rem
1020 2493 1190 2538 publicam
1213 2496 1351 2538 posset:
1380 2492 1517 2535 integro
1539 2490 1654 2525 triduo
1676 2490 1713 2524 in
1738 2499 1813 2523 eam

368 2534 649 2570 deliberationem
677 2536 848 2581 insumpto
873 2539 1010 2572 tandem
1034 2539 1069 2572 in
1093 2539 1198 2573 filium
1225 2538 1369 2583 adoptat
1390 2543 1426 2571 et
1449 2538 1678 2571 Romanorum
1702 2535 1814 2579 impe-

369 2585 519 2615 ratorem
543 2582 701 2626 designat
724 2583 933 2617 Michaelum
954 2584 1172 2629 imperatoris
1195 2585 1261 2618 iam
1285 2583 1439 2618 defuncti
1461 2582 1591 2616 sororis
1613 2581 1740 2624 fllium,
1779 2584 1816 2613 et
1866 2613 1870 2616 Δ

369 2626 540 2670 Stephani
563 2627 637 2661 eius
661 2627 720 2672 qui
744 2628 780 2661 in
801 2629 922 2663 Sicilia
943 2642 1015 2663 rem
1040 2630 1208 2675 perdidit,
1243 2629 1312 2663 iam
1334 2635 1406 2663 turn
1428 2628 1633 2670 Caesarem,
1667 2630 1704 2661 et
1736 2625 1814 2671 opi-

371 2670 473 2705 nione
507 2673 677 2707 hominum
708 2673 912 2708 industrium
947 2681 1051 2719 atque
1082 2675 1291 2709 dexteritate
1321 2674 1435 2718 aliqua
1457 2673 1670 2719 praeditum,
1702 2681 1816 2715 neque

371 2721 484 2750 tamen
516 2724 697 2762 antequam
720 2719 750 2753 is
773 2731 813 2753 se
835 2720 920 2754 diris
946 2721 1056 2765 ipsum
1077 2720 1296 2764 devovisset,
1330 2720 1398 2754 nisi
1428 2730 1501 2754 eam
1526 2719 1570 2753 ad
1593 2721 1733 2752 mortem
1755 2726 1815 2767 ¹¹⁸⁸:

373 2772 440 2805 que
478 2774 539 2806 pro
572 2764 707 2797 domina
740 2768 775 2799 et
806 2770 914 2799 matre
938 2770 1162 2810 agnosceret,
1198 2771 1234 2799 et
1256 2777 1318 2809 pro
1342 2777 1405 2800 sua
1428 2764 1605 2799 voluntate
1627 2773 1716 2808 quae
1738 2761 1817 2794 fieri

373 2806 479 2841 vellet
508 2813 567 2843 aut
599 2809 735 2845 iuberet
769 2821 810 2845 ac
845 2811 989 2846 sineret.
1036 2812 1101 2846 hoc
1127 2817 1229 2857 pacto
1251 2811 1313 2846 illa
1335 2810 1546 2857 adopticium
1567 2809 1673 2844 filium
1695 2805 1817 2842 diade-
