1890 3236
515 135 914 182 HISTORIARUM
953 135 1348 182 GOMPENDIUM.
1571 134 1671 182 437

191 252 372 316 φρςτῶν
390 246 603 295 κύκλωθεν
626 250 753 307 ὄρέων
774 251 952 308 κατέχων
979 251 1112 310 (πρὸς
1133 250 1314 309 φανερὰν
1333 249 1411 308 γὰρ
1431 250 1669 308 συμπλοκὴν

189 311 259 366 κάλ
280 321 510 378 ἀγχέμαχον
530 322 698 376 ἕδειλία)
730 323 799 364 καὶ
817 320 1022 364 πάντοθεν
1041 319 1273 379 ἐνεδρεύων,
1307 320 1349 364 εἴ
1363 337 1449 371 πως
1470 322 1666 376 δυνηθείη

187 387 352 446 βλάψαι
375 390 471 440 τοὺς
491 390 706 441 ἐναντίους.
772 391 818 433 ἓν
847 385 882 450 ᾧ
908 391 952 434 δὲ
979 395 1110 434 ταῦτα
1140 391 1287 447 ἐγίνετο
1315 391 1384 433 καὶ
1414 394 1596 441 τοιοῦτος
1615 384 1666 447 ἦν

188 463 247 519 τῷ
269 462 438 516 βασιλεῖ’
463 455 485 502 ὃ
517 457 693 512 σκοπός,
739 459 950 518 Στέφανος
979 457 1001 502 ὅ
1032 459 1269 514 δομέστικος
1300 463 1382 503 τῶν
1412 463 1569 515 σχολῶν
1593 463 1668 514 τῆς

153 537 178 574 5
190 526 370 582 δύσεως,
404 527 452 571 ὃν
467 527 538 571 διὰ
553 528 600 572 τὸ
618 527 754 586 βραχὺ
773 532 847 584 τῆς
865 527 1022 584 ἡλικίας
1036 529 1374 586 Κοντοστέφανον
1391 526 1665 583 ἔπωνόμαζον,

187 598 495 653 ἀπεχθέστατος
527 596 586 642 ὢν
614 597 770 641 Λέοντι
801 602 859 657 τῷ
891 600 1146 656 Μελισσηνῷ
1175 595 1360 654 πρόσεισι
1400 598 1545 650 νυκτὸς
1579 597 1658 655 ἤδη
1682 603 1715 639 D

186 665 501 722 καταλαβούσης
517 670 577 726 τῷ
597 670 779 722 βασιλεῖ’,
809 669 877 709 καὶ
899 665 1177 723 ἀναζευγνύειν
1204 664 1260 717 ὥς
1282 665 1455 721 τάχιστα
1481 665 1663 725 παρεκά-

186 740 246 780 λει
256 768 272 790 ,
305 737 357 780 τὰ
384 735 490 779 ἄλλα
508 735 762 792 λογιζόμενον
785 734 978 794 δεύτερα,
1013 739 1080 779 καὶ
1098 736 1172 791 τὴν
1189 737 1385 790 βασιλίδα
1404 740 1661 791 καταλαβεῖν,

184 803 244 857 ὥς
263 810 340 861 τοῦ
357 807 624 860 Μελισσηνοῧ
647 806 1017 863 ἐποφθαλμιῶντος
1038 810 1090 863 τῇ
1110 806 1300 866 βασιλείᾳ
1330 806 1489 848 κάκεῖσε
1519 803 1661 849 ἀπιόν-

130 881 256 926 1οτος
282 873 377 932 ἄρτι
409 873 485 917 σὺν
509 871 623 930 τάχει
654 877 806 933 πολλῷ.
875 873 1075 932 ἕθρόησεν
1095 872 1117 918 ὅ
1136 873 1256 931 λόγος
1273 874 1345 918 τὸν
1362 874 1558 929 βασιλέα,
1591 877 1662 919 καὶ

182 942 385 1000 ἀναζυγὴν
407 935 563 994 εὐθέως
587 940 793 1000 ἐκήρυξεν.
861 941 884 986 ὅ
907 944 952 989 δὲ
974 943 1171 1000 Σαμουὴλ
1191 944 1265 999 τὴν
1288 941 1538 987 ἀσύντακτον
1558 943 1660 987 ἂνα-

177 1009 360 1070 χῶρησιν
382 1011 519 1070 φυγὴν
547 1009 604 1064 ὥς
634 1011 738 1063 εἰκὸς
772 1010 870 1055 εἶναι
904 1011 1189 1066 ὗποτοπάσας,
1224 1013 1469 1056 ἐπεισπεσὼν
1488 1012 1660 1071 ἀθρόως

179 1081 273 1137 μετ’
295 1081 540 1138 ἀλαλαγμοῦ
558 1082 625 1124 καὶ
643 1086 747 1136 βοῆς
765 1080 862 1132 τούς
880 1099 922 1126 τε
937 1081 1173 1138 (Ρωμαιόυς
1191 1083 1411 1138 κατέπληξε
1431 1083 1498 1125 καὶ
1518 1089 1658 1140 φυγεῖν

179 1148 382 1209 ἠνάγκασε
390 1183 405 1203 ,
438 1152 507 1194 καὶ
528 1150 575 1193 τὸ
595 1149 870 1208 στρατόπεδον
887 1152 1076 1207 κατέσχε,
1109 1153 1177 1195 καὶ
1201 1156 1275 1207 τῆς
1298 1151 1527 1207 ἀποσκευῆς
1548 1149 1658 1194 ἁπά-

125 1224 171 1262 15
182 1237 258 1276 σης
277 1221 430 1278 ἐγένετο
453 1217 592 1278 κύριος
608 1222 676 1263 καὶ
699 1221 826 1276 αὐτῆς
845 1225 918 1276 τῆς
940 1225 1156 1277 βασιλικῆς
1177 1225 1328 1277 σκηνῆς
1348 1222 1415 1263 καὶ
1434 1225 1514 1264 τῶν
1531 1225 1657 1275 βασι-

180 1293 305 1333 λικῶν
331 1287 602 1347 παρασήμων.
669 1287 788 1345 μόλις
818 1290 863 1332 δὲ
892 1288 912 1333 ὃ
940 1291 1134 1345 βασιλεὺς
1162 1289 1215 1333 τὰ
1244 1289 1364 1334 στενὰ
1393 1290 1571 1333 διελθὼν
1600 1292 1658 1341 εἲς

182 1351 508 1402 Φιλιππούπολιν
528 1357 787 1412 διασώζεται·
828 1360 869 1401 ἐν
896 1353 924 1416 ᾗ
944 1358 1155 1416 γενόμενος
1160 1392 1175 1412 ,
1209 1361 1276 1402 καὶ
1298 1359 1369 1402 τὸν
1388 1359 1653 1414 ΖΙίῙελισσηνὸν
1674 1363 1705 1400 Ρ
1729 1366 1801 1404 696

178 1428 471 1484 ἀμετακίνητον
492 1425 619 1486 εὖριὺν
635 1430 703 1471 καὶ
719 1428 794 1483 τὴν
811 1428 1149 1483 ἐμπιστευθεῖσαν
1171 1428 1283 1487 αὐτῷ
1305 1428 1493 1486 φυλακὴν
1515 1430 1652 1483 ἐπιμε-

179 1502 260 1549 λῶς
275 1502 502 1555 τηροῦντα,
547 1502 606 1556 τῷ
621 1495 947 1556 Κοντοστεφάνῳ
968 1500 1210 1556 ἐλοιδορεῖτο
1234 1495 1290 1548 ὥς
1309 1497 1556 1556 ψευσαμένῳ
1583 1500 1654 1540 καὶ

119 1568 379 1625 Ξθπαραιτίῳ
405 1563 584 1623 γεγονότι
608 1565 806 1610 τοσούτου
826 1571 966 1610 κακοῦ.
1033 1561 1153 1618 οὗτος
1175 1567 1221 1610 δὲ
1241 1567 1300 1623 μὴ
1323 1566 1491 1623 ἐνεγκὼν
1509 1564 1652 1625 πράως

175 1636 250 1692 τὴν
270 1637 511 1691 ἐπιτίμησιν,
556 1636 652 1678 ἀλλ’
684 1635 741 1679 ἔτι
769 1640 928 1691 μᾶλλον
953 1635 1251 1693 τραχυνόμενος
1280 1638 1347 1678 καὶ
1381 1637 1519 1679 δίκαια
1544 1653 1652 1691 συμ-

173 1708 396 1760 βουλεῦσαι
413 1703 728 1763 ἶσχυριζόμενος,
756 1703 956 1763 ἠνάγκασε
972 1706 1043 1750 τὸν
1059 1706 1234 1761 βασιλέα
1252 1705 1322 1748 διὰ
1339 1705 1413 1759 τὴν
1433 1705 1650 1761 ἀναίσχυν-

263 1884 290 1921 2
310 1879 513 1929 ἆγχίμαχον
535 1883 568 1919 C
686 1884 711 1919 3
733 1881 870 1928 κλέψαι
892 1883 926 1918 C
1048 1884 1072 1919 8
1091 1880 1156 1930 τὰ]
1181 1882 1246 1919 καὶ
1267 1879 1315 1917 τὰ
1340 1883 1372 1918 C
1486 1883 1529 1919 11
1555 1879 1648 1918 α’να-

265 1928 452 1976 ζευγνύειν
473 1942 593 1978 margo
613 1931 655 1976 P,
680 1927 930 1975 ’ὑποστροφὴν
954 1940 1074 1976 margo
1097 1931 1128 1966 C
1284 1931 1328 1965 12
1347 1926 1595 1974 ὑποτοπήσας
1617 1929 1648 1964 C

264 1973 451 2013 ἐπιπεσών
472 1977 504 2012 C
642 1978 687 2014 17
709 1976 981 2022 φιλιππόπολιν
1003 1977 1036 2013 O
1175 1978 1221 2013 18
1243 1972 1531 2022 εύμετακίνητον
1555 1976 1586 2011 C

170 2137 372 2174 samuelum
393 2141 530 2174 montes
553 2138 615 2194 qui
637 2123 885 2175 circumiace'nt
907 2141 1048 2183 tenere,
1078 2138 1123 2174 ab
1158 2142 1283 2185 aperto
1305 2136 1439 2184 praelio
1461 2139 1555 2172 metu
1577 2136 1644 2172 ab·

169 2185 393 2231 horrentem,
426 2190 464 2220 et
492 2186 648 2231 undique
679 2185 827 2221 insidias
857 2185 969 2220 hostis
990 2184 1152 2220 laedendi
1175 2196 1281 2220 causa
1302 2185 1517 2219 tendentem.
1564 2182 1645 2217 dum

169 2231 227 2266 his
247 2231 403 2266 intentus
427 2236 483 2266 est
505 2232 716 2277 imperator,
746 2232 948 2278 Stephanus
971 2231 1167 2266 scholarum
1191 2230 1456 2266 occidentalium
1477 2228 1644 2263 domesti-

169 2289 253 2321 cus,
287 2288 390 2323 quem
415 2279 461 2312 ob
483 2283 639 2313 staturae
661 2278 890 2314 humilitatem
913 2278 1237 2324 Contostephanum
1259 2277 1504 2323 appellabant,
1529 2274 1642 2310 Leoni

167 2323 362 2359 Melisseno
380 2322 655 2368 inimicissimus,
676 2331 780 2359 nocte
802 2337 842 2359 se
862 2324 931 2359 iam
952 2324 1158 2359 intendente
1178 2323 1425 2370 imperatorem
1447 2322 1533 2366 adit,
1556 2321 1640 2356 hor-

167 2374 335 2415 taturque
365 2375 406 2404 ut
439 2370 598 2405 omnibus
631 2371 737 2405 rebus
768 2369 979 2417 posthabitis
1008 2371 1111 2406 motis
1145 2370 1270 2405 castris
1302 2369 1429 2416 Cpolin
1460 2371 1642 2403 recurrat:

166 2415 395 2452 Melisseuum
419 2417 511 2452 enim
532 2416 671 2452 inhiare
693 2417 860 2462 imperio,
897 2422 932 2451 et
959 2417 1002 2452 ad
1025 2417 1146 2452 urbem
1171 2427 1302 2450 summa
1323 2415 1506 2450 celeritate
1529 2415 1644 2470 profi-¹

167 2462 269 2498 cisci.
317 2463 384 2498 hoc
416 2474 577 2498 sermone
610 2464 837 2498 conturbatus
868 2463 1060 2508 imperator
1090 2461 1207 2498 statim
1231 2467 1349 2498 castra
1372 2460 1506 2496 moveri
1527 2461 1640 2495 lubet.

166 2515 205 2545 at
228 2509 412 2544 Samuelus
443 2509 709 2555 incompositum
744 2509 892 2545 hostium
925 2510 1118 2545 discessum
1147 2521 1212 2555 pro
1242 2509 1348 2554 fuga,
1383 2513 1424 2543 ut
1454 2518 1521 2554 par
1547 2511 1636 2551 erat,

166 2555 299 2591 habens
323 2554 442 2590 subito
463 2556 501 2591 in
525 2568 586 2591 eos
610 2568 687 2592 cum
709 2555 861 2591 clamore
882 2567 925 2590 ac
947 2555 1097 2602 strepitu
1123 2554 1248 2599 irruit,
1281 2554 1497 2600 territosque
1519 2553 1556 2587 in
1580 2553 1638 2587 su-

167 2613 248 2647 gam
274 2601 435 2646 coniicit,
470 2603 597 2638 castris
629 2614 749 2638 eorum
780 2602 917 2648 potitur
944 2608 981 2638 et
1008 2601 1267 2648 impedimentis
1298 2601 1455 2637 omnibus
1480 2599 1638 2646 ipsisque

166 2649 256 2685 adeo
277 2648 514 2696 imperatoriis
534 2649 744 2695 insignibus.
788 2650 981 2696 imperator
1003 2660 1079 2684 cum
1099 2659 1206 2694 aegre
1227 2659 1292 2695 per
1308 2648 1430 2682 fauces
1450 2645 1634 2692 Philippo-

165 2694 263 2776 golin
295 2695 539 2742 pervenisset,
571 2695 818 2741 inveniretque
840 2695 1064 2730 Melissenum
1096 2694 1133 2730 in
1165 2706 1228 2729 sua
1260 2694 1414 2730 statione
1445 2698 1636 2728 morantem

192 2741 356 2787 iligenter
374 2742 445 2779 sibi
466 2743 707 2778 demandatam
731 2741 830 2778 obire
851 2742 1058 2787 custodiam,
1091 2742 1283 2788 exprobrat
1302 2739 1514 2776 mendacium
1539 2739 1635 2773 Con-

165 2788 396 2835 tostepllano‚
432 2790 526 2834 quod
557 2790 647 2825 tanti
680 2789 760 2824 mali
784 2800 890 2824 causa
913 2788 1052 2824 suisset.
1101 2799 1250 2834 eumque
1273 2799 1341 2822 non
1366 2787 1535 2822 ferentem
1559 2784 1634 2831 pla-

163 2835 244 2870 cide
268 2835 547 2881 obiurgationem
569 2837 630 2872 sed
657 2835 825 2871 ferociter
846 2839 1110 2882 responsantem
1136 2840 1173 2870 et
1194 2833 1458 2871 contendentem
1478 2844 1519 2867 se
1538 2838 1637 2866 recte
