1916 3210
342 166 439 213 566
805 164 1039 210 GEORGlI
1073 164 1312 209 CEDRENI

343 297 444 331 τινες
463 277 577 322 ἄλλοι
598 280 677 321 τῶν
699 275 901 332 ἐπισήμων
923 274 1070 333 ἀθρόοι
1089 274 1370 327 καταλιπόντες
1389 275 1512 321 αὑτὸν
1531 274 1782 336 προσερρῦη-

293 353 324 387 1)
348 365 423 390 σαν
450 351 506 403 τῷ
532 345 699 402 Ἰασίτῃ,
730 345 870 402 ’φυγῶν
889 343 991 399 μετὰ
1006 343 1191 387 Ἰωάννου
1213 349 1285 388 τοῦ
1307 343 1492 400 Βατὰτζη
1504 375 1518 398 ,
1550 345 1596 397 ὃς
1614 347 1666 401 δὴ
1685 344 1778 400 μετ’

346 414 466 457 αὐτὸν
483 415 524 456 ἐν
541 417 599 470 τῷ
615 413 870 470 στρατοπέδῳ
887 417 966 455 τῶν
984 411 1220 456 ἀποστατῶν
1236 410 1430 464 ἐτάττετο,
1451 413 1605 471 ἐπείπερ
1622 412 1784 471 ἄφυκτα

345 477 418 536 ἦν,
450 481 490 522 ἕν
509 497 586 522 τινι
608 481 826 538 κατέφυγεν
849 480 1059 539 ἐκκλησίᾳ,
1093 481 1159 522 καὶ
1180 478 1206 534 ἦ
1230 478 1484 531 ἓπισύστασις
1503 472 1583 523 τῶν
1604 480 1784 524 ἀποστα-

345 553 424 592 τῶν
451 545 690 602 ἓσκεδάσθη.
762 549 828 590 καὶ
855 546 1020 598 τούτους
1043 548 1116 603 μὲν
1137 545 1343 603 ὅἸασίτης
1359 548 1525 603 πέμψας
1540 547 1704 603 κατέσχε
1716 548 1819 591 ’καὶᾶ

347 616 448 672 πρὸς
475 615 544 658 τὸν
567 616 736 670 βασιλέα
759 616 1051 670 πεπεδημένους
1073 613 1239 671 εἰσάγει,
1274 619 1346 658 τοῦ
1366 615 1410 658 δὲ
1428 619 1604 672 στρατοῦ
1623 616 1803 669 ἕκαστος

350 686 404 734 εἷς
426 684 498 737 τὴν
518 682 660 727 ἑαυτοῦ
685 685 885 739 ἐπανῆλθε
907 683 1082 740 πατρίδα
1102 681 1275 727 κελεύσει
1301 687 1374 726 τοῦ
1394 683 1604 737 βασιλέως.
1668 685 1737 726 καὶ
1756 680 1788 725 ιὸ

348 752 421 805 μὲν
446 753 655 807 Τορνίκιος
674 754 740 794 καὶ
763 750 784 794 ὅ
807 749 1018 806 Βατάτζης
1044 751 1368 809 ἀποτυφλοῦνται
1395 751 1499 795 κατὰ
1523 750 1597 806 τὴν
1621 749 1792 807 ἑσπέραν

348 823 421 874 τῆς
442 817 582 876 ἑορτῆς
598 824 669 874 τῆς
685 824 756 863 τοῦ
776 822 959 876 Χριστοῦ
976 817 1213 875 γεννήσεως,
1247 817 1486 873 δημεύονται
1505 820 1550 862 δὲ
1566 819 1633 861 καὶ
1651 816 1793 862 ὁπόσοι

351 887 588 943 παρέμειναν
616 888 689 938 ἕως
719 888 855 938 τέλους
882 882 985 931 εὖνοι
1005 892 1062 946 τῷ
1085 884 1393 944 τυραννήσαντι,
1427 887 1579 941 ἀτίμως
1599 885 1792 944 πρότερον
1803 890 1848 928 10

350 956 634 1012 περιαχθέντες
654 955 719 997 διὰ
739 960 812 1010 τῆς
829 955 979 1011 ἀγορᾶς
998 957 1064 997 καὶ
1084 956 1217 1016 ἒξορία
1236 954 1613 1013 παραπεμφθέντες.
1678 954 1746 997 καὶ
1765 952 1793 1010 ἦ

352 1023 425 1077 μὲν
448 1023 672 1066 ἀποστασία
693 1027 871 1067 τοιοῦτον
895 1022 984 1078 ἴσχε
1003 1023 1049 1066 τὸ
1067 1023 1202 1075 τέλος,
1237 1022 1399 1079 ἄρχεται
1422 1023 1466 1066 δὲ
1486 1021 1625 1066 λοιπὸν
1641 1021 1694 1065 τὰ
1714 1021 1794 1065 ἀπὸ

353 1095 433 1134 τῶν
457 1089 650 1148 Τούρκων
671 1090 788 1134 κακά.
855 1092 955 1141 τίνες
983 1091 1027 1134 δὲ
1053 1090 1092 1134 οἳ
1121 1094 1320 1147 Τοῦρκοι,
1347 1092 1414 1133 καὶ
1437 1091 1526 1134 τίνα
1543 1088 1692 1148 τρόπον
1717 1089 1795 1148 ἤρ-

355 1162 472 1210 ξαντο
493 1163 676 1214 πολεμεῖν
690 1158 921 1214 Ῥωμαίοις,
952 1157 1110 1203 ἄνωθεν
1130 1158 1345 1213 ἀναλαβὼν
1366 1155 1620 1215 διηγήσομαι.

216 1262 244 1295 Ρ
268 1262 335 1298 767
496 1250 556 1291 Τὸ
583 1253 663 1293 τῶν
691 1248 885 1308 Τούρκων
903 1248 1022 1299 ἔθνος
1038 1249 1150 1305 γένος
1165 1247 1238 1303 μέν
1256 1249 1361 1292 ἔστιν
1384 1246 1596 1301 Οῧννικόν,
1628 1249 1732 1292 oinct?
1755 1247 1799 1292 δέ
1810 1256 1853 1294 1⁵

358 1318 408 1359 τὰ
442 1316 691 1374 προσάρκτια
718 1323 797 1361 τῶν
827 1318 1070 1360 Καυκασίων
1100 1317 1205 1374 ὀρῶν
1235 1314 1556 1374 πολυάνθρωπόν
1582 1333 1626 1360 τε
1654 1314 1700 1360 ὂν
1731 1318 1802 1365 καὶ

360 1384 580 1439 αὐτόνομον
607 1387 673 1428 καὶ
701 1384 773 1428 ὑπ’
809 1385 970 1435 οὐδενὸς
996 1384 1141 1435 ἔθνους
1164 1385 1258 1427 ποτὲ
1281 1385 1500 1428 δουλωθέν.
1565 1388 1639 1440 τῆς
1659 1384 1703 1428 δὲ
1721 1388 1802 1428 τῶν

359 1456 532 1509 Περσῶν
554 1453 680 1511 ἀρχῆς
703 1456 758 1504 εἷς
780 1453 1042 1510 Σαρακηνοῦς
1067 1454 1347 1507 διαλυθείσης,
1380 1454 1447 1495 καὶ
1468 1455 1540 1508 τῆς
1559 1456 1639 1496 τῶν
1661 1455 1803 1508 Σαρα-

361 1525 491 1575 κηνῶν
519 1522 766 1578 ἐπικρατείας
791 1522 849 1575 μὴ
877 1519 1000 1575 μόνον
1019 1522 1221 1577 Περσίδος
1241 1523 1306 1563 καὶ
1329 1522 1499 1575 Μηδίας
1516 1521 1583 1563 καὶ
1600 1522 1804 1573 Βαβυλῶ-

362 1606 429 1639 νος
447 1591 512 1630 καὶ
529 1589 746 1646 Ἀσσυρίων
763 1587 1042 1646 κυριευοῦσης,
1074 1587 1153 1643 ’ἤδη
1176 1589 1220 1631 δὲ
1237 1590 1304 1630 καὶ
1322 1587 1532 1644 Αῖγύπτου
1552 1589 1619 1630 καὶ
1635 1586 1859 1643 Λιβύηςω

363 1658 428 1698 καὶ
446 1658 593 1713 μέρους
612 1657 684 1699 οὐκ
703 1656 837 1712 ὀλίγου
854 1660 926 1710 τῆς
939 1653 1138 1712 Εὐρώπης
1145 1687 1159 1707 ,
1194 1656 1348 1712 ἐπείπερ
1372 1656 1510 1710 ἔτυχον
1531 1655 1573 1698 ἓν
1593 1653 1805 1714 διαφόροις

364 1731 516 1782 καιροῖς
541 1723 722 1779 ἀλλήλων
745 1722 1133 1774 καταστασιάσαντες
1162 1726 1228 1766 καὶ
1256 1722 1282 1779 ἡ
1311 1724 1385 1778 μία
1414 1725 1482 1766 καὶ
1509 1724 1672 1779 μεγίστη
1699 1722 1805 1780 ἀρχὴ

369 1790 468 1847 αὕτη
496 1795 551 1843 εἷς
575 1792 703 1835 πολλὰ
733 1791 904 1850 διῃρέθη
932 1792 1057 1850 μέρη,
1091 1793 1158 1835 καὶ
1188 1791 1309 1834 ἄλλον
1340 1791 1414 1848 μὲν
1444 1791 1619 1850 ἀρχηγὸν
1650 1789 1747 1848 εἶχεν
1777 1789 1804 1848 ἧ

368 1970 404 2000 et
437 1965 592 2002 Glabana
623 1966 755 2003 familia
785 1967 913 2014 aliique
945 1967 1096 2003 illustres
1128 1967 1140 2002 i
1167 1979 1205 2002 so
1238 1967 1377 2003 deserto
1397 1965 1579 2002 confertim
1601 1964 1645 2002 ad
1669 1965 1811 2001 Iasitam

366 2013 623 2058 transiverunt,
657 2014 771 2059 fugam
793 2014 871 2060 ipse
894 2025 969 2049 cum
992 2013 1120 2048 Ioanne
1173 2018 1304 2059 atatza,
1337 2013 1397 2058 qui
1420 2014 1464 2048 ab
1488 2024 1530 2047 eo
1553 2012 1644 2047 iuter
1664 2012 1812 2047 rebelles

369 2063 444 2091 erat
476 2058 676 2103 dignatione
707 2061 901 2106 proximus,
935 2059 1088 2106 paravit.
1133 2070 1278 2104 cumque
1307 2058 1478 2094 evadendi
1511 2070 1579 2092 non
1610 2069 1649 2093 su
1678 2061 1814 2103 peteret

368 2103 533 2147 facultas,
567 2104 604 2138 in
633 2106 794 2151 templum
818 2105 985 2151 quoddam
1010 2117 1048 2140 se
1070 2116 1248 2151 recepere.
1295 2104 1346 2139 sic
1367 2115 1490 2150 agmen
1511 2102 1641 2149 perdue
1667 2103 1736 2138 ium
1758 2107 1813 2138 est

368 2147 584 2193 dissipatum.
628 2150 737 2185 Iasita
770 2163 830 2185 eos
866 2151 978 2186 missis
1011 2151 1146 2186 famulis
1176 2150 1268 2197 cepit
1291 2156 1327 2185 et
1347 2150 1484 2184 vinctos
1506 2150 1550 2184 ad
1570 2148 1814 2195 imperatorem

368 2193 531 2237 abduxit=
554 2194 679 2230 milites
701 2196 798 2231 iussu
818 2196 1035 2242 imperatoris
1057 2197 1094 2230 in
1114 2208 1209 2230 suam
1232 2195 1378 2242 quisque
1397 2194 1543 2242 patriam
1564 2195 1813 2231 discesserunt.

371 2239 539 2274 Toruicio
576 2245 613 2275 et
642 2241 809 2277 Batatzae
841 2242 932 2276 oculi
965 2242 1084 2277 effossi
1107 2242 1221 2287 pridie
1244 2241 1474 2276 natalitiorum
1502 2239 1649 2276 Christi.
1697 2250 1816 2275 eorum

371 2284 431 2329 qui
462 2285 498 2319 in
527 2287 770 2322 benevolentia
801 2288 983 2332 perduellis
1014 2289 1239 2334 perstiterant
1260 2289 1350 2322 bona
1373 2286 1565 2332 publicata,
1621 2285 1694 2321 rius
1715 2285 1818 2330 igno-

371 2330 516 2365 miniose
539 2343 601 2376 per
624 2333 735 2367 forum
759 2334 1062 2368 circumductorum
1091 2345 1132 2368 ac
1164 2333 1289 2368 deinde
1314 2332 1556 2378 relegatorum.
1626 2342 1691 2366 unc
1713 2331 1818 2367 finem

373 2375 431 2409 ille
455 2376 575 2411 habuit
598 2384 720 2414 motus.
768 2380 834 2413 iam
859 2391 945 2423 quas
969 2390 990 2414 a
1012 2379 1139 2414 Turcis
1161 2378 1393 2424 acceperimus
1416 2377 1627 2412 calamitates
1654 2377 1816 2421 referam,

373 2421 404 2454 si
429 2422 525 2466 prius
548 2424 684 2468 quinam
707 2425 838 2459 fuerint
855 2424 985 2470 Turci,
1010 2429 1046 2460 et
1068 2436 1137 2471 qua
1161 2424 1342 2459 occasione
1362 2423 1486 2458 bellum
1509 2427 1629 2458 contra
1645 2422 1819 2458 Romanos

372 2478 495 2511 gerere
513 2469 711 2515 coeperint,
735 2471 959 2516 expedivero·

381 2572 385 2574 a
467 2535 660 2571 Turcorum
692 2549 778 2582 gens
809 2538 947 2573 Unnica
978 2539 1064 2584 fuit,
1099 2537 1260 2573 habitans
1293 2538 1338 2572 ad
1368 2536 1518 2572 Caucasi
1546 2535 1671 2571 montis
1700 2538 1820 2591 partes

375 2581 681 2627 septentrionales,
714 2583 976 2629 populosissima
1007 2590 1043 2620 et
1069 2583 1180 2618 libera
1202 2583 1393 2627 nulliusque
1413 2593 1560 2626 unquam
1582 2582 1733 2617 natioms
1756 2582 1821 2616 do-

377 2625 515 2660 minium
538 2634 695 2671 experta.
742 2635 921 2674 postquam
944 2629 1110 2666 Saraceni
1132 2630 1314 2664 Persarum
1337 2639 1443 2672 regno
1466 2639 1590 2663 everso
1613 2639 1683 2662 non
1700 2626 1821 2661 Persi·

378 2671 453 2704 dem
476 2673 576 2706 modo
599 2673 749 2708 Mediam
770 2675 983 2720 Babylonem
1007 2681 1042 2711 et
1060 2675 1238 2720 Assyriam
1250 2701 1260 2718 ,
1286 2675 1347 2709 sed
1367 2679 1403 2708 et
1417 2673 1610 2718 Aegyptum
1626 2678 1661 2707 et
1675 2672 1822 2716 Libyam

380 2722 413 2749 et
436 2716 601 2763 Europae
625 2730 693 2752 non
716 2720 874 2764 exiguam
898 2727 1029 2766 partem
1047 2723 1268 2765 subegerunt,
1292 2719 1361 2766 ipsi
1380 2718 1472 2754 inter
1494 2730 1534 2753 se
1556 2723 1745 2772 coeperunt
1765 2717 1821 2752 ‹li-

380 2762 491 2795 versis
518 2764 730 2808 temporibus
761 2765 859 2801 varie
880 2766 1079 2802 dissentire.
1125 2767 1175 2800 ita
1198 2766 1333 2800 unicum
1355 2764 1605 2799 Saracenorum
1625 2765 1729 2807 ldque
1749 2773 1824 2797 ma-

381 2806 505 2841 ximum
538 2807 716 2854 imperium
739 2810 776 2846 in
800 2811 920 2847 multas
946 2818 1000 2849 est
1022 2812 1169 2850 divisum
1191 2818 1326 2858 partes,
1362 2815 1400 2846 ut
1423 2809 1509 2846 alius
1530 2809 1723 2856 Hispaniae
1743 2807 1824 2852 iam,
