1916 3210
344 169 441 215 922
947 167 1192 212 FABROTI

341 280 434 331 χῶν.
491 277 670 328 Epiphan.
696 274 850 326 physiol.
878 288 910 314 e.
936 277 1004 316 22.
1059 277 1158 316 idem
1186 273 1381 330 μονᾶζων.
1435 277 1616 319 Masurius
1635 279 1783 320 homilia

344 337 419 380 38,
447 333 491 374 Β.
515 333 700 381 Chrysost.
722 332 827 382 epist.
849 328 914 371 14.
974 330 1170 385 μοναστής
1199 335 1397 384 Gregorius
1430 336 1619 400 presbyter
1644 337 1683 375 in
1707 337 1783 374 vita

345 389 514 439 Gregorii
535 388 715 436 theologi:
747 386 944 438 μοναστὴς
967 386 1056 429 ἀντὶ
1077 393 1271 441 κοσμικοῦ
1290 389 1357 430 καὶ
1377 386 1564 442 ἀκτήμων
1583 387 1670 431 ἀντὶ
1687 405 1784 444 χρη-

343 446 508 498 ματικοῦ
529 440 630 482 εἶναι
649 440 841 512 ἑλόμενος.
884 441 1114 511 καλόγηρος.
1157 446 1311 485 loannes
1332 445 1502 484 Moschus
1523 446 1666 486 Limon.
1679 461 1715 486 ..c
1729 449 1783 490 27

343 507 381 539 et
403 500 470 542 45.
524 499 638 537 Gallis
658 498 760 536 beau
782 501 883 550 pere.
932 497 1148 552 μονάστρια
1166 498 1265 554 ζωή,
1292 503 1368 540 vita
1385 502 1582 553 solitaria,
1591 503 1784 551 Constant.

342 556 505 595 Man-sss.
532 552 752 606 μονάστρια
772 557 958 596 monacha·
1005 557 1211 596 Manasses:
1240 557 1306 598 καὶ
1326 558 1455 598 τίθεσι
1475 553 1730 626 μονάστριαν.

454 607 578 663 μονή
608 613 874 651 monasterium.
942 612 1168 664 Nicephorus
1201 614 1386 664 Gregoras
1422 616 1468 654 3·
1525 610 1570 662 ὃς
1601 610 1799 684 ἐτύγχανε.

344 683 451 720 παρα
474 682 546 718 την
567 666 711 707 ἑαυτοῦ
731 664 874 736 μονήν.
914 670 1036 708 Simeo
1055 670 1350 721 Metaphrastes'
1341 683 1377 707 ιιι
1391 670 1599 710 Hilarione·
1627 669 1692 710 ἐπὶ
1710 667 1785 723 την

345 721 474 776 μονήν
501 725 574 763 τοῦ
600 720 807 763 Ἀντωνίου
836 719 1156 776 αφικνουμένοις.
1213 726 1345 764 Suidas
1373 726 1411 763 in
1430 726 1556 765 lustin.
1578 726 1783 766 Rhinotm.:

343 783 416 831 τῆς
446 777 738 847 Καλλιστράτου
766 783 892 831 μονῆς
918 778 1106 832 μοναχός,
1135 785 1173 820 et
1194 782 1349 820 ibidem.
1377 777 1599 847 ἡγούμενος
1619 783 1691 834 τῆς
1710 783 1786 823 τοῦ

346 833 511 887 Φλώρου
532 851 669 887 μονης.
726 837 913 875 Cedrenus
929 837 1134 888 simpliciter
1152 834 1471 889 ἡγούμενος-που
1491 833 1671 890 Φλώρου.
1699 839 1784 878 hinc

345 889 564 945 μονήδριον
588 892 894 931 monasteriolum.
949 892 1106 945 Niceph.
1125 894 1238 944 Greg.
1258 891 1309 936 4.

458 943 882 1013 μονοστράτηγος.
938 962 975 1000 p.
994 948 1126 991 444a.
1144 953 1445 1014 monostrategus.
1502 948 1671 991 Anastas.
1688 949 1789 990 ΒίῑιΙ.Ἰ

344 1006 383 1043 in
398 1005 481 1043 hist.
499 1004 614 1043 Eccl.:
653 1006 865 1055 imperium
888 1003 946 1042 ad
960 1012 1120 1056 patrem
1138 1007 1351 1057 proprium
1376 1004 1597 1055 tran-§ferre
1623 1012 1786 1057 catage-

348 1061 435 1109 ὒαι,
475 1075 590 1112 quem
612 1068 648 1097 et
669 1068 983 1112 monstrategum
993 1062 1111 1114 ficit.
1167 1063 1220 1101 sic
1244 1063 1318 1100 duo
1338 1074 1407 1101 ms.
1427 1062 1542 1100 scribe
1561 1069 1786 1100 monostra-

346 1125 493 1169 tegum,
523 1122 563 1155 ut
579 1117 663 1154 alibi
681 1118 780 1168 apud
797 1119 965 1157 eundem.

459 1189 486 1224 μ
498 1188 549 1213 ov
561 1169 583 1213 6
596 1174 678 1221 ξυλ
690 1189 714 1212 α
743 1174 899 1224 scaphae
918 1175 966 1213 de
987 1173 1136 1223 singulis
1154 1174 1316 1212 trabibus
1340 1176 1546 1213 excavatae.
1583 1173 1716 1224 Veget.
1736 1175 1785 1214 de

345 1244 386 1269 re
403 1230 505 1268 milit.
524 1231 551 1269 2
571 1242 602 1267 c.
622 1230 686 1266 ult.
745 1230 949 1268 Chronicon
965 1229 1244 1290 Alexandrffium
1261 1244 1297 1282 p.
1319 1232 1402 1272 900
1422 1235 1459 1268 et
1480 1227 1573 1272 904
1630 1227 1799 1281 Nicephzt

346 1287 415 1337 Cp.
442 1287 480 1323 in
506 1286 667 1324 Breviar.
686 1285 780 1322 Hist.
803 1286 921 1323 Gloss.
945 1286 1075 1325 Graec.
1094 1286 1198 1324 Lat:
1235 1281 1450 1337 μονόξυλον
1471 1286 1619 1323 lintris.
1677 1286 1786 1324 Zosi-

345 1356 425 1380 mus
446 1342 469 1382 l.
488 1342 534 1384 4:
565 1341 605 1381 οἷ
622 1339 694 1393 μὲν
716 1335 790 1381 οὐν
810 1339 1001 1406 βάρβαροι
1022 1356 1078 1382 το
1083 1344 1154 1394 τῆς
1174 1338 1380 1394 δυνάμεως
1398 1338 1661 1394 ἀκμαιότατον
1679 1338 1784 1391 πλή-

344 1403 412 1438 θει
431 1396 663 1463 μονοξύλων
680 1394 958 1449 ἐμβιβασαντες
978 1397 1130 1447 ἔταξαν.
1695 1422 1700 1428 -

458 1470 485 1505 μ
498 1468 551 1494 ον
563 1469 621 1493 οπ
633 1450 692 1493 ώλ
704 1468 806 1494 ειον
834 1454 1090 1507 monopolium.
1148 1454 1385 1507 curopalates
1403 1467 1441 1507 p.
1460 1454 1575 1497 850.-
1611 1454 1695 1493 vide
1723 1454 1782 1493 tit.
1803 1460 1807 1461 ⁷

345 1510 441 1547 Cod.
460 1511 506 1548 de
527 1510 708 1561 monopol.

457 1563 707 1616 μουλικόν
738 1568 880 1620 ζῷον,
933 1568 1115 1617 μοῦλα,
1164 1567 1404 1618 μουλίων.
1475 1566 1717 1618 Theophanes
1744 1566 1782 1603 in

345 1622 598 1660 Constantino,
655 1623 813 1659 animal
842 1622 1044 1659 mulinum
1073 1622 1265 1661 Anastasio
1293 1622 1484 1670 Biblioth„
1524 1626 1565 1660 ut
1595 1623 1724 1672 μοῦλα
1744 1621 1783 1659 in

342 1677 518 1726 BasiliciS‚
549 1677 654 1717 mula.
714 1678 920 1717 Alexander
937 1678 1143 1716 Trallianus
1161 1678 1184 1718 l.
1209 1682 1227 1718 1
1251 1692 1280 1717 c.
1302 1678 1373 1720 15:
1411 1681 1583 1718 πεσεῖται
1606 1675 1672 1725 δέ,
1712 1674 1783 1717 &niv

342 1733 476 1784 τρίχας
503 1730 598 1773 ὄνου
626 1732 693 1772 καὶ
719 1730 868 1786 μούλης
889 1730 1186 1788 ὖποθυμιάσῃς.
1244 1739 1282 1773 et
1299 1734 1472 1786 μουλίων
1490 1733 1614 1774 mulio.
1671 1732 1782 1772 Basil.

344 1790 393 1828 ad
411 1789 435 1826 l.
455 1790 507 1829 60
529 1788 554 1840 §
573 1793 598 1830 7
615 1789 659 1828 D.
680 1790 745 1831 loc.
773 1795 811 1829 et
828 1791 925 1828 alibi.

459 1857 666 1896 μυστικο
680 1848 695 1887 ί
721 1846 873 1896 mystici.
900 1846 1055 1884 Ioannes
1069 1845 1346 1884 Cantacuzenus
1368 1845 1393 1885 l.
1412 1848 1439 1887 3
1456 1859 1486 1884 c.
1506 1847 1582 1887 97:
1611 1845 1785 1911 μυστικῷ

347 1916 401 1941 τω
424 1897 616 1966 Κινναμῳ
639 1901 706 1941 καὶ
725 1898 871 1957 Ἀσανῃ
891 1897 1261 1971 πανυπερσεβαστῳ.
1309 1901 1461 1953 Niceph.
1479 1903 1592 1950 Greg.
1613 1903 1659 1942 8:
1683 1897 1783 1941 ὅθεν

346 1956 415 1997 καὶ
442 1953 545 2011 δόλῳ
575 1955 683 2009 παρὰ
713 1961 890 2009 μοναχοῦ
919 1960 1110 2010 μυστικοῦ
1140 1955 1347 1998 ἁλίσκεται.
1406 1970 1439 1996 v.
1459 1957 1649 2009 posterior.
1705 1959 1784 1996 not.

346 2027 384 2066 p.
402 2012 470 2055 51.
528 2013 721 2051 Balsamon
739 2015 786 2052 ad
801 2015 913 2052 Cone.
935 2028 974 2066 p.
994 2014 1075 2053 520
1094 2014 1130 2051 d.

457 2064 653 2121 ναρθηξ
682 2070 844 2109 narthex.
903 2071 951 2109 de
976 2070 1169 2118 narthece,
1205 2083 1252 2109 an
1275 2070 1371 2108 intra
1394 2068 1577 2108 ecclesiam
1602 2068 1658 2107 vel
1682 2070 1783 2107 extra

349 2129 467 2172 esset,
509 2138 543 2163 v.
573 2127 847 2165 eruditissimam
876 2127 1164 2164 dissertationem
1183 2125 1317 2165 Leonis
1343 2125 1463 2164 Allatii
1483 2126 1531 2164 de
1551 2125 1721 2163 narthece
1744 2127 1783 2163 et

347 2182 396 2220 de
417 2181 637 2220 Graecorum
655 2183 797 2234 templis
819 2196 855 2233 p.
883 2185 960 2222 110
980 2183 1037 2221 ed.
1061 2183 1178 2220 Paris.

459 2252 483 2276 ν
495 2253 545 2276 oi:
558 2235 581 2276 ά
595 2254 615 2288 ρ
628 2253 641 2277 ι
652 2253 672 2278 o
683 2254 701 2285 9
727 2240 899 2284 notarius,
922 2239 984 2289 qui
1001 2239 1097 2276 notis
1114 2239 1189 2277 sive
1207 2238 1391 2277 literarum
1408 2237 1629 2288 compendiis
1648 2235 1782 2274 scribit.

346 2294 387 2332 S.
406 2294 560 2331 Basilius
581 2296 684 2345 epist.
708 2297 799 2343 178,
829 2295 1002 2345 inscripta
1023 2295 1216 2362 νοταρίῳτ
1247 2294 1288 2334 οἱ
1311 2290 1422 2346 λόγοι
1446 2291 1519 2344 τήν
1538 2289 1661 2343 φύσιν
1680 2288 1784 2331 ’ὑπό-

346 2364 494 2414 πτερον
511 2349 652 2400 ε’χουσι.
711 2347 776 2390 διοέ
796 2353 911 2390 τοῦτο
933 2350 1104 2402 σημείων
1124 2348 1352 2404 χρῄζουσιν,
1381 2349 1449 2389 ι’να
1468 2346 1690 2398 ἷπταμένων
1710 2342 1784 2386 oev’-

347 2407 426 2444 τῶν
448 2401 547 2459 λαβῃ
571 2421 611 2446 το
633 2422 748 2458 ταχος
767 2405 788 2447 ὅ
807 2404 985 2473 γράφων.
1041 2407 1081 2443 S.
1102 2406 1317 2444 Athanasius
1349 2406 1452 2456 epist.
1479 2406 1527 2444 ad
1548 2404 1695 2442 Solstar.
1716 2403 1784 2442 vit.

348 2466 471 2510 agent.
490 2475 499 2499 ε
529 2459 618 2502 οὔτε
635 2461 709 2517 γάρ
730 2474 963 2515 στρατιωτου
982 2458 1199 2515 παρόντος,
1231 2477 1278 2502 ου
1299 2457 1561 2501 παλατινῶν
1540 2477 1566 2512 η
1590 2459 1784 2510 νοταρίων

348 2512 660 2558 ἀποσταλέντων.
716 2520 761 2559 Β.
780 2520 968 2569 Chrysost.
989 2533 1050 2570 ep.
1076 2520 1098 2558 1
1119 2519 1167 2556 ad
1185 2520 1389 2559 Innocent.·
1421 2517 1487 2557 καὶ
1508 2518 1579 2556 τοῦ
1598 2517 1785 2566 θεοφιλε-

351 2569 493 2613 στάτου
527 2573 714 2625 βασιλέως
741 2576 935 2626 νοταρίων
956 2574 1012 2622 εἰς
1028 2577 1145 2615 τοῦτο
1165 2570 1476 2620 αποστείλαντος.
1531 2573 1684 2611 occurrit
1700 2583 1786 2622 pas-

352 2630 431 2677 sim,
462 2633 502 2667 ut
518 2631 660 2680 Synodi
677 2633 865 2670 Constant.
887 2634 911 2672 6
929 2636 1000 2669 act.
1022 2635 1047 2672 2
1066 2635 1104 2669 et
1123 2634 1160 2679 3,
1189 2632 1288 2682 apud
1306 2631 1579 2680 Theophanem,
1605 2627 1785 2666 Codinum

352 2685 391 2722 in
411 2685 613 2737 Excerptis,
642 2689 875 2738 interpretem
895 2688 1011 2726 Canu.
1034 2686 1117 2725 eccl.
1136 2686 1213 2724 Afr.
1237 2691 1276 2725 et
1294 2687 1392 2725 libris
1412 2684 1524 2724 Basil.
1549 2681 1786 2735 ingredian-

352 2746 418 2777 tur
441 2755 595 2792 quoque
617 2750 652 2779 et
674 2745 848 2792 notarii,
878 2757 974 2795 quos
998 2742 1056 2780 ad
1076 2741 1327 2780 recitandum
1349 2742 1412 2781 vel
1433 2739 1492 2778 ad
1516 2737 1787 2791 excipiendum

353 2794 449 2834 mdo
472 2799 655 2848 requirit.
711 2800 749 2838 in
768 2801 886 2852 capite
909 2801 1010 2852 quod
1031 2799 1259 2847 inscribitur,
1287 2800 1378 2838 ordo
1396 2799 1443 2838 de
1465 2797 1681 2837 celebrando
1699 2806 1787 2834 con-
