1890 3236
504 159 896 205 ms'roRJARUM
930 159 1320 206 comENmUM.
1580 150 1646 207 67

186 277 255 321 καὶ
277 275 401 328 ἄλλος
419 271 623 331 ἀλλαχόθι
645 278 718 318 τοῦ
735 271 925 330 σώματος
943 275 1269 331 κατετίτρωσκον.
1322 274 1390 317 καὶ
1402 271 1552 332 χρόνον
1570 275 1645 329 μέν

183 363 276 390 τινα
294 345 472 401 ἀντέσχε,
489 349 549 403 τῷ
562 345 664 403 θείῳ
687 347 852 402 σταυρῷ
870 343 945 393 τὰς
965 348 1046 386 τῶν
1065 346 1193 401 ξιφῶν
1213 341 1344 400 ὁρμὰς
1366 342 1643 402 ἀποκρουόμε-

183 428 274 466 νος·
291 412 495 458 πάντοθεν
513 414 556 456 δ’
570 411 627 464 ὥς
638 415 785 470 θηριόν
798 410 1048 467 βαλλόμενος
1064 414 1129 454 καὶ
1147 411 1248 468 πρὸς
1264 402 1338 463 τὰς
1353 411 1521 470 τρώσεις
1541 413 1644 456 ἄπο-

185 481 339 539 καμῶν,
370 485 598 526 τελευταῖον
619 482 688 525 ἵνα
705 481 795 524 τινὰ
810 487 1054 537 γιγαντιαΐον
1072 481 1312 538 ἐπιφέροντα
1333 483 1431 525 ι’δὼν
1447 483 1520 538 τὴν
1537 486 1642 538 πλη-

150 550 274 609 ξγήν,
318 551 428 609 ὅρκῳ
445 555 518 607 τῆς
536 555 595 610 τῷ
615 554 702 609 ναῷ
723 548 952 605 ἔνοικούσης
971 549 1204 602 κατεὸέσμει
1222 548 1392 607 χάριτος
1411 553 1476 593 καὶ
1497 553 1642 608 ‹peltra-

182 625 288 665 σθαι
306 619 551 677 ἐξελιπάρει·
577 624 650 676 τῆς
663 623 745 662 τῶν
761 620 1071 676 Κραμβωνιτῶν
1090 611 1207 668 οὗτος
1227 616 1248 660 ὅ
1267 618 1459 673 γεννάδας
1476 619 1640 677 ὥρμητο

181 693 333 747 γενεᾶς.
401 689 497 732 ἀλλ’
524 687 548 732 ὅ
567 705 636 746 γε,
671 686 777 744 ιὀὐχ
794 686 956 745 ὅρκων”
994 685 1114 730 εἰπών
1142 684 1278 729 “omri
1299 686 1434 744 φόνων
1452 688 1638 746 καιρός,”

182 760 290 802 παίει
310 758 416 802 κατὰ
432 762 505 814 τῆς
517 758 654 815 χειρὸς
672 757 882 800 διανταίαν
900 754 1070 812 πληγήν,
1102 753 1157 807 ὥς
1172 756 1231 811 μὴ
1249 753 1374 810 μόνον
1391 761 1464 812 τῆς
1482 759 1637 809 κλειδὸς
1657 764 1688 800 Β

180 826 333 884 ταύτην
352 827 578 882 ἀποτεμεῖν,
618 826 723 869 ἀλλὰ
749 827 817 868 καὶ
843 825 889 870 τὸ
908 826 1028 883 κέρας
1046 831 1332 879 συναποτεμεῖν
1353 830 1428 868 τοῦ
1449 832 1642 884 σταυροῦ.

125 911 172 946 10
182 896 393 952 ἀποτέμνει
421 896 473 938 δέ
496 913 559 947 τις
587 894 714 938 αὐτοῦ
743 896 812 937 καὶ
837 894 911 951 τὴν
938 893 1131 952 κεφαλήν,
1165 893 1244 950 ἤδη
1265 897 1640 951 καταπεπονημένον

178 972 269 1017 ταῖς
293 969 466 1021 πληγαῖς
492 966 560 1007 καὶ
580 962 840 1015 ῧκλάσαντος.
908 962 1078 1022 τοιούτῳ
1106 963 1180 1018 μὲν
1206 964 1299 1018 βιόυ
1329 964 1431 1007 τέλει
1462 962 1484 1006 ὃ
1513 966 1639 1008 Λέων

176 1031 399 1091 ἓχρῆσατο,
434 1032 539 1076 κατὰ
567 1033 638 1077 τὸν
664 1033 920 1090 Δεκέμβριον
944 1038 1081 1088 μῆνα,
1115 1032 1204 1090 ὥρα
1231 1027 1281 1089 ἦν
1307 1030 1363 1083 ὥς
1393 1031 1538 1089 δεκάτη
1565 1038 1639 1090 τῆς

175 1100 340 1156 νυκτός,
375 1103 442 1145 ἐπ’
463 1101 531 1158 ἴτη
549 1101 798 1157 βασιλεύσας
820 1101 853 1154 ζ’
872 1103 939 1144 καὶ
958 1107 1090 1157 μῆνας
1109 1100 1154 1152 ε’,
1190 1099 1399 1156 ὠμότατος
1405 1134 1419 1154 ,
1449 1102 1555 1160 εἴπερ
1576 1119 1637 1154 τις

175 1170 298 1223 ἄλλος
307 1203 322 1224 ,
355 1171 549 1228 γεγονώς,
584 1173 650 1214 καὶ
671 1176 752 1215 τῶν
772 1171 852 1228 πρὸ
877 1171 1003 1213 αὐτοῦ
1022 1169 1183 1213 πάντων
1204 1168 1225 1213 ὅ
1251 1170 1539 1224 ἀσεβέστατος,
1558 1169 1637 1223 οἷς

122 1250 166 1288 15
177 1239 251 1296 τήν
267 1258 310 1284 τε
328 1245 560 1299 προσοῦσαν
582 1241 692 1299 αὐτῷ
711 1242 753 1283 ἐν
772 1247 856 1291 τοῖς
874 1246 1021 1290 κοινοῖς
1039 1240 1264 1294 ἐπιμέλειαν
1285 1241 1351 1281 καὶ
1369 1239 1443 1295 τὴν
1462 1241 1504 1282 ἐν
1518 1242 1635 1298 χερσὶ

174 1308 434 1366 γενναιότητα
447 1307 736 1367 ἆπημαύρωσε.
761 1309 916 1365 λέγεται
934 1310 979 1350 δὲ
996 1311 1062 1351 καὶ
1081 1307 1219 1365 φωνὴν
1239 1306 1466 1364 οὐρανόθεν
1481 1326 1635 1366 καταρ-

175 1383 349 1435 ραγῆναι
385 1377 512 1428 εῧθῦς
545 1377 632 1433 τὴν.
658 1378 786 1420 αὗτοῦ
825 1375 1044 1420 κατάλυσιν
1068 1376 1415 1433 εὖαγγελιζομένην
1447 1381 1635 1428 πολλοῖς·

173 1443 225 1503 ἧς
252 1448 325 1490 καί
345 1463 449 1497 τινες
474 1443 691 1502 ἀκηκοότες
715 1446 917 1499 ναυτίλοι,
962 1445 1033 1489 τὸν
1059 1445 1200 1503 καιρόν
1231 1462 1274 1488 τε
1298 1447 1365 1488 καὶ
1397 1445 1470 1502 τὴν
1504 1445 1629 1490 νύκτα
1653 1456 1684 1492 0

173 1513 533 1573 καταγραψάμενοι
542 1547 555 1568 ,
592 1515 637 1559 ἐκ
655 1520 728 1559 τοῦ
745 1515 848 1570 μετὰ
866 1518 995 1558 ταῦτα
1015 1513 1356 1572 συμπεράσματος
1374 1509 1491 1573 εὗρον
1506 1510 1633 1559 οὖσαν

116 1583 388 1641 ξοάληθινήν.
455 1584 705 1643 ἀνῃρημένου
725 1585 770 1627 δὲ
783 1589 857 1628 τοῦ
873 1584 1079 1636 Λέοντος,
1115 1584 1153 1626 οἱ
1176 1582 1420 1642 ἀνῃρηκότες
1443 1582 1633 1641 σύροντες

171 1655 243 1698 τὸν
266 1652 413 1697 τούτου
431 1654 570 1711 νεκρὸν
594 1653 774 1709 ἀνηλεῶς
799 1653 868 1696 διὰ
897 1658 978 1697 τῶν
997 1652 1166 1696 Σκύλων
1195 1654 1251 1703 εἷς
1278 1653 1350 1696 τὸν
1377 1651 1630 1710 ἱππόδρομον

114 1771 120 1779 ,
169 1721 375 1780 ἐξήγαγον,
420 1723 571 1774 παντὸς
591 1723 729 1774 αὐτοῖς
748 1723 1040 1781 περιῃρημένον
1067 1720 1201 1780 φόβου
1236 1721 1306 1764 διὰ
1334 1721 1380 1764 τὸ
1410 1722 1483 1778 τὴν
1505 1723 1630 1776 βασί-

0 1802 4 1843 5
169 1797 276 1836 λειον
295 1791 424 1848 αὐλὴν
443 1791 584 1843 ὅπλοις
605 1793 763 1843 οἵκειόις
779 1791 982 1835 πάντοθεν
1008 1795 1355 1849 περιφραχθῆναι.
1424 1792 1629 1835 κατέσπα-

0 1854 2 1858 ’
168 1878 247 1905 σαν
272 1862 317 1905 δὲ
345 1865 426 1905 τῶν
450 1862 666 1916 βασιλείων
686 1863 755 1904 καὶ
771 1861 846 1917 τὴν
873 1861 1001 1905 αὐτοῦ
1030 1858 1207 1917 γαμετὴν
1229 1860 1303 1904 σὺν
1325 1865 1411 1910 τοῖς
1433 1861 1627 1919 τέσσαρσι

166 2060 262 2110 parti
284 2060 404 2108 plagas
426 2057 660 2098 intentabant.
692 2061 769 2097 Leo
790 2060 1000 2108 aliquamdiu
1025 2072 1127 2096 cruce
1149 2072 1189 2096 se
1210 2058 1380 2105 defendit,
1403 2058 1531 2094 ictibus
1548 2060 1626 2106 gla-

166 2109 302 2144 diorum
334 2108 507 2154 repulsis,
541 2109 653 2144 donec
684 2109 784 2144 ferae
814 2109 926 2143 instar
960 2109 1183 2154 undiquaque
1216 2106 1396 2152 impetitus
1428 2106 1624 2142 succubuit.

165 2154 305 2189 tandem
327 2155 498 2200 quendam
520 2155 660 2190 immani
682 2167 830 2201 corpore
850 2154 1004 2200 gigantis
1025 2154 1169 2189 similem
1188 2153 1321 2187 inferre
1342 2152 1447 2186 ictum
1465 2163 1627 2196 cernens,

165 2211 231 2246 per
260 2200 512 2237 inhabitantem
542 2203 658 2236 fanum
688 2201 773 2237 illud
801 2201 949 2247 gratiam
980 2201 1131 2236 iuratum
1162 2201 1367 2234 obsecratus
1397 2203 1453 2232 est
1486 2203 1524 2232 ut
1555 2198 1625 2233 sibi

163 2252 342 2292 parceret.
389 2247 458 2283 fnit
486 2247 614 2283 nobilis
643 2247 712 2283 iste
744 2247 1043 2282 Crambonitarum
1076 2246 1188 2293 stirpe
1210 2245 1397 2286 oriundus3
1428 2255 1470 2278 ac
1501 2243 1624 2279 dicens

165 2303 236 2327 non
257 2292 525 2328 immentorum
548 2305 626 2330 esse
650 2294 716 2328 hoc
739 2295 802 2328 sed
823 2293 942 2328 caedis
963 2299 1117 2339 tempus,
1154 2291 1254 2337 gravi
1274 2291 1347 2324 ictu
1369 2300 1504 2324 manum
1527 2290 1624 2325 Leo-

165 2338 221 2373 nis
245 2337 417 2373 clavicula
438 2339 607 2384 abscidit,
641 2339 810 2385 simulque
831 2350 939 2374 cornu
961 2339 1089 2374 crucis.
1135 2339 1274 2373 tandem
1298 2335 1500 2371 vulneribus
1526 2335 1623 2371 vieto

166 2389 204 2420 et
225 2384 268 2419 ad
292 2389 421 2420 terram
442 2385 638 2420 subsidenti
659 2386 798 2431 quidam
822 2391 928 2431 caput
952 2383 1159 2430 amputavit.
1188 2383 1280 2418 hunc
1302 2383 1405 2417 tinem
1426 2381 1523 2417 vitae
1543 2394 1622 2417 sor-

164 2431 251 2466 titus
275 2435 330 2465 est
351 2431 447 2476 Leo,
477 2442 596 2466 mense
611 2431 816 2475 Decembri,
851 2431 938 2466 hora
960 2431 1073 2465 noctis
1095 2441 1207 2485 prope
1229 2428 1380 2473 decima,
1411 2438 1484 2462 cum
1507 2427 1622 2474 impe·

163 2477 254 2513 rium
277 2487 386 2511 annos
409 2479 453 2522 7,
488 2489 625 2512 menses
655 2477 678 2513 5
705 2477 892 2522 gessisset,
928 2481 964 2512 et
985 2476 1109 2511 maiori
1131 2487 1233 2522 quam
1255 2474 1342 2509 ullus
1364 2480 1620 2509 antecessorum

164 2522 372 2558 crudelitate
401 2529 507 2568 atque
536 2524 717 2569 impietate
746 2534 830 2558 usus
858 2522 1071 2568 diligentiam
1099 2521 1136 2556 in
1166 2534 1207 2557 re
1236 2520 1374 2568 publica
1402 2520 1619 2565 procuranda

163 2569 272 2616 inque
300 2570 406 2604 rebus
437 2569 572 2605 bellicis
605 2570 843 2605 fortitudinem
866 2580 963 2604 suam
986 2570 1219 2604 obscurasset.
1265 2568 1365 2602 aiunt
1384 2577 1504 2600 vocem
1526 2576 1616 2611 quo-

163 2626 234 2662 que
255 2615 401 2651 caelitus
424 2616 539 2651 statim
564 2617 710 2661 editam,
744 2627 835 2662 quae
865 2615 992 2650 laetum
1021 2616 1065 2650 de
1095 2615 1170 2650 eius
1193 2619 1303 2649 morte
1323 2613 1478 2648 nuntium
1499 2611 1618 2646 multis

162 2662 386 2708 patefecerit.
433 2674 475 2697 ac
497 2663 732 2698 navicularios
753 2662 919 2709 quosdam
939 2661 1000 2707 qui
1023 2673 1098 2696 eam
1121 2660 1358 2703 audivissent,
1383 2662 1502 2694 notato
1527 2663 1618 2692 tem-

162 2717 251 2787 pore
281 2712 318 2743 et
346 2713 450 2744 nocte
473 2721 537 2754 ea,
570 2709 809 2745 ratiocinando
833 2720 907 2743 eam
929 2719 1087 2743 veracem
1108 2707 1392 2755 deprehendisse.
1436 2702 1617 2738 interfecti

195 2753 295 2789 eonis
321 2755 473 2790 cadaver
506 2767 730 2802 percussores
761 2755 950 2790 crudeliter
979 2765 1044 2800 per
1064 2754 1177 2800 spolia
1200 2754 1237 2788 in
1259 2753 1398 2787 Circum
1421 2755 1616 2793 traxerunt,

163 2800 274 2835 omnis
295 2806 405 2836 metus
427 2802 543 2848 vacui,
564 2802 657 2848 quod
677 2803 749 2838 suis
772 2802 877 2837 armis
895 2800 1026 2847 regiam
1044 2801 1264 2847 undiquaque
1286 2797 1488 2834 cinxissent.
1513 2841 1523 2849 ι
1537 2794 1617 2850 qula

162 2855 302 2893 quoquo
323 2846 511 2894 Augustam
533 2849 712 2886 eiecerunt
733 2859 808 2885 cum
833 2852 997 2895 quattuor
1017 2847 1101 2884 filiis
1123 2846 1219 2894 eius,
1246 2844 1434 2889 sabbatio,
1464 2853 1526 2889 qm
1547 2853 1615 2877 1¹¹¹·-
