1890 3236
484 186 879 233 HISTORIARUM
921 186 1312 232 COMPENDIUM.
1531 186 1631 232 337

165 300 249 360 ἤδη
265 297 480 358 ἁψάμενος
493 299 673 359 ἡλικίας,
703 302 771 345 καὶ
788 300 848 358 μὴ
870 299 1006 359 φέρων
1027 298 1128 359 ὁρᾶν
1147 299 1201 344 τὰ
1219 297 1442 358 πράγματα
1459 298 1540 344 ὕπὸ
1558 305 1633 344 τοῦ

165 370 323 429 πατρὸς
338 370 467 416 αῧτοῦ
484 369 762 426 διοικούμενα,
796 370 1002 430 φαρμάκῳ
1019 373 1164 414 τοῦτον
1181 369 1363 414 ἐκποδῶν
1377 367 1632 426 ποιήσασθαι

164 437 459 496 ἐβουλεύσατο,
513 438 664 495 εἰδήσει
697 441 766 483 καὶ
798 444 874 496 τῆς
907 439 1033 483 αὐτοῦ
1067 442 1247 496 γαμετῆς
1282 443 1358 495 τῆς
1395 440 1631 495 καπηλίδος.

166 509 384 565 μέλλοντος
404 509 484 568 γὰρ
506 514 580 553 τοῦ
602 510 910 553 Κωνσταντίνου
931 506 1214 566 καθαρτήριον
1233 505 1348 563 πόμα
1369 511 1522 563 λαβεῖν,
1557 512 1634 552 λα-

132 577 315 631 ὄθόντες
341 571 454 623 οὗτοι
485 577 730 635 δηλητήριον
755 575 888 636 τούτῳ
916 577 1124 634 ἐκέρασαν,
1157 578 1227 620 καὶ
1253 575 1438 634 Νικήταν
1467 577 1539 621 τὸν
1567 578 1633 620 ἐπὶ

167 651 242 704 τῆς
266 648 464 706 τραπέζης
481 647 736 706 ,παρέπεισαν
760 647 892 704 ἐγχέαι
919 650 1039 690 τοῦτο
1070 649 1129 704 τῷ
1154 649 1329 700 βασιλεῖ’.
1395 645 1555 702 μέλλων
1587 646 1634 690 δὲ

169 716 316 769 ἐκεῖνος
333 716 433 770 αὐτὸ
453 719 593 772 λαβεῖν
608 717 788 771 κείμενον
805 715 1037 773 ἔμπροσθεν
1055 719 1138 758 τῶν
1160 719 1316 758 σεπτῶν
1336 713 1511 768 εἰκόνων,
1557 715 1634 760 εἷ’τε

168 783 272 844 τύχῃ
287 787 366 830 τινὶ
382 785 460 830 εἴτε
475 787 544 829 καὶ
557 783 749 837 ἑκουσίως
761 783 989 839 ὀλισθήσας
1000 783 1046 828 τὸ
1060 784 1181 827 πλέον
1193 783 1332 839 ἐξέχεε.
1363 784 1410 828 τὸ
1432 785 1476 828 δὲ
1493 784 1635 828 λοιπὸν

168 855 300 904 ποθὲν
311 852 392 898 ὕπὸ
411 858 485 898 τοῦ
499 855 807 898 Κωνσταντίνυυ
827 853 952 912 ἀργὸν
971 851 1104 913 ἐφάνη
1124 854 1192 897 καὶ
1213 851 1420 911 ἄπρακτον
1428 885 1444 906 ,
1473 853 1541 896 διὰ
1561 853 1635 910 τὴν

114 933 160 971 1⁰
170 921 384 981 ὀλιγότητα
401 923 476 979 τὴν
493 924 642 967 οἰκείαν
661 923 872 978 ἀποβαλὸν
889 923 1100 980 ἐνέργειαν.
1137 922 1243 979 πλὴν
1261 924 1328 966 καὶ
1343 921 1472 973 οὕτως
1483 921 1503 965 ὃ
1514 924 1636 966 Κων-

167 999 377 1045 σταντῖνος
401 990 521 1048 μόλις
547 992 828 1050 περιγενέσθαι
858 991 1034 1048 ἴσχυσεν,
1067 990 1368 1048 ἐπισκήψαντος
1389 991 1440 1047 δὴ
1461 996 1535 1035 τοῦ
1555 994 1632 1048 δη·
1656 1001 1687 1037 C

168 1062 360 1121 λητηρίου
381 1062 423 1105 ἐν
441 1065 493 1120 τῇ
510 1065 666 1122 πλευρᾷ
688 1061 815 1105 αὐτοῦ
833 1063 900 1105 καὶ
920 1066 1054 1113 κακῶς
1073 1062 1318 1116 διαθεμένου
1343 1059 1481 1104 αὐτόν.

306 1129 352 1174 ιε’
385 1131 431 1174 δὲ
454 1129 592 1189 χρόνῳ
617 1135 692 1187 τῆς
722 1131 848 1174 αὐτοῦ
871 1131 1104 1186 βασιλείας,
1139 1131 1244 1174 κατὰ
1268 1131 1339 1174 τὸν
1359 1129 1637 1188 Σεπτέμβριον

167 1203 278 1256 μῆνα
295 1204 370 1255 τῆς
384 1197 422 1257 γ’
440 1202 705 1253 ῗνδικτιῶνος,
736 1201 778 1244 ἐν
801 1199 878 1244 ε’τει
897 1204 1079 1259 κοσμικῷ
1099 1197 1239 1258 ,ςυξηζ
1271 1198 1393 1252 ἔξεισι
1413 1201 1637 1244 Κωνσταν-

115 1279 160 1316 15
171 1276 278 1321 τῖνος
309 1266 331 1313 ὅ
361 1269 555 1324 βασιλεὺς
583 1269 626 1312 ἐν
655 1274 714 1328 τῷ
742 1273 817 1314 τοῦ
842 1267 1053 1326 Ὀλύμπου
1076 1267 1184 1327 ι’ίρει,
1228 1273 1288 1328 τῷ
1303 1268 1378 1325 μὲν
1395 1270 1528 1312 δοκεῖν
1549 1274 1640 1319 ταῖς

168 1343 250 1382 τῶν
277 1338 400 1382 ἐκεῖσε
429 1339 615 1402 πατέρων
646 1338 782 1394 εὐχαῖς
810 1339 1220 1396 θωρακισθῆναι.καὶ
1248 1337 1340 1393 μετ’
1375 1338 1510 1381 αὐτῶν
1532 1336 1638 1381 κατὰ

169 1409 421 1465 Σαρακηνιῦν
449 1407 491 1451 ἐν
519 1407 650 1469 Συρίᾳ
681 1409 993 1466 ἐκστρατεῦσαι,
1041 1407 1196 1464 ἀληθεῖ
1219 1407 1263 1450 δέ
1292 1404 1400 1466 λόγῳ
1433 1405 1638 1462 ἕνωθῆναι

174 1474 378 1535 Θεοδώρῳ
398 1481 458 1536 τῷ
475 1481 548 1533 τῆς
568 1477 746 1530 Κυζίκου
770 1476 1077 1535 προεδρεύοντι,
1112 1478 1238 1520 ἐκεῖσε
1263 1473 1354 1520 τότε
1377 1474 1453 1527 τὰς
1480 1477 1639 1531 διατρι-

167 1545 250 1601 βὰς
265 1545 516 1604 ποιουμένῳ,
551 1549 619 1589 καὶ
639 1547 732 1601 μετ’
756 1545 881 1589 αὐτοῦ
898 1548 990 1605 περὶ
1009 1551 1082 1601 τῆς
1104 1545 1383 1602 καθαιρέσεως
1399 1548 1473 1588 τοῦ
1492 1547 1640 1587 Πολυ-

113 1612 312 1660 ἳοεόκτου
337 1612 664 1670 βουλεύσασθαι.
745 1616 867 1659 ἐκεῖσε
905 1620 1003 1673 γοῦν
1038 1611 1274 1672 γενόμενος,
1316 1613 1391 1658 εἴτε
1426 1617 1641 1671 σωματικῇ

168 1684 422 1744 πλημμελείᾳ
452 1683 531 1728 εἴτε
559 1682 681 1727 πάλιν
709 1681 789 1728 ὕπὸ
810 1689 882 1728 τοῦ
903 1684 1050 1736 παιδὸς
1069 1685 1354 1743 φαρμαχθείς,
1388 1681 1640 1737 ὀδυνώμενος

169 1751 416 1812 ἀνεχώρησε,
451 1751 686 1810 κλινοπετής
704 1771 746 1797 τε
770 1754 873 1798 κατὰ
896 1754 941 1797 τὸ
959 1755 1073 1805 τέλος
1094 1758 1168 1797 τοῦ
1181 1753 1432 1809 Ὀκτωβρίου
1457 1753 1531 1807 τὴν
1554 1758 1636 1806 βα-
1659 1761 1691 1795 D

169 1824 307 1886 σιλίδα
326 1821 543 1878 κατέλαβε,
571 1825 638 1866 καὶ
657 1827 707 1881 τῇ
728 1821 773 1866 θ’
793 1828 864 1867 τοῦ
884 1825 1120 1880 Νοεμβριόυ
1141 1822 1268 1878 μηνὸς
1288 1824 1475 1880 τελευτᾷ,
1503 1820 1640 1876 ἄπρα-

169 1909 246 1936 κτα
273 1890 326 1935 τᾶ
353 1894 656 1948 βεβουλευμένα
683 1890 824 1946 λιπών,
868 1891 994 1948 ζήσας
1013 1891 1172 1935 ἅπαντα
1201 1891 1271 1935 τὸν
1291 1895 1364 1946 τῆς
1385 1891 1490 1945 ζωῆς
1512 1890 1642 1933 αὐτοῦ

261 2025 308 2062 19
328 2021 561 2070 πατριάρχου
585 2025 616 2060 C
753 2024 801 2061 24
820 2020 1035 2059 καταλιπὼν
1056 2023 1088 2058 C

168 2151 228 2177 res
247 2139 460 2187 gubernari,
482 2139 636 2187 ideoque
657 2151 734 2175 eum
758 2151 894 2175 veneno
916 2138 1044 2174 tollere
1066 2137 1211 2183 statuit,
1234 2136 1376 2172 conscia
1401 2135 1506 2172 etiam
1529 2147 1642 2172 uxore

168 2198 254 2232 sua,
287 2186 456 2234 cauponis
477 2187 562 2222 filia.
611 2193 800 2233 eapropter
831 2198 908 2221 cum
939 2185 1047 2220 vellet
1069 2185 1323 2219 Constantinus
1353 2183 1641 2218 medicamentum

169 2245 325 2280 purgans
345 2233 483 2278 bibere,
514 2233 619 2268 letale
643 2245 816 2268 venenum
838 2233 871 2267 ei
896 2236 1040 2278 parant3
1063 2232 1347 2278 persuadeatque
1369 2229 1521 2264 Nicetae
1543 2241 1644 2264 men-

169 2291 234 2315 sae
257 2279 462 2314 administro
491 2284 531 2314 ut
563 2279 598 2313 id
633 2279 809 2314 infundat.
855 2279 1047 2324 imperator
1070 2289 1146 2312 cum
1168 2277 1239 2312 iam
1259 2277 1297 2311 id
1322 2283 1419 2311 esset
1442 2276 1642 2321 hausturus,

169 2324 322 2373 positum
345 2330 427 2360 aute
449 2337 568 2360 sacras
598 2325 790 2371 imagines,
822 2324 900 2359 sive
929 2324 1077 2359 fortuito
1108 2323 1187 2358 sive
1217 2322 1337 2358 dedita
1368 2333 1477 2367 opera
1507 2322 1642 2368 lapsus,

169 2371 290 2419 poculi
323 2371 398 2407 eius
430 2371 593 2406 maiorem
627 2378 763 2417 partem
794 2371 934 2405 effudit.
980 2370 1154 2416 reliquum
1182 2374 1323 2415 epotum
1355 2370 1399 2403 ob
1430 2368 1643 2414 paucitatem

167 2418 284 2454 visum
307 2423 362 2453 est
385 2429 506 2452 carere
529 2418 758 2462 efficacitate,
794 2423 832 2452 et
863 2415 1085 2451 nihilominus
1115 2421 1233 2451 tamen
1255 2416 1507 2451 Constantinus
1539 2414 1644 2460 gravi

169 2465 292 2500 morbo
315 2463 483 2499 lateribus
506 2465 651 2499 tentatis
674 2476 694 2498 a
718 2475 854 2498 veneno
879 2474 985 2508 aegre
1007 2461 1135 2497 evasit.

259 2509 362 2546 Anno
380 2509 520 2557 imperii
544 2510 766 2545 Constantini
789 2510 854 2553 15,
875 2521 995 2544 mense
1013 2506 1236 2554 Septembri,
1267 2507 1462 2543 indictione
1483 2507 1527 2552 3,
1551 2518 1644 2541 anno

169 2557 288 2594 mnndi
313 2558 416 2602 6468,
439 2557 622 2612 profectus
647 2563 702 2591 est
723 2557 916 2602 imperator
939 2555 982 2590 ad
1006 2555 1193 2602 Olympum
1217 2560 1390 2598 montem,
1417 2553 1452 2588 in
1477 2553 1643 2599 speciem,

169 2609 210 2640 ut
228 2608 366 2649 patrum
388 2615 450 2650 qm
473 2603 524 2638 ibi
548 2604 716 2638 vivebant
748 2601 1086 2649 comprecationibus
1115 2606 1268 2636 armatus
1299 2601 1337 2635 in
1359 2600 1498 2645 Syriam
1523 2605 1645 2635 contra

171 2649 368 2686 Saracenos
384 2649 690 2705 proficisceretur,
714 2662 754 2684 re
778 2656 893 2684 autem
917 2649 1015 2695 ipsa,
1040 2653 1078 2682 ut
1101 2659 1178 2682 cum
1199 2647 1389 2682 Theodoro
1416 2645 1542 2692 Cyzici
1567 2646 1644 2691 epi-

170 2706 300 2742 scopo,
338 2707 400 2742 qui
431 2702 503 2732 tum
533 2696 585 2731 ibi
617 2697 790 2741 degebat,
826 2696 871 2730 de
894 2695 1088 2739 Polyeucto
1121 2693 1318 2729 deiiciendo
1349 2693 1495 2728 consilia
1523 2692 1644 2727 iniret.

169 2741 255 2777 inde
277 2742 356 2778 sive
380 2742 539 2789 corporis
563 2742 651 2778 vitio
676 2743 754 2777 sive
783 2753 918 2777 rursum
951 2753 971 2776 a
1001 2741 1073 2775 filio
1106 2740 1239 2787 petitus
1269 2751 1427 2783 veneno,
1465 2738 1645 2774 doloribus

171 2793 354 2834 correptus
377 2789 559 2834 discessit,
593 2795 630 2824 et
662 2790 726 2824 sub
758 2789 861 2823 finem
886 2787 1054 2823 Octobris
1087 2787 1124 2822 in
1147 2787 1271 2822 lectica
1293 2786 1422 2833 Cpolin
1445 2790 1646 2832 reportatus

171 2839 246 2879 est,
279 2846 322 2869 ac
353 2835 510 2871 consiliis
540 2835 612 2870 suis
638 2835 767 2870 exitum
791 2834 918 2870 nullum
943 2833 1139 2869 consecutis
1163 2839 1337 2876 mortuus,
1370 2844 1463 2868 nona
1488 2832 1546 2866 die
1568 2832 1647 2866 No-

170 2881 338 2919 vembris.
388 2882 476 2917 vixit
499 2894 610 2918 annos
633 2881 889 2929 quinquaginta
912 2886 1078 2928 quattuor
1101 2886 1138 2916 et
1162 2890 1298 2915 menses
1317 2879 1400 2914 duo.
1448 2878 1648 2925 imperavit,

228 2935 362 2981 Geor-g.
394 2936 567 2972 Cedrcnus
595 2941 676 2971 tom.
709 2937 758 2970 11.
1311 2930 1365 2970 22
