1916 3210
311 180 410 228 788
729 174 1024 221 XYLANDRI
1055 176 1129 220 ET
1164 175 1342 222 GOARI

310 290 541 332 Circensibus
565 286 675 326 ludis
688 287 811 326 vocari
835 282 995 338 μιτάτα,
1024 286 1246 337 easdemque
1267 284 1649 330 Thessalam
1667 284 1783 330 nesi-⁴

311 348 403 387 tioni
433 358 559 385 ansam
587 343 822 412 praebuisse,
848 344 899 382 de
918 355 992 394 qua
1010 343 1236 381 Sozomenus
1255 346 1283 385 7
1307 343 1381 386 24.
1407 359 1464 409 ην
1481 345 1559 413 τῇς
1573 341 1768 398 dmm

311 400 517 456 πρόφασις
548 396 694 440 τοιάδε.
750 398 983 468 Βωτερίχου
1000 394 1088 439 τότε
1114 401 1187 439 τοῦ
1211 395 1452 452 ’ἡγουμένου
1465 402 1546 440 τῶν
1568 395 1767 454 mciv

315 459 560 510 στρατιωτῶν
578 451 759 522 '5⁹5⁰Z09„
759 452 831 495 τόν
851 449 1033 521 οἰνοχόον
1051 454 1224 507 αἰσχραῖς
1243 453 1341 496 ἰδών
1361 455 1577 510 ἐπείρασε,
1574 453 1663 496 M
1677 458 1768 497 wis

313 513 487 583 ληφθεὶς
518 512 562 553 ἐν
596 512 759 583 φρουρᾷ
784 505 852 563 ἦν.
907 506 1106 562 ἐπισήμου
1133 509 1178 551 δὲ
1210 511 1475 565 ἱπποδρομίας
1482 511 1768 554 {mmm

314 567 550 638 μελλούσης,
581 566 636 615 ως
657 561 877 620 ἀναγκαῖον
896 567 952 615 εἰς
969 564 1044 619 τὴν
1063 563 1284 621 οἶγοονίαν’
1259 585 1283 609 o
1302 559 1623 610 Θεσσαλονικέων

314 623 442 677 ἐζήτει
471 622 686 676 ἀφίεσθαι·
716 622 770 671 ως
795 621 839 665 δὲ
865 638 941 664 ουκ
966 620 1114 676 ἤνυεν,
1143 624 1201 672 εἰς
1226 622 1402 677 χαλεπήν
1430 621 1609 677 κατέστη
1614 636 1661 665 σν
1692 636 1769 666 σιν.
1795 667 1799 671 ,

314 686 433 723 fateor
455 686 582 720 tamen
606 694 630 720 a
651 679 947 726 metationibus,
975 680 1109 731 quibus
1127 682 1221 720 inter
1236 682 1536 733 proficiscendum
1553 685 1675 723 eastra
1690 693 1770 720 mo-

316 742 501 787 rarentur,
529 734 578 777 τᾶ
605 735 749 789 μιτοὶτοι
776 737 920 776 deduci.
975 736 1119 788 legatur
1136 737 1379 779 Pancirolus
1368 752 1408 777 ιιι
1425 737 1636 778 Notitiam'
1626 737 1772 789 superii

315 809 345 835 c.
375 796 431 838 65
459 799 498 834 et
519 798 647 833 auctor
669 795 751 846 ipse
770 794 810 831 in
831 792 1012 833 Adriano
1017 806 1109 833 voce
1128 794 1196 832 hac
1215 795 1346 833 iterum
1360 798 1473 834 utens
1503 806 1581 833 non
1609 793 1680 832 nisi
1708 805 1770 832 se-

314 853 436 891 cundo
457 864 568 891 sensu
585 855 747 920 usurpat.
801 850 1049 918 Theophanes
1069 851 1182 890 etiam
1203 851 1328 890 scribit
1347 850 1522 903 populum
1544 850 1595 889 ad
1616 849 1770 890 seditio-

314 922 402 948 nem
425 912 566 946 motum
596 903 663 946 διοέ
689 903 738 947 τὰ
765 902 909 960 μιτοέτοι
934 908 1008 948 τοῦ
1033 908 1202 961 στρατοῦ
1219 914 1385 959 propter
1404 913 1622 946 castrorum
1642 911 1769 944 mvta-

314 966 449 1005 tiones.
509 964 649 1004 GOAR.

425 1045 463 1085 p.
486 1030 568 1074 559
588 1043 624 1070 v.
645 1032 684 1071 2.
739 1028 908 1081 πλησίον
929 1031 1010 1071 τῶν
1027 1029 1264 1085 κιγκλίδων]
1294 1032 1406 1069 iaxta
1430 1023 1626 1069 cancellos
1649 1038 1770 1083 popu-

316 1089 390 1128 lum
413 1102 436 1127 a
458 1089 569 1126 sacris
593 1086 834 1152 penetralibus
855 1090 1044 1133 arcentes,
1072 1087 1122 1125 de
1145 1089 1276 1138 quibus
1299 1087 1450 1127 Allatius
1469 1089 1518 1127 de
1536 1085 1701 1139 templis,
1728 1089 1769 1126 et

316 1159 386 1185 nos
404 1157 551 1196 quoque
570 1143 743 1182 nonnulla
760 1144 854 1182 circa
872 1142 1134 1193 Euchologium
1153 1144 1436 1184 observavimus.
1491 1144 1641 1183 Gonu.

431 1210 486 1249 ib
506 1224 540 1249 v.
559 1213 626 1251 22.
688 1207 996 1280 λελωβημένων]
1025 1213 1132 1261 potes
1164 1211 1274 1249 etiam
1304 1214 1445 1250 vertere
1470 1209 1654 1264 leprosos:
1683 1212 1778 1249 nam

316 1264 453 1321 λωβην
475 1267 665 1318 aliquoties
685 1281 752 1319 pro
777 1267 879 1318 lepra
901 1262 991 1306 κατ’
1015 1263 1156 1332 ἐξοχήν
1176 1268 1302 1306 dicunt
1322 1267 1360 1306 hi
1379 1268 1592 1320 scriptores.
1648 1279 1771 1331 erem-

316 1326 418 1378 plum
437 1325 549 1363 habes
569 1324 616 1363 de
632 1323 735 1376 lepra
753 1323 988 1362 Constantini
1004 1323 1139 1373 magni.
1195 1323 1287 1362 er..

427 1406 468 1444 p.
487 1390 569 1433 563
601 1403 635 1429 v.
653 1387 722 1430 14.
776 1391 826 1429 de
849 1390 1006 1429 nammis
1031 1390 1225 1429 victoriatis
1251 1390 1456 1430 Theodosii
1480 1389 1648 1430 divinavi.
1706 1388 1771 1440 qui

316 1448 455 1499 aliquid
472 1448 605 1486 rectius
620 1447 797 1498 proferet,
821 1458 844 1483 a
859 1459 917 1486 me
931 1446 1149 1485 laudabitur.
1192 1451 1231 1485 et
1250 1448 1298 1486 de
1316 1447 1538 1487 ornamentis
1554 1446 1653 1485 urbis
1669 1445 1769 1484 nolui

316 1506 490 1544 curiosius
518 1504 642 1543 omnia
666 1503 857 1554 persequi,
897 1503 976 1541 aliis
1004 1503 1167 1542 intentus
1195 1516 1306 1554 quam
1331 1503 1429 1543 hisce
1458 1502 1635 1556 parergis.
1671 1501 1766 1542 Χιι..

316 1574 447 1600 aversa
477 1559 733 1598 numismatum
765 1559 876 1596 facies
911 1562 995 1597 sunt
1022 1554 1205 1612 νικᾶρια,
1232 1559 1309 1597 aliis
1344 1558 1560 1599 emblemata
1590 1559 1768 1597 dicuntur

317 1631 445 1657 eorum
468 1616 517 1655 de
538 1616 670 1666 quibus
688 1615 747 1652 hic
766 1627 908 1662 sermo,
937 1616 1093 1665 figuram
1114 1621 1242 1654 auctor
1265 1616 1446 1667 exprimit.
1501 1618 1588 1655 ante
1607 1613 1769 1667 particu-

317 1675 390 1714 lam
417 1669 478 1713 ὅτι
506 1671 738 1720 subintellige
766 1671 937 1722 scriptum
965 1671 1004 1709 in
1034 1684 1101 1712 ms.
1162 1672 1328 1722 margine
1347 1670 1584 1723 onustatum,
1606 1671 1711 1723 quod
1728 1683 1770 1710 se

317 1741 497 1782 nusquam
518 1729 782 1780 exscripturum
804 1729 916 1766 semel
934 1728 1098 1779 promisit
1115 1728 1314 1779 Xylander.
1365 1728 1509 1768 Gosa.

431 1784 486 1822 ib.
506 1797 538 1823 v.
561 1786 624 1826 18.
681 1778 988 1829 Πιττᾶκιοιὶοοιιε
1007 1783 1106 1822 urbis
1122 1784 1275 1835 Regiae.
1332 1784 1469 1823 GOAR.

430 1840 529 1878 ibid.
588 1838 784 1890 Λέοντος]
813 1839 949 1879 Leonis
968 1840 1112 1890 magni,
1143 1842 1204 1891 qui
1220 1840 1405 1880 Marciano
1419 1839 1603 1880 successit.
1632 1838 1768 1877 GoAn.

431 1896 485 1936 ib.
502 1910 539 1936 v·
557 1899 628 1938 20.
684 1895 927 1951 στρατηγίῳ]
956 1896 1070 1934 multa
1098 1896 1156 1935 hic
1184 1897 1283 1936 urbis
1307 1899 1388 1936 loca
1409 1897 1538 1936 statuis
1559 1900 1598 1935 et
1618 1897 1770 1935 vetustis

318 1954 564 1994 monumentis
583 1956 716 1991 ornata
732 1952 883 1991 confuse
900 1955 1252 2004 percenseamus
1270 1966 1396 1994 eorum
1415 1948 1666 2027 στρατήγιον,
1694 1964 1769 2003 quo

320 2025 362 2051 se
376 2010 599 2063 praetoriani
614 2009 744 2048 milites
760 2009 992 2061 recipiebant.
1050 2009 1188 2048 GoAn.

431 2092 471 2130 p.
495 2075 577 2119 564
598 2089 634 2115 v.
654 2076 692 2116 1.
748 2075 906 2129 μιλίου]
936 2076 985 2115 ad
1016 2077 1147 2115 aedem
1179 2077 1221 2116 S.
1248 2077 1409 2129 Sophiae
1434 2080 1492 2116 est
1518 2074 1671 2128 μίλιον,
1699 2087 1768 2114 au·

320 2147 424 2174 reum
453 2133 612 2181 miliare,
639 2145 663 2171 a
690 2145 786 2183 quo,
813 2134 907 2171 sicut
932 2136 973 2171 et
987 2132 1185 2181 Romano,
1213 2134 1261 2172 ab
1293 2135 1384 2172 urbe
1410 2132 1520 2186 Cpol.
1547 2131 1770 2185 incipiebant

318 2190 501 2230 numerari
519 2189 680 2228 miliaria.
734 2188 973 2228 Leunclavius
989 2190 1028 2227 in
1048 2189 1258 2230 Pandectis.
1319 2191 1458 2228 Goan.

431 2245 529 2283 ibid.
589 2243 762 2297 ἁψῖδος]
802 2246 1005 2285 aedificium
1034 2251 1242 2294 arcuatum,
1280 2246 1356 2285 sive
1382 2258 1505 2285 arcum
1528 2256 1768 2285 marmoreum

319 2302 491 2356 principis
512 2301 599 2341 olim
619 2301 876 2354 triumphantis
898 2303 1094 2341 memoriae
1112 2303 1290 2351 dicatum,
1319 2301 1450 2354 ἁψῖδα
1469 2305 1589 2340 vocat.
1630 2301 1768 2340 Goari-

432 2357 485 2396 ib.
506 2371 540 2400 v.
563 2361 603 2401 6.
657 2357 864 2408 hospitalis
893 2357 992 2410 illa]
1034 2359 1178 2398 videtur
1207 2358 1317 2409 loqui
1336 2360 1385 2398 de
1414 2357 1561 2398 Placilla
1589 2356 1766 2408 Augusta,

319 2415 521 2454 Theodosii
540 2427 663 2456 uxore.
689 2415 783 2455 er..
838 2415 878 2453 in
898 2415 1061 2454 aedicula
1075 2416 1199 2454 forsan
1217 2416 1267 2454 ad
1284 2415 1396 2454 Lausi
1413 2415 1570 2467 plateam
1585 2413 1675 2463 sita,
1706 2414 1768 2452 ubi

321 2472 372 2508 ad
398 2484 544 2509 manum
573 2472 612 2509 in
640 2473 746 2510 tersis
773 2471 911 2523 poculis
942 2471 1089 2510 cuilibet
1107 2472 1167 2510 siti
1189 2485 1317 2524 presso
1334 2471 1536 2511 transeunti
1554 2471 1769 2522 propinatur

323 2539 439 2576 aqua,
469 2529 572 2578 quod
595 2527 825 2566 humanitatis
849 2541 942 2579 opus
963 2529 1231 2577 religiosissime
1255 2528 1451 2567 observant
1475 2527 1640 2576 ancae,
1668 2526 1711 2564 iis
1729 2526 1767 2565 in

322 2583 470 2621 urbibus
489 2584 539 2621 ad
560 2596 651 2634 quas
669 2585 785 2634 magis
803 2586 965 2623 conferta
986 2584 1173 2635 plebecula
1193 2586 1358 2626 confluit.
1413 2585 1550 2623 GoAR.

431 2637 526 2676 ibid.
583 2640 689 2677 unde
720 2639 892 2677 habehat
926 2641 1087 2692 nomen]
1127 2642 1316 2681 fortassis
1309 2641 1474 2691 rectius,
1509 2639 1574 2679 ubi
1603 2638 1768 2678 convivia

318 2694 536 2733 celebrabat.
591 2697 685 2737 er..

430 2775 463 2812 p.
485 2761 565 2803 565
586 2775 618 2803 v.
637 2763 675 2805 5
732 2761 774 2803 οἰ
794 2759 947 2803 δωδεκα
970 2759 1156 2815 κόφινοι]
1187 2728 1323 2804 Christi
1349 2775 1464 2815 panes
1498 2761 1766 2813 multiplicantis

316 2816 488 2855 miraculo
517 2817 686 2857 illustres.
741 2824 881 2870 septem
904 2821 1012 2859 etiam
1033 2825 1180 2871 sportas
1201 2822 1281 2873 pari
1303 2824 1485 2872 portento
1495 2819 1681 2870 quondam
1700 2818 1766 2855 de-
