1916 3210
727 175 1099 220 GLOSSARIUM.
1543 172 1640 218 893

146 285 348 342 ἆμηρᾶς.
412 287 567 336 amiras,
603 287 799 327 amiraeus.
867 287 1064 326 amiraeum
1090 297 1203 336 agere
1235 278 1463 339 ἆμηρεύειν.
1520 283 1644 324 Theo-

170 347 315 414 phanes
336 344 375 383 in
392 343 587 383 Heraclio:
615 340 688 384 τόν
708 339 964 397 ἆμηρεύοντοι
982 338 1132 383 αὐταῖν.

287 396 497 442 οἷννοὸνοι
524 413 686 439 annona.
718 400 874 440 Glossae
895 400 1096 440 Nomicae:
1127 393 1292 440 α’ννοὸνα
1312 396 1498 450 σημαίνει
1515 411 1644 450 παρο-

171 454 265 513 χῆν,
295 454 448 525 ἆγοριὶν
467 455 536 498 καὶ
553 453 629 508 τήν
649 452 809 508 ἐτήσιον
829 453 1044 509 διανομήν.
1100 456 1282 496 Meursius
1313 455 1511 506 legendum
1534 460 1646 506 puta-

171 518 238 556 bat
263 511 385 569 ῤ’ὁγαν
402 527 473 567 pro
492 508 657 566 ἀγοράν.
714 515 782 552 sed
801 514 887 552 nihil
909 513 1145 552 mutandum·
1175 509 1302 566 α’γορά
1327 513 1424 551 enim
1443 517 1482 550 et
1503 512 1645 563 species

169 572 390 612 annonarias
406 570 611 621 significat,
643 573 684 608 ut
704 571 876 609 observat
896 570 1138 608 Casaubonus
1155 571 1204 608 ad
1224 570 1367 621 Polybii
1383 569 1407 607 l.
1431 570 1466 609 1.
1524 568 1644 618 signi-

168 630 256 669 fleat
284 622 449 668 οἷννῶνα
473 630 512 666 et
539 626 692 675 salaria,
734 627 1041 674 consuetudines,
1078 627 1283 679 stipendia,
1313 625 1488 678 opsonia,
1517 637 1644 674 rogas,

169 697 268 737 quae
287 683 461 723 militibus
480 686 544 721 aut
561 684 835 733 magistratibus
853 687 917 722 aut
935 684 1016 722 aliis
1032 688 1245 733 erogantur.
1275 682 1430 721 Novella
1455 682 1535 724 130
1555 696 1586 721 c.
1604 682 1643 721 1.

169 739 398 794 Theophilus
419 740 470 779 ad
497 735 521 791 §
544 739 609 779 ult.
639 740 688 778 de
714 740 819 778 milit.
847 743 935 780 test.
960 740 1143 779 Macarius
1169 739 1316 778 homilia
1339 740 1409 780 26.
1467 738 1644 789 Vegetius

167 798 197 839 2
220 799 262 840 7.
317 797 363 836 Β.
382 795 556 836 Ambros.
579 795 605 837 5
625 796 734 847 epist.
753 797 822 839 27.
878 800 1011 836 auctor
1033 797 1192 836 incertus
1220 795 1278 836 vel
1297 797 1452 835 loannes
1475 796 1645 848 Cpolita-

167 852 452 894 nusinMatth.
477 852 605 892 homil.
626 853 680 893 51
703 857 742 892 et
759 852 826 894 53.
886 853 1132 904 Gregoriusl.
1155 855 1176 894 1
1210 855 1320 905 epist.
1351 853 1431 892 lnd.
1456 853 1484 893 3
1514 866 1545 892 c.
1572 855 1642 893 20.

167 911 339 951 Anastas.
374 908 540 948 biblioth.
570 909 609 947 in
638 909 792 948 historia
812 910 974 950 Ecclesa
1013 909 1281 947 Macedoniae
1313 922 1404 949 vero
1421 908 1644 946 Acholium

169 966 396 1020 quendam,
425 967 498 1018 qui
515 973 709 1002 exemerat
726 965 918 1005 adversae
938 980 978 1004 se
998 966 1273 1013 machaeram,
1316 980 1363 1004 ex
1383 965 1571 1003 szibmisssi
1560 979 1644 1003 one

167 1025 421 1062 llll-'nieorum
446 1036 610 1060 Slwrlbm
635 1036 710 1073 Per
732 1024 915 1074 Singulos
933 1037 1083 1061 mense-5¹
1100 1037 1284 1061 annona-§⁸
1300 1024 1508 1075 ΡΙαθΟθΡῑί
1533 1038 1643 1060 &CCC-

161 1094 270 1132 pere.
329 1093 366 1122 v.
382 1079 542 1119 Basilica
561 1079 659 1118 adl.
683 1082 711 1120 2
734 1081 777 1122 C.
805 1094 874 1133 pro
905 1095 983 1120 soc.
1015 1085 1054 1121 et
1073 1080 1139 1120 Gr.
1162 1081 1295 1134 interp.
1320 1081 1418 1122 adl.
1445 1084 1495 1124 19
1518 1081 1568 1119 Ι).
1591 1083 1641 1120 de

277 1188 595 1244 ἆπληκεῦειν
622 1196 743 1231 castra
768 1192 909 1244 locare,
952 1193 1093 1232 metari.
1148 1193 1228 1233 Leo
1254 1193 1363 1236 Tact.
1397 1207 1428 1234 c.
1452 1195 1479 1235 9
1513 1191 1636 1263 §:37

163 1246 324 1293 κᾶκεῖσε
357 1245 550 1300 ἀσφαλῶς
584 1245 830 1289 απλικεύειν.
889 1250 1138 1316 Theophanes
1173 1251 1213 1290 iu
1242 1250 1472 1290 Iustiniano:
1516 1247 1641 1291 α’πλι-

161 1304 362 1349 κευὸντων
382 1321 516 1346 αυτων
537 1303 614 1361 πρὸ
632 1309 780 1359 μικροῦ
796 1308 869 1358 τῆς
888 1302 1054 1355 πόλεως.
1112 1308 1196 1346 hinc
1212 1304 1392 1359 ἄπληκτοι
1409 1321 1478 1360 pro
1495 1310 1638 1347 castris.

162 1365 243 1405 Leo
261 1365 298 1405 d.
319 1377 351 1402 c.
372 1366 400 1406 9
426 1359 538 1415 §54.
596 1363 820 1403 Onosander
849 1364 1048 1415 strategiei
1083 1377 1116 1403 c.
1144 1366 1192 1406 9:
1234 1363 1327 1419 περὶ
1355 1379 1428 1405 του
1461 1377 1640 1417 συνεχως

161 1415 435 1462 ὁπαλλᾶσσειν
454 1417 504 1460 τοὶ
524 1416 721 1471 ἄπληκτοι.

275 1472 547 1530 οἲπόκρεως
584 1477 889 1527 quadragesima,
938 1476 1227 1528 carnisprivium.
1283 1478 1559 1518 ν.Ι<“ἰ1353οιιιιι
1592 1479 1642 1518 de

11 1547 24 1590 g
83 1579 86 1583 ¹
161 1533 460 1584 Quadragesima
487 1546 528 1585 p.
557 1532 641 1575 447
671 1539 711 1572 et
742 1535 914 1572 Seorsum
950 1535 1000 1572 ad
1032 1534 1143 1572 Hom.
1165 1534 1217 1575 15
1223 1533 1422 1600 Theoph.
1454 1536 1640 1575 Ceramei.

159 1591 393 1659 Nicephorus
409 1589 596 1640 Gregoras
618 1588 644 1627 l
663 1591 712 1630 8.
740 1586 926 1643 οἷπόκρεω
947 1587 1023 1643 γοὲρ
1043 1584 1097 1642 ἦν
1115 1587 1269 1643 καιρός.

275 1642 706 1715 ἆποκρισιοὶριος.
764 1647 929 1686 Isidorus
959 1647 1162 1686 Pelusiotes
1188 1648 1295 1699 epist.
1329 1643 1412 1688 144
1440 1647 1465 1686 l.
1492 1645 1541 1690 4:
1571 1645 1640 1690 διὰ

160 1707 236 1746 τοῦ
257 1705 468 1758 βασιλικοῦ
489 1699 798 1770 αποκρισιαρίου
822 1699 1040 1754 μαθόντες.
1097 1705 1212 1743 Sexta
1232 1705 1374 1755 Synod.
1398 1704 1468 1755 Cp.
1497 1709 1570 1743 act.
1592 1708 1639 1746 1:

162 1757 472 1827 οἷποκρισιαρίου
494 1755 708 1829 Θεοδώρου
727 1776 798 1801 του
819 1756 1052 1802 ὁσιωτάτου.
1110 1760 1364 1827 Menologium
1385 1760 1486 1799 Iulii:
1530 1757 1639 1802 α’πο-

162 1813 386 1871 κρισιᾶριος
405 1818 478 1870 τῆς
500 1812 787 1868 Ἀλεξανδρέων
806 1817 1028 1870 ἐκκλησίας.
1083 1818 1338 1869 apocrisiarius
1366 1819 1425 1856 vel
1454 1820 1640 1869 apocrisa-

162 1876 248 1914 rius.
306 1874 504 1913 Facundus
529 1874 850 1914 Hermianensisl.
866 1874 912 1916 4:
947 1889 975 1912 a
997 1874 1201 1926 Stephano
1221 1874 1407 1912 ecclesiae
1426 1875 1639 1912 Romanae

163 1931 331 1970 dalacono
359 1937 398 1967 et
415 1930 673 1981 apocrisario.
733 1930 944 1970 Ferrandus
969 1933 1144 1971 diaconus
1167 1933 1217 1970 ad
1245 1931 1476 1970 Anatolium:
1505 1932 1638 1983 Ειιζγ-

164 1988 289 2028 οΙιετίε
308 1988 596 2039 apocrisarius,
626 1982 915 2040 οἷποκρισᾶριος
935 1990 1010 2028 τοῦ
1029 1984 1254 2040 Εὕτυχοῦς.
1284 1988 1437 2026 Concilii
1458 1989 1635 2028 chalced.

163 2050 237 2086 act.
261 2047 295 2086 1.
352 2045 437 2084 hinc
452 2045 1003 2112 apocrisariatus.Humbe1-tus
1026 2050 1155 2084 contra
1174 2045 1398 2083 Graecorum
1418 2044 1638 2084 calumnias:

161 2102 478 2154 apocrisariatus
500 2101 566 2138 sai
584 2107 768 2151 tempore
799 2096 1112 2155 ἄποκρισιοὶριον
1128 2106 1234 2140 vetus
1249 2102 1427 2152 interpres
1449 2102 1592 2152 Synodi
1607 2105 1637 2144 6

163 2160 234 2212 Cp.
256 2160 522 2211 interpretatur
542 2157 807 2210 responsalem.
862 2158 1062 2198 Facundus
1090 2160 1128 2197 d.
1152 2157 1246 2199 1.4:
1278 2158 1490 2195 Romanae
1512 2158 1638 2196 eccle-

161 2218 246 2254 siae
266 2214 547 2266 responsalem.
609 2215 801 2253 Aimoinus
825 2218 850 2257 3
877 2229 905 2253 c.
933 2218 1010 2258 66.
1045 2229 1123 2266 per
1141 2213 1386 2265 respon-sales
1403 2215 1637 2267 Redegun-

162 2273 240 2312 dis.
299 2272 634 2311 Anastasius-Bibl.
658 2273 695 2310 iu
717 2271 803 2311 hist.
828 2273 980 2317 eccles.;
1009 2272 1256 2323 responsales
1277 2285 1367 2308 vero
1384 2272 1529 2309 Felicis
1547 2273 1637 2310 Ro-

161 2330 277 2368 mani
303 2330 550 2367 conveniens.
612 2334 650 2368 et
670 2341 773 2367 mox:
814 2328 929 2367 Felix
950 2337 1084 2374 autem
1107 2329 1312 2380 compertis
1337 2342 1441 2380 quae
1461 2328 1514 2366 ab
1536 2342 1638 2380 apo-

163 2388 355 2425 crisiariis
377 2387 462 2424 suis
487 2393 603 2437 gesta
626 2393 734 2422 szmt.
795 2386 854 2424 alii
874 2400 1051 2438 responsa
1082 2388 1287 2426 facientem.
1346 2386 1587 2437 Gregoriusl.
1607 2387 1637 2427 7

163 2446 274 2497 epist.
294 2443 338 2486 5·
369 2442 564 2480 dlaconus
581 2450 712 2481 noster
730 2444 802 2493 qui
819 2444 936 2494 apud
952 2457 1041 2480 eum
1061 2457 1250 2495 responsa
1260 2442 1460 2494 faciebat.
1511 2444 1640 2482 Theo-

162 2502 322 2553 phanes,
349 2498 374 2541 o‘
391 2497 463 2548 τοὶς
482 2497 691 2552 βασιλικας
710 2495 944 2553 ἀποκρίσεις
964 2503 1104 2541 ποιῶν.
1161 2513 1377 2552 responsum
1396 2506 1454 2540 est
1468 2495 1637 2553 ἀπόκρι-

163 2570 226 2606 σις
249 2559 287 2597 in
310 2555 455 2596 Novell.
485 2557 688 2596 Iustiniani.
749 2557 969 2596 Chronicum
999 2557 1125 2598 Alex.:
1167 2557 1236 2598 καὶ
1258 2557 1384 2598 εἰπεῖν
1404 2560 1461 2612 τῷ
1480 2558 1637 2610 βασιλεῖ

163 2630 239 2667 την
259 2609 485 2666 ἀπόκρισιν.
526 2615 566 2651 S.
580 2614 802 2653 Benedictus
821 2616 936 2653 abbas
954 2614 1150 2653 Auianae
1141 2628 1178 2653 m
1203 2615 1406 2653 Concordia
1425 2628 1492 2665 reg
1476 2614 1634 2653 uiarum

165 2686 197 2710 c.
202 2672 292 2714 58:
326 2671 479 2722 fratres
513 2672 585 2722 qui
604 2684 682 2721 pro
711 2672 850 2722 quovis
874 2685 1054 2722 responso
1074 2673 1172 2723 (ling
1168 2679 1316 2709 rzmtur.
1378 2671 1632 2724 apocrisiarius

164 2730 278 2779 igitur
297 2732 353 2767 est
370 2727 516 2778 legatus
535 2728 711 2767 ecclesiae
735 2729 793 2767 vel
811 2729 1015 2780 principum
1033 2729 1090 2767 vel
1109 2730 1219 2768 etiam
1238 2729 1381 2781 privati.

279 2780 610 2854 ἆρμᾶμεντον
651 2790 931 2826 armamentum.
1004 2786 1272 2838 Theophanes:
1319 2801 1388 2826 και
1423 2780 1633 2836 ἐπέθηκεν

166 2839 251 2884 ἐκεῖ
266 2839 312 2884 τό
332 2838 600 2896 α’ρμάμεντον.
638 2841 855 2883 Anastasius
879 2842 965 2883 bibl.
985 2844 1023 2883 in
1042 2843 1243 2887 hist.Ecc1.
1263 2843 1315 2883 sic
1333 2843 1463 2882 vertit:
1490 2849 1528 2880 et
1544 2841 1632 2880 illic
