1890 3236
275 150 374 200 438
749 141 985 192 GEORGII
1013 146 1255 191 CEDRENI

277 282 346 309 τον
364 259 586 317 ἰταμότητα
606 260 866 315 ἄναπηδῆσαί
880 276 923 302 τε
943 262 1016 301 τοῦ
1038 257 1215 316 θρόνου,
1250 260 1316 301 καὶ
1337 263 1416 302 τῶν
1438 265 1584 317 τριχῶν
1605 261 1733 307 mito-5⁹

280 335 346 377 καὶ
367 337 438 385 τῆς
453 328 651 386 γενειάδος
670 326 893 382 λαβόμενον
910 326 1166 370 κατασπάσαι
1191 329 1246 377 εἰς
1264 331 1351 383 γῆν.

409 400 666 447 Ἰνδικτιῶνος
695 397 739 438 δὲ
769 394 829 448 ιε’,
862 395 975 445 ἴτους
1007 394 1147 453 ,ςυεὶδζ
1189 395 1423 454 Ὄκτωβρίῳ
1455 397 1552 451 μηνὶ
1583 395 1732 454 ἐγένετο

280 466 419 516 κλόνος
434 466 578 521 μέγας,
614 466 682 507 καὶ
699 465 916 507 κατέπεσον
933 465 1055 506 οῗκίαι
1073 465 1219 506 πολλαὶ
1242 465 1308 506 καὶ
1328 465 1415 506 ναοὶ
1439 467 1506 506 καὶ
1522 463 1646 521 μέρος
1660 458 1733 522 τῆς

280 536 456 594 σφαίρας
477 538 548 588 τῆς
568 538 640 575 τοῦ
666 536 770 575 θεοῦ
794 531 970 588 μεγάλης
989 533 1217 587 ἐκκλησίας·
1247 530 1343 589 ὅπερ
1363 530 1484 575 πάλιν
1503 529 1524 575 ὃ
1540 533 1765 587 βασιλεῦς-5

229 613 258 648 Β
285 604 503 661 φιλοτίμως
516 598 841 658 ἐπηνωρθώσατο
852 633 865 652 ,
900 599 1137 655 δαπανήσας
1156 603 1210 651 εἷς
1227 599 1356 655 μόνας
1374 600 1447 651 τὰς
1463 601 1648 656 μηχανὰς
1663 605 1736 658 τῆς
1779 643 1782 648 ,

281 671 453 723 ἀνόδου,
495 670 552 712 δι’
580 664 634 712 ιῧν
657 669 694 711 οἳ
722 676 894 725 τεχνῖται
925 668 1128 723 ἱστάμενοι
1156 671 1222 712 καὶ
1253 669 1327 719 τὰς
1352 668 1454 720 ὕλας
1487 669 1737 726 ἀνοιγομένας

282 739 484 795 δεχόμενοι
501 736 743 795 ᾠκοδόμουν·
754 739 799 780 τὸ
819 736 1047 789 πεπτωκός,
1073 739 1243 794 χρυσίου
1267 735 1504 794 κεντηνάρια
1525 738 1633 782 δέκα.
1672 755 1676 761 ’
1744 730 1746 733 .

421 807 472 849 Οἱ
502 808 545 849 δὲ
571 810 650 848 τῶν
670 804 888 861 ζΡωμαίων
917 811 1148 862 μεγιστᾶνες
1174 810 1392 860 μηνιῶντες
1415 810 1474 864 τῷ
1493 809 1679 860 βασιλεῖ’,
1713 805 1736 850 ὃ

280 877 353 931 μὲν
379 878 528 925 Φωκᾶς
554 873 718 931 Βάρδας
745 875 816 917 καί
842 892 944 924 τινες
974 875 1047 918 σὺν
1078 875 1187 932 αὐτῷ
1219 874 1280 917 ὅτι
1308 891 1381 932 περ
1404 876 1460 924 εἷς
1479 876 1736 934 Βουλγαρίαν
1748 881 1793 918 10

282 943 573 1000 ἐκστρατεύσας
588 941 792 1000 ὑπερεῖδεν
810 942 970 994 αὐτούς,
990 945 1074 998 μηδ
1080 943 1092 959 ²
1115 944 1155 985 ἐν
1169 942 1309 1000 Καρὸς
1325 940 1584 999 λογισάμενος
1598 944 1738 1003 μοίρᾳ,

283 1012 400 1055 ἄλλοι
429 1013 472 1054 δὲ
504 1013 571 1054 καὶ
594 1011 709 1054 ἄλλοι
733 1011 787 1054 δι’
816 1010 963 1062 ἄλλους
985 1009 1340 1067 προπηλακισμούς
1363 1028 1404 1054 τε
1427 1013 1494 1054 καὶ
1515 1013 1738 1066 παροινίας,

284 1079 305 1123 ὃ
324 1081 367 1123 δὲ
384 1079 603 1137 μάγιστρος
614 1079 848 1130 Εὐστάθιος
866 1073 1104 1130 ὅΖΙί-Ῑαλεῗνος
1122 1080 1189 1122 διὰ
1208 1080 1252 1122 τὸ
1272 1079 1423 1133 ἀτίμως
1441 1078 1519 1122 ἀπὸ
1538 1084 1612 1135 τῆς
1629 1082 1739 1138 εἴρη-

282 1150 403 1204 μένης
430 1150 686 1205 ἐκστρατείας
707 1149 1050 1206 ἀποπεμφθῆναι,
1087 1149 1456 1204 συναθροισθέντες
1476 1149 1516 1190 ἐν
1537 1152 1596 1206 τῷ
1616 1149 1740 1206 Χαρ-

283 1211 410 1274 σιανῷ
430 1217 532 1259 κατὰ
555 1217 625 1259 τὸν
645 1215 752 1260 οἷκον
772 1221 845 1259 τοῦ
864 1216 1058 1272 ῥηθέντος
1072 1218 1283 1259 ΖΠαλεΐνου
1292 1248 1306 1268 ,
1341 1214 1386 1259 ιε’
1404 1220 1475 1259 τοῦ
1497 1215 1738 1272 Αὐγούστου
1751 1221 1795 1257 15

283 1284 433 1341 μηνός,
468 1290 539 1341 τῆς
562 1284 604 1328 ιε’
627 1287 893 1336 ἰνδικτιῶνος,
928 1284 1099 1341 Βάρὸαν
1120 1286 1188 1326 τὸν
1210 1288 1360 1327 Φωκᾶν
1379 1285 1538 1327 ἀνεῖπον
1554 1286 1742 1339 βασιλέα,

236 1366 267 1400 c
292 1353 470 1408 διάδημά
502 1371 543 1396 τε
573 1355 802 1411 περιθέντες
824 1354 934 1412 αὐτῷ
958 1356 1025 1396 καὶ
1053 1353 1103 1395 τὰ
1134 1343 1255 1395 λοιπὰ
1278 1358 1350 1407 τῆς
1368 1354 1578 1407 βασιλείας
1597 1355 1743 1411 γνωρί-

285 1440 435 1477 σματα.
476 1420 619 1465 τούτου
640 1423 683 1464 δὲ
707 1423 1048 1479 ἀναγορευθέντος
1070 1421 1276 1477 ἠγγέλλετο
1301 1423 1367 1464 καὶ
1390 1420 1410 1464 ὃ
1430 1422 1616 1478 Σκληρὸς
1634 1420 1744 1477 ἥκων

286 1491 365 1533 ἀπὸ
385 1492 548 1547 Συρίας.
616 1484 877 1548 καθειρχθεὶς
898 1488 997 1547 γάρ,
1034 1488 1088 1539 ὡς
1109 1490 1290 1543 εἴπομεν,
1325 1489 1438 1548 παρὰ
1457 1494 1529 1532 τοῦ
1549 1489 1743 1548 Χοσρόου

286 1559 389 1614 μετὰ
410 1563 488 1601 τῶν
506 1560 595 1615 περὶ
613 1559 733 1602 αὐτὸν
753 1560 793 1601 ἐν
806 1562 1022 1611 Βαβυλῶνι
1042 1558 1151 1611 ἔμενε
1172 1557 1416 1614 τηρούμενος
1436 1559 1478 1599 ἐν
1496 1562 1544 1614 τῇ
1566 1563 1801 1619 φρουρᾷ,20

287 1626 420 1682 πάσης
444 1624 666 1680 ἐπιμελείας
687 1627 943 1684 ἐστερημένος
965 1629 1032 1668 καὶ
1060 1631 1110 1683 τῇ
1134 1628 1176 1667 ἐκ
1196 1631 1268 1681 τῆς
1289 1628 1533 1684 καθείρξεως
1551 1629 1745 1686 κακουχίᾳ

290 1697 357 1738 καὶ
380 1703 468 1746 ταῖς
488 1700 567 1738 τῶν
589 1694 871 1752 φυλαττόντων
889 1696 1114 1753 παροινίαις
1135 1696 1448 1751 τετρυχωμένος·
1484 1695 1675 1752 ἐξαίφνης
1696 1696 1721 1737 δ
1729 1695 1742 1710 ²

291 1765 521 1818 ἐπέλαμψεν
547 1764 658 1821 αὐτῷ
679 1763 777 1818 τύχη
801 1762 989 1820 λαμπρά,
1033 1765 1100 1805 καὶ
1121 1767 1192 1818 τῆς
1213 1767 1398 1820 φυλακῆς
1418 1761 1653 1816 ἐκβάλλεται
1672 1763 1746 1806 σὺν

292 1839 375 1883 τοῖς
397 1833 508 1890 ἀμφ)
538 1833 660 1875 αὐτὸν
681 1830 933 1890 παραδόξως.
1000 1833 1072 1890 οἵῳ
1100 1832 1143 1874 δὲ
1170 1831 1307 1890 τρόπῳ
1336 1836 1415 1875 τῶν
1441 1834 1599 1886 δεσμῶν
1626 1832 1747 1888 ‘'ss-ev·-

384 1940 406 1975 8
430 1936 644 1987 ᾠκονόμουν
667 1940 697 1974 C
833 1940 880 1974 20
902 1939 1180 1985 φρουρούμενος
1202 1939 1233 1974 C

294 2030 528 2074 consuluisse,
559 2030 751 2075 impudenti
775 2029 922 2066 hominis
944 2031 1137 2078 petulantia
1160 2030 1316 2065 irritatus
1340 2030 1429 2066 solio
1451 2030 1617 2067 desiliens
1643 2028 1751 2068 crini-

296 2080 361 2112 bus
385 2090 426 2112 ac
448 2079 559 2111 barba
582 2076 707 2122 arripit
730 2082 765 2111 et
786 2077 822 2111 in
845 2083 974 2112 terram
999 2077 1201 2124 prosternit.

386 2123 582 2158 Indictione
608 2125 668 2167 15,
698 2134 788 2157 anno
812 2124 929 2157 mundi
953 2124 1061 2167 6494,
1086 2135 1202 2157 mense
1225 2121 1386 2167 Octobri,
1409 2126 1507 2158 terra
1528 2122 1753 2158 vehementer

298 2181 467 2203 concussa
496 2169 624 2204 multae
657 2169 776 2203 domus
808 2175 913 2213 atque
937 2170 1066 2215 templa
1089 2173 1294 2203 corruerunt
1321 2173 1356 2202 et
1378 2180 1460 2214 pars
1486 2168 1656 2214 sphaerae
1678 2180 1753 2204 ma-

296 2227 386 2259 gnae
409 2215 466 2248 dei
491 2215 600 2249 aedis.
648 2226 749 2260 quam
780 2214 970 2260 imperator
1000 2216 1181 2259 magnifice
1214 2214 1358 2259 refecit,
1394 2214 1558 2260 impensis
1591 2214 1629 2249 in
1659 2213 1753 2250 soles

297 2261 472 2295 machinas
497 2261 622 2305 quibus
642 2261 735 2295 fabri
754 2261 956 2295 insistentes
977 2261 1153 2296 materiam
1173 2271 1308 2294 sursum
1328 2265 1510 2295 attractam
1532 2260 1754 2308 excipiebant

298 2313 335 2341 et
357 2308 455 2351 operi
478 2307 702 2351 adhibebant,
725 2307 936 2341 centenariis
959 2308 1035 2341 auri
1056 2308 1188 2342 decem.

390 2353 532 2387 Interim
556 2353 703 2387 Romani
728 2353 867 2398 imperii
898 2365 1063 2399 proceres
1095 2351 1297 2398 imperatori
1328 2356 1592 2396 succensentes,
1617 2350 1755 2387 Phocas

301 2397 434 2432 Bardas
459 2404 495 2433 et
517 2399 654 2443 quidam
679 2401 873 2444 cumipse,
909 2399 1002 2443 quod
1035 2398 1251 2443 Bulgaricem
1283 2397 1467 2433 instituens
1500 2397 1756 2444 expeditionem

301 2443 396 2487 ipsos
428 2444 621 2488 sprevisset
653 2444 814 2488 nulloque
843 2455 984 2479 numero
1016 2445 1211 2486 habuisset,
1244 2443 1304 2478 alii
1333 2443 1416 2478 alias
1449 2444 1493 2478 ob
1517 2442 1754 2487 contumelias,

302 2489 507 2524 Eustathius
537 2490 701 2535 magister
732 2490 924 2535 Maleinus‚
968 2491 1061 2536 quod
1094 2489 1324 2534 ignominiose
1357 2501 1378 2524 a
1405 2489 1499 2523 dicta
1533 2488 1756 2535 expeditione

303 2534 417 2569 suerat
449 2536 630 2579 dimissus,
665 2536 851 2570 Charsiani
881 2537 917 2569 in
949 2537 1050 2570 domo
1074 2535 1218 2570 Maleini
1252 2540 1415 2569 coeuntes
1447 2534 1504 2568 die
1526 2534 1675 2579 Augusti
1700 2535 1756 2576 15,

303 2579 492 2614 indictione
517 2582 578 2624 15,
613 2582 759 2616 Bardam
783 2582 934 2616 Phocam
956 2582 1200 2627 imperatorem
1229 2581 1412 2625 designant
1433 2580 1696 2634 diademateque
1719 2585 1756 2615 et

305 2624 382 2658 aliis
404 2627 540 2670 imperii
561 2627 757 2671 insignibus
779 2633 959 2664 exornant.
1007 2628 1107 2662 simul
1131 2628 1352 2661 nuntiabatur
1374 2627 1504 2660 Durum
1525 2638 1544 2660 e
1561 2626 1668 2670 Syria
1691 2626 1755 2660 ad-

306 2677 462 2706 ventare.
509 2673 538 2706 is
572 2673 660 2706 enim
694 2673 915 2718 aChosroe,
950 2673 1004 2707 uti
1027 2673 1265 2719 exposuimus,
1298 2672 1334 2705 in
1362 2683 1535 2706 carcerem
1558 2675 1757 2718 compactus

305 2715 486 2759 Babylone
509 2717 542 2750 in
568 2718 726 2752 custodia
747 2718 904 2763 vixerat,
940 2719 1032 2753 omni
1062 2731 1145 2753 cura
1168 2718 1324 2764 corporis
1347 2718 1552 2760 destitutus,
1586 2716 1755 2752 carceris-

308 2773 376 2806 que
394 2763 616 2797 incommodis
639 2769 675 2797 et
692 2765 869 2798 custodum
892 2764 1106 2799 contumeliis
1129 2765 1326 2798 divexatus.
1347 2763 1461 2798 subito
1485 2763 1519 2796 ei
1538 2762 1668 2798 affulsit
1684 2762 1757 2796 for-

306 2812 390 2842 tuna
412 2807 577 2853 propitia,
601 2809 782 2855 ipsumque
801 2821 876 2844 cum
900 2811 972 2846 suis
996 2822 1137 2846 carcere
1159 2810 1292 2845 eduxit.
1338 2821 1408 2855 quo
1429 2814 1543 2844 autem
1561 2807 1661 2843 modo
1679 2806 1759 2842 vin-
