1916 3210
316 178 434 259 '642
718 204 945 250 ιοΑΝΝ-Ιε
980 205 1372 248 CUROPALATAE

337 329 410 379 τῆς
426 325 506 366 τῶν
528 321 642 376 ἱερῶν
660 317 871 373 κειμηλίων
890 317 1078 373 προνοίας
1096 319 1163 360 καὶ
1186 317 1432 374 προστασίας
1447 317 1538 362 τινὰ
1557 318 1668 376 παρὰ
1692 321 1774 374 βω-

337 391 486 440 σιλέως
503 388 844 444 προχειρίζεσθαι,
878 384 981 427 ἀλλὰ
998 389 1070 440 τῆς
1090 389 1161 428 τοῦ
1187 384 1433 443 πατριάρχου
1454 386 1634 438 ἔξουσίας
1649 386 1776 444 ἠρτῆ-

342 463 444 503 σθαι
480 457 525 500 τὸ
552 460 646 506 πᾶν,
679 455 746 496 καὶ
771 452 847 508 ,τὴν
875 457 953 496 τῶν
983 451 1206 510 προσώπων
1234 455 1476 510 προχείρισιν
1503 455 1571 496 καὶ
1595 453 1672 509 σὴν
1697 457 1776 497 τῶν

341 523 586 583 πραγμάτιον
605 523 809 576 διοίκησιν.
877 519 1119 577 ἀγαγόμενος
1147 521 1191 563 δὲ
1214 523 1280 563 καὶ
1306 521 1378 577 τὴν
1406 528 1575 578 γυναῖκα
1602 520 1682 564 ἀπὸ
1702 523 1777 565 τοῦ

341 593 536 651 φρουρίου
558 590 823 646 Πημολίσσης
848 589 1090 644 Αὖγοῦσταν
1119 586 1347 645 ἀναγορεύει
1368 587 1580 644 σεβαστῆν.
1641 586 1810 635 ’Mdv-5

341 679 413 717 νην
440 661 484 703 δὲ
510 659 580 702 τὸν
606 658 780 715 ἀδελφὸν
802 658 869 699 καὶ
887 656 1137 700 Κατακαλών
1159 656 1227 699 τὸν
1247 658 1504 712 Κεκαυμένον
1523 653 1778 714 κουροπαλά-
1815 674 1818 678 ’

341 747 416 779 τας
432 729 498 771 καὶ
516 726 769 784 ἀμφοτέρους
788 729 905 784 τιμᾷ,
939 726 1063 780 μέγαν
1092 725 1324 778 δομέστικον
1348 726 1417 767 τὸν
1437 723 1581 768 ἑαυτοῦ
1604 723 1779 781 ἀδελφὸν

342 793 681 853 προβαλλόμενος.
748 792 952 848 σκοπήσας
980 794 1024 835 δὲ
1053 792 1097 835 τὸ
1124 795 1203 834 τῶν
1223 786 1443 850 χρημάτων
1464 793 1690 849 ἀναγκαῖον,
1722 785 1780 835 ὧν

343 865 459 908 οὐδὲν
490 862 583 906 ἄνευ
612 863 715 905 κατὰ
737 862 806 905 τὸν
832 861 983 919 ῥήτορα
1003 861 1249 918 περαίνεται,
1290 860 1357 902 διὰ
1377 860 1422 904 τὸ
1443 860 1495 904 τὰ
1515 857 1779 918 στρατιωτικὰ

342 932 606 988 ἦσθενηκέναι
632 932 699 973 καὶ
725 931 856 972 τέλεον
881 933 1193 972 τεταπεινῶσθαι
1223 930 1266 970 ἐκ
1286 933 1356 983 τῆς
1376 926 1618 983 κατεχούσης
1630 927 1780 978 ἐνδείας
1791 937 1835 974 10

204 1015 232 1048 P
256 1012 323 1047 808
346 1001 418 1055 τὴν
432 1000 651 1055 βασιλείαν,
686 1000 753 1041 καὶ
768 998 815 1041 τὸ
835 995 1087 1052 πανταχόθεν
1109 1001 1188 1039 τῶν
1199 995 1403 1051 Ῥωμαίων
1421 995 1572 1047 πάντας
1592 996 1781 1040 warmac-

344 1073 507 1126 ρεσθαι,
537 1067 558 1110 ὃ
579 1067 679 1124 πρὸς
694 1066 859 1118 ἀδοξίαν
877 1065 986 1123 αὐτῷ
1003 1060 1051 1120 ἦν
1071 1066 1139 1106 καὶ
1159 1062 1317 1108 πάντων
1335 1062 1558 1122 βαρύτερον
1573 1064 1780 1120 ἐλογίζετο,

343 1137 475 1194 βαρὺς
495 1133 731 1193 ἐχρημάτισε
753 1132 976 1191 φορολόγος
997 1139 1080 1183 τοῖς
1096 1138 1343 1189 χρεωστοῦσι
1363 1133 1580 1188 δημοσίοις.
1625 1130 1781 1181 καὶτὰς

345 1209 425 1249 τῶν
450 1204 649 1261 ὄφφικίων
677 1203 721 1245 δὲ
751 1200 881 1252 δόσεις
910 1200 1030 1251 αὐτὸς
1061 1205 1218 1257 πρῶτος
1248 1201 1481 1257 περιέτεμεν.
1545 1199 1711 1255 ἐμέλησε
1733 1197 1777 1241 δ’

345 1273 456 1330 αὐτῷ
479 1274 546 1314 καὶ
574 1271 788 1328 φειδωλίας
806 1272 872 1312 καὶ
893 1273 965 1312 τοῦ
987 1266 1224 1326 προσθήκην
1243 1270 1375 1326 ἀγρῶν
1393 1273 1442 1326 τῇ
1464 1267 1648 1327 βασιλείᾳ
1665 1282 1779 1323 περι-
1791 1271 1835 1310 15

343 1339 609 1396 ποιήσασθαι.
676 1338 738 1381 διὸ
761 1340 829 1381 καὶ
852 1338 979 1380 πολλὰ
998 1338 1070 1391 μὲν
1094 1337 1274 1379 ἰδιωτικὰ
1295 1334 1491 1393 πρόσωπα
1506 1339 1664 1379 πολλῶν
1683 1332 1782 1378 ἀπε-

345 1409 510 1466 στέρησε
538 1405 734 1462 κτήσεων,
780 1406 853 1456 τὰς
878 1403 1205 1464 χρυσοβούλλους
1236 1405 1368 1447 αὐτῶν
1396 1403 1558 1461 γραφὰς
1588 1401 1783 1461 παριδών,

345 1477 539 1530 ἐνέσκηψε
556 1476 600 1517 δὲ
616 1476 687 1517 καί
700 1492 780 1517 τισι
799 1478 877 1517 τῶν
892 1474 1216 1530 φροντιστηρίων,
1236 1474 1301 1515 καὶ
1318 1472 1469 1523 πολλὰς
1484 1472 1615 1515 αὗτῶν
1627 1470 1783 1527 κτήσεις

345 1542 591 1601 ἀφελόμενος
610 1542 677 1585 διὰ
691 1542 923 1598 λογοποιίας
940 1541 985 1584 τὸ
1003 1541 1150 1597 ἀρκοῦν
1168 1547 1252 1590 τοῖς
1271 1539 1499 1594 μονάζουσι,
1527 1543 1583 1598 τῷ
1599 1540 1783 1596 δημοσίῳ

346 1612 392 1655 τὸ
410 1610 597 1668 περισσὸν
615 1607 900 1668 προσαφώρισε
909 1640 923 1660 ,
953 1608 1208 1665 πρᾶγμαμὲν
1227 1615 1308 1658 τοῖς
1325 1608 1493 1663 ἀκρίτως
1507 1611 1722 1650 σκοποῦσιν
1737 1608 1780 1649 ἐκ
1791 1616 1837 1652 20

295 1682 324 1717 Β
349 1684 421 1723 τοῦ
438 1679 648 1736 προχείρου
673 1678 855 1731 ἀσεβείας
872 1678 937 1718 καὶ
957 1676 1208 1732 παρανομίας
1236 1676 1276 1726 ἐς
1306 1674 1407 1731 ἄγαν
1434 1667 1534 1732 πρὸς
1558 1674 1782 1732 ἱεροσυλίαν

349 1745 582 1805 φερόμενον,
624 1745 872 1798 ἀποτέλεσμα
906 1744 948 1786 δὲ
976 1744 1101 1798 μηδὲν
1138 1742 1284 1786 ἄτοπον
1312 1743 1435 1801 φέρον
1463 1750 1546 1793 τοῖς
1575 1743 1783 1800 ἔμβριθῶς

346 1819 539 1858 σκοποῦσι
575 1815 642 1855 καὶ
676 1817 948 1866 πνευματικῶς
957 1844 970 1864 ,
1013 1810 1080 1854 ἅτε
1114 1813 1169 1861 εἷς
1199 1809 1475 1866 ἀκτημοσύνην
1505 1808 1659 1867 ἀπᾶγον
1688 1809 1784 1861 τοὺς

346 1881 495 1938 ταύτην
516 1881 888 1938 ἐπαγγειλαμένους,
917 1881 984 1923 καὶ
1001 1879 1074 1935 τὴν
1095 1879 1352 1936 συβαριτικὴν
1367 1881 1433 1922 καὶ
1447 1881 1653 1934 χλιδῶσαν
1669 1895 1783 1937 περι-

346 1989 439 2025 sacri
466 1988 621 2023 thesauri
651 1987 820 2030 rationem
834 1987 964 2032 ⁴aliquis
986 1989 1029 2022 ab
1047 1987 1258 2032 *imperatore
1274 1986 1431 2022 delectus
1448 1989 1641 2033 praeesset,
1662 1996 1783 2021 verum

334 2047 368 2076 >a
387 2034 611 2081 patriarchae
633 2039 806 2078 potestate
829 2034 941 2068 omnia
962 2035 1164 2079 penderent,
1192 2039 1226 2067 et
1247 2043 1465 2078 personarum
1487 2032 1639 2067 delectus
1661 2037 1699 2067 et
1722 2043 1783 2067 rc-

346 2092 422 2115 rum
445 2079 707 2115 administratio.
735 2091 884 2114 evocans
905 2079 986 2114 item
1010 2091 1149 2113 uxorem
1173 2091 1215 2113 ex
1239 2078 1366 2123 oppido
1387 2078 1575 2113 Pemolissa
1596 2077 1783 2122 Augustam

346 2126 513 2170 declarat,
538 2131 576 2159 et
596 2126 758 2159 Ioannem
780 2126 920 2159 fratrem
944 2125 1181 2159 etCatacalon
1194 2125 1414 2158 Combustum
1435 2124 1652 2169 curopalatas
1674 2127 1783 2167 creat,

346 2178 385 2206 et
406 2172 524 2205 ambos
546 2171 732 2206 honoribus
750 2171 913 2213 decorat3
946 2172 1087 2205 fratrem
1116 2182 1212 2205 suum
1242 2180 1396 2214 magnum
1427 2169 1648 2204 domesticum
1672 2173 1782 2204 creat.

346 2215 570 2251 considerans
593 2221 705 2251 autem
729 2216 894 2262 pecuniae
915 2216 1167 2260 necessitatem,
1200 2215 1275 2250 sine
1297 2226 1366 2260 qua
1389 2214 1474 2248 nihil
1493 2214 1676 2249 secundum
1700 2225 1782 2249 ora-

345 2268 456 2297 torem
478 2262 679 2308 perficitur,
703 2274 744 2296 eo
763 2263 859 2306 quod
879 2273 936 2296 res
958 2262 1121 2296 militares
1143 2261 1229 2295 male
1252 2273 1291 2295 se
1313 2260 1496 2304 haberent,
1519 2260 1558 2294 in
1577 2258 1783 2304 angustissi-

347 2319 437 2342 mum
467 2308 630 2342 redactae
662 2310 705 2342 ob
736 2307 871 2352 imperii
902 2307 1064 2352 inopiam,
1101 2312 1136 2342 et
1158 2307 1309 2351 undique
1331 2317 1447 2340 omnes
1468 2311 1589 2341 contra
1609 2306 1784 2340 Romanos

347 2353 507 2398 incitati,
541 2353 632 2397 quod
665 2354 698 2387 ei
728 2353 935 2397 ignominiae
964 2365 1040 2387 esse
1072 2358 1107 2387 et
1139 2352 1285 2386 omnium
1318 2350 1556 2396 gravissimum
1586 2350 1783 2395 videbatur,

346 2400 494 2433 acerbus
523 2398 741 2443 vectigalium
773 2404 913 2432 exactor
934 2398 1001 2432 fuit
1021 2398 1065 2432 iis
1089 2398 1148 2443 qui
1170 2399 1222 2432 rei
1244 2397 1402 2442 publicae
1424 2398 1612 2441 debebant,
1646 2401 1683 2431 et
1704 2395 1783 2440 ipse

346 2444 478 2489 primus
501 2443 692 2478 officiorum
724 2444 927 2478 donationes
960 2444 1161 2488 amputavit.
1206 2443 1414 2488 parsimonia
1446 2453 1582 2487 quoque
1613 2441 1647 2476 ei
1679 2452 1783 2476 curae

347 2490 429 2531 fuit,
455 2500 519 2523 nec
539 2501 607 2542 non
628 2494 666 2523 ut
685 2489 831 2534 imperio
854 2500 955 2533 agros
977 2490 1139 2530 adderet;
1161 2488 1341 2523 etidcirco
1358 2488 1480 2522 inuitos
1497 2487 1651 2541 privatos
1672 2486 1784 2520 homi-

349 2546 412 2569 nes
434 2534 712 2580 possessmnibus
729 2534 910 2580 spoliavit,
932 2534 1099 2579 neglectis
1118 2535 1268 2579 ipsorum
1292 2533 1406 2568 aureis
1428 2533 1543 2567 bulhs.
1578 2532 1783 2578 quibusdam

349 2579 454 2614 etiam
476 2579 692 2614 monasteriis
715 2581 838 2615 multas
862 2580 1099 2626 possessiones
1119 2580 1260 2623 ademit,
1293 2584 1330 2613 et
1350 2578 1480 2614 relictis
1508 2578 1682 2613 monachis
1703 2577 1781 2611 ido·-

349 2625 424 2658 neis
446 2625 637 2670 sumptibus
658 2625 701 2659 ad
724 2626 875 2670 victum,
909 2637 995 2670 quos
1020 2625 1208 2671 computari
1230 2625 1399 2668 iusserat,
1432 2624 1469 2658 id
1491 2624 1582 2668 quod
1603 2625 1783 2668 supererat

347 2669 485 2715 publico
516 2671 720 2705 vindicavit.
766 2672 858 2716 quod
886 2671 1024 2716 quidem
1055 2671 1100 2704 iis
1124 2670 1182 2714 qui
1206 2670 1459 2704 inconsiderate
1483 2675 1517 2703 et
1539 2675 1669 2703 temere
1689 2667 1783 2702 iudi-

347 2720 486 2758 carent,
519 2717 563 2750 ab
594 2717 638 2749 im
665 2716 772 2750 ietate
796 2721 831 2750 et
849 2716 1032 2760 iniquitate
1055 2716 1097 2750 ad
1120 2716 1336 2760 sacrilegium
1357 2715 1501 2750 tendere
1523 2713 1635 2748 videri
1657 2718 1781 2758 questa

346 2760 409 2794 sed
432 2765 545 2794 tamen
566 2761 639 2794 nihi
673 2761 815 2796 absurdi
841 2773 882 2796 eo
914 2762 1082 2796 molimine
1112 2762 1334 2805 perficiebat,
1367 2766 1405 2795 ut
1436 2760 1481 2794 iis
1510 2759 1693 2794 videbatur
1719 2756 1781 2802 qui

345 2815 418 2838 rem
441 2805 597 2849 graviter
617 2812 720 2850 atque
743 2807 946 2852 spiritaliter
968 2807 1244 2842 considerabant.
1290 2818 1410 2852 nempe
1434 2817 1475 2839 eo
1502 2809 1603 2850 pacto
1625 2804 1670 2838 ad
1692 2812 1781 2848 pau-

345 2855 514 2894 pertatem
538 2862 598 2886 eos
622 2852 680 2897 qui
704 2852 812 2897 ipsam
840 2852 991 2898 professi
1024 2858 1140 2888 esseut
1170 2853 1379 2897 adducebat,
1410 2855 1447 2886 et
1468 2849 1585 2885 molles
1606 2845 1781 2894 sybariti-
