1916 3210
295 174 394 225 864
718 173 1015 219 XYLANDRI
1046 174 1120 218 ET
1155 173 1331 219 GOARI

293 287 449 329 Alberici
484 283 641 326 consulis
674 283 834 322 Romani
858 282 972 332 filius,
1017 282 1068 323 de
1096 295 1184 334 quo
1197 283 1284 323 vide
1307 281 1514 324 historicos.
1569 287 1751 328 ottonem

293 357 465 396 magnum
493 343 739 381 Romanorum
767 341 1024 391 imperatorem
1050 352 1177 391 regem
1199 340 1424 379 Francorum
1445 346 1576 392 vocat3
1605 346 1654 384 de
1676 357 1752 396 qua

294 416 335 442 re
366 413 475 453 supra
503 397 639 437 monui.
695 409 759 435 cur
790 401 911 435 autem
938 396 1035 435 hunc
1061 395 1259 447 Polyeucto
1281 395 1434 436 similem
1453 397 1572 450 dicat,
1597 411 1675 441 non
1690 402 1752 441 vi-

294 460 379 497 deo.
436 457 541 495 Χῑῑ..

403 516 431 550 t.
442 511 476 549 11
495 524 534 562 p.
552 508 634 552 335
652 521 686 551 v.
705 508 774 550 13.
829 505 905 558 την
923 522 1112 562 τεταρτην
1130 503 1301 562 η’γαγετο
1321 509 1506 562 γυναῖκα]
1537 511 1586 550 de
1599 520 1752 562 quarum

293 569 500 622 nuptiarum
520 567 598 604 iure
619 566 693 604 vid.
714 565 892 604 Arcadius
910 564 935 602 l.
960 567 988 606 7
1022 566 1266 606 Concordiae.
1324 566 1464 608 Gom.

401 628 429 663 t.
457 623 491 662 11
521 636 560 674 p.
590 623 672 663 339
698 635 735 661 V.
762 623 828 663 17.
887 617 1009 673 εὐχήν
1038 616 1149 675 παρά
1177 634 1288 669 τινος
1314 623 1396 662 τῶν
1425 619 1565 676 ἱερέων
1591 622 1754 677 λαβεῖν]
1805 666 1808 669 ‚

292 693 402 720 manu
440 679 640 719 sacerdotis
678 678 790 728 longa
822 691 968 731 precum
1006 679 1101 717 serie
1133 679 1333 730 praemissa
1366 682 1624 718 consecrantur
1652 680 1755 732 apud

293 739 456 776 Graecos
487 735 679 783 monachi,
722 735 771 774 de
800 736 930 786 quibus
958 733 1234 785 Euchologium.
1291 747 1420 788 preces
1447 735 1531 776 illae
1556 734 1754 776 solemnem

291 795 453 834 reddunt
472 792 729 831 monachorum
747 791 1025 843 professionem.
1056 791 1265 832 Balsamon.
1322 791 1462 830 GoAn.
1759 818 1761 820 -

407 854 436 888 t.
452 849 488 887 11
516 862 555 900 p.
574 846 655 889 340
676 860 709 888 v.
728 848 795 888 12.
852 843 1106 900 σταυρώμασι
1123 846 1192 888 καὶ
1209 843 1448 899 πασσάλοις]
1477 847 1570 900 palis
1586 847 1756 889 nimirum

294 908 332 946 in
348 911 482 945 terram
499 906 600 951 fixis,
629 907 668 943 et
685 905 796 942 clavis
816 904 947 954 ligneis
971 905 1191 943 adinvicem
1209 905 1438 944 tenacissime
1455 905 1607 944 iunctis:
1636 900 1756 946 σταύ-

296 977 409 1030 ρωμα
441 974 601 1012 namque
629 960 754 1011 palus
786 965 853 1002 est.
894 960 1136 1027 Hesychius:
1177 960 1340 1013 σταυροὶ
1370 961 1414 1002 οἳ
1416 957 1756 1030 καταπεπηγότες

297 1016 510 1071 σκόλοπες,
528 1015 725 1089 χάρακεςῦ
754 1017 822 1057 καὶ
847 1012 980 1057 πάντα
1007 1013 1057 1057 τὰ
1085 1015 1233 1057 ἓστωτα
1255 1014 1372 1067 ξύλα,
1404 1013 1482 1058 vimi
1501 1032 1573 1058 του
1592 1013 1757 1058 ἑστάναι

297 1073 329 1129 ἢ
347 1076 391 1117 ἐκ
410 1078 481 1116 τοῦ
503 1074 559 1122 εἷς
577 1070 652 1125 τὴν
672 1071 801 1128 αὔραν
821 1073 1023 1114 ἵστασθαι.
1061 1073 1292 1113 Eustathius:
1317 1070 1509 1123 σκόλοπες
1527 1070 1635 1128 ὄρθα
1654 1071 1756 1124 ξύλα

297 1133 365 1175 καὶ
387 1128 495 1181 ὀξέα,
524 1148 549 1171 α
571 1130 638 1170 καὶ
662 1128 856 1184 σταυρους
879 1125 1060 1172 ἐκαλουν.
1116 1131 1255 1171 GoAn.

408 1194 436 1227 t.
455 1188 489 1226 11
516 1202 556 1239 p.
576 1185 657 1229 344
677 1200 712 1229 v,
731 1187 772 1227 5.
828 1182 1131 1240 ἐκρεωφαγουν]
1161 1187 1360 1226 nefandum
1387 1186 1573 1227 monachis
1602 1186 1754 1227 Graecis

296 1246 459 1293 facinus,
486 1245 596 1282 etiam
620 1245 797 1295 aegrotis.
853 1244 992 1283 GoAR.

408 1306 435 1340 t.
448 1273 488 1339 ’11
515 1315 553 1353 p.
579 1298 660 1343 345
683 1313 718 1339 v.
745 1301 783 1341 1.
838 1313 966 1337 annos
993 1298 1092 1350 tres]
1133 1300 1172 1338 in
1200 1300 1345 1339 Graeco
1372 1303 1431 1339 est
1455 1311 1540 1338 xm
1570 1294 1631 1354 ιγ’.
1687 1300 1755 1339 ned

296 1358 424 1398 falsum
456 1370 538 1396 esse
567 1357 657 1405 hoc,
685 1369 761 1395 non
787 1357 953 1395 Zonaras
980 1357 1115 1405 modo,
1145 1356 1213 1395 sed
1233 1356 1346 1394 multo
1367 1357 1499 1395 certius
1519 1369 1754 1396 numerorum

292 1417 386 1454 ratio
405 1416 524 1454 docet.
583 1414 708 1452 confer
726 1414 822 1452 enim
838 1413 934 1451 hunc
953 1425 1088 1451 annum
1109 1426 1188 1451 cum
1206 1425 1303 1451 anno
1324 1413 1387 1463 qui
1405 1414 1455 1451 ad
1471 1416 1624 1452 mortem
1647 1413 1755 1452 Con-

292 1472 441 1510 stantini
463 1471 578 1522 patris
605 1470 682 1509 eius
709 1474 768 1508 est
792 1473 1004 1509 annotatus:
1031 1469 1194 1508 invenies
1219 1469 1446 1510 intervallum
1473 1482 1651 1510 annorum
1677 1481 1754 1509 non

291 1528 445 1580 amplius
472 1527 591 1564 trium.
648 1526 755 1565 Xn.

402 1588 429 1621 t.
448 1583 486 1620 II
513 1596 549 1634 p.
572 1579 656 1623 346
678 1595 711 1620 v.
734 1581 796 1624 15.
854 1579 1132 1631 Methymnae]
1163 1593 1272 1632 supra
1290 1580 1494 1630 Mitylenae
1507 1582 1625 1621 fertur
1639 1582 1754 1622 fuisse

292 1642 330 1679 in
352 1638 478 1678 exsilio
490 1668 502 1687 ‚
528 1640 603 1676 sive
622 1639 653 1675 is
673 1651 773 1676 error
790 1642 847 1676 est
867 1637 1023 1685 librarii,
1051 1638 1127 1674 sive
1146 1636 1287 1675 interea
1304 1637 1483 1686 Mitylena
1499 1638 1752 1689 Methymnam

292 1697 492 1735 translatus
513 1694 735 1744 Stephanus.
791 1697 947 1744 utraque
965 1694 1051 1731 urbs
1070 1697 1126 1731 est
1142 1693 1180 1730 in
1201 1692 1325 1731 Lesbo
1345 1694 1472 1731 insula.
1528 1695 1632 1732 ΧΠ..

403 1751 475 1790 t.11
493 1764 532 1802 p.
543 1749 623 1792 347
640 1762 676 1790 v-
688 1753 725 1791 3.
754 1749 975 1802 cometopoli
990 1752 1076 1787 sunt
1092 1749 1179 1787 dicti
1197 1750 1301 1799 quasi
1318 1749 1407 1801 pulli
1431 1745 1491 1804 (id
1510 1754 1567 1790 est
1582 1746 1665 1804 filii)
1690 1763 1755 1790 co-

293 1808 402 1848 mitis.
432 1807 536 1846 ΧΠ..
594 1806 704 1844 dictio
723 1809 873 1855 πῶλος,
901 1807 1094 1845 vernacule
1111 1807 1281 1854 ποῦλος,
1319 1805 1424 1844 alteri
1448 1807 1591 1846 adiecta
1609 1806 1754 1855 filium.

294 1864 400 1903 simul
418 1868 455 1902 et
475 1862 726 1901 diminutivum
749 1863 839 1913 quid
859 1866 976 1901 sonat.
1020 1862 1072 1900 sic
1091 1856 1414 1914 ἄρχοντόπουλον
1428 1862 1572 1911 filium
1589 1862 1754 1910 nobilis,

294 1917 586 1983 βασιλᾷπουλον
612 1919 717 1969 regis
744 1918 906 1967 filiam,
942 1917 1146 1970 regulam,
1182 1922 1222 1957 et
1246 1919 1395 1957 tandem
1424 1915 1755 1972 κομητοπούλους

295 1977 447 2014 comitis
457 1975 573 2024 filios
582 1979 690 2013 vocat
699 1979 847 2024 auctor3
866 1979 905 2015 et
922 1979 965 2013 ut
979 1975 1105 2013 subdit
1117 1975 1256 2022 παῖδες
1274 1990 1356 2015 των
1377 1974 1474 2028 μέγα
1495 1974 1754 2027 δυνηθέντων
1827 2000 1834 2008 a

293 2033 339 2074 ἐν
360 2032 586 2087 Βουλγαρία
603 2027 801 2083 κομήτων.
858 2032 953 2070 infra
972 2045 1011 2083 p.
1038 2030 1140 2074 694:
1179 2028 1351 2083 κόμητος
1379 2029 1490 2080 ὄντες
1514 2033 1656 2082 παῖδες
1682 2031 1752 2074 καὶ

295 2087 363 2130 δια
381 2092 497 2130 τοῦτο
516 2084 793 2140 κομητόπωλοι
811 2083 1176 2140 κατονομαζόμενοι.
1234 2088 1367 2127 Gom.

407 2146 553 2216 t.11‘p.
573 2143 653 2187 349
672 2158 705 2183 v.
722 2146 764 2185 9.
820 2158 900 2182 non
917 2146 1020 2182 enim
1039 2151 1159 2194 aptas
1177 2144 1278 2195 erat]
1308 2146 1345 2183 in
1362 2145 1545 2196 margine,
1571 2147 1752 2193 τοιοῦτος

294 2196 350 2254 ἦν
378 2201 447 2243 καὶ
476 2200 500 2242 6
525 2197 778 2255 τυραννήσας
803 2201 930 2255 γέρων
957 2213 1159 2254 προσεχως
1182 2200 1331 2250 ἐκεῖνος
1347 2197 1616 2254 Ἀνδρόνικος.
1671 2203 1753 2241 noti

293 2263 378 2297 sunt
407 2259 456 2297 de
484 2258 591 2310 plebe
616 2271 744 2297 versus
773 2258 933 2306 Lucani,
963 2259 1095 2308 quibus
1129 2258 1287 2309 Bringas
1314 2259 1532 2298 contrarium
1557 2258 1654 2297 malo
1682 2271 1751 2297 suo

290 2316 378 2354 fecit
403 2313 548 2352 “nescit
563 2314 700 2365 plebes
724 2316 858 2352 ieiuna
880 2310 1041 2351 timere?
1031 2309 1052 2327 ''
1108 2314 1213 2354 Xn..

401 2375 432 2409 t.
460 2371 494 2408 ll
535 2384 574 2422 p.
605 2371 688 2412 352
717 2385 753 2411 v.
782 2373 820 2412 6.
877 2370 1052 2422 ἐπιτίμια
1080 2366 1494 2423 δευτερογαμούντων]
1525 2371 1696 2410 laudatur
1726 2382 1750 2409 a

291 2428 445 2466 Graecis
475 2428 726 2478 monogamia,
757 2429 916 2478 bigamia
939 2428 1113 2466 toleratur
1139 2432 1179 2466 et
1202 2428 1394 2476 multatur,
1422 2427 1608 2480 τριγαμία
1633 2427 1750 2465 invisa

291 2489 371 2532 est,
407 2484 644 2537 τετραγαμία
671 2485 855 2536 prohibita
880 2487 938 2523 est
962 2485 1124 2536 penitus,
1182 2484 1239 2521 cui
1270 2497 1356 2522 vero
1387 2497 1531 2536 poenae
1562 2483 1750 2522 subiicitur

295 2540 479 2591 διγαμίας
521 2542 682 2579 biennali
716 2546 1022 2580 sacramentorum
1057 2541 1228 2587 orbitati3
1270 2541 1317 2579 de
1350 2553 1423 2592 qua
1449 2540 1678 2592 Nicephorus
1710 2540 1749 2577 in

294 2596 525 2646 Canonibus‚
563 2597 718 2636 Basilius
753 2597 1013 2647 Euchologium
1054 2600 1091 2636 et
1128 2598 1339 2636 canonistae
1371 2597 1516 2637 Graeci.
1569 2597 1748 2635 rationem

294 2653 325 2688 si
352 2665 526 2702 quaeras,
554 2655 849 2694 incontinentiam
871 2654 1043 2692 cohibent
1064 2656 1101 2692 et
1122 2654 1291 2704 puniunt.
1349 2653 1477 2692 GoAR.

404 2707 458 2745 ib.
481 2722 515 2746 v.
533 2712 600 2750 20.
659 2710 949 2763 πρωτοπαποῖς]
981 2708 1233 2747 ecclesiarum
1246 2708 1399 2760 palatii
1420 2706 1743 2759 archipresbyter.

294 2764 457 2812 speciose
482 2765 529 2803 de
553 2779 598 2804 eo
623 2767 780 2818 loquitur
796 2767 1005 2818 Xylander,
1033 2771 1072 2805 et
1086 2766 1325 2816 pontfieum
1340 2766 1617 2817 palatinorum
1628 2765 1747 2815 prin-

294 2820 419 2868 cipem
440 2821 540 2860 facit.
595 2827 782 2863 strenuum
802 2822 980 2877 pontificii
1002 2823 1158 2862 nominis
1177 2825 1357 2863 vindicem
1377 2824 1468 2875 agit.
1523 2822 1654 2861 GoAn.
