1916 3210
292 176 391 223 870
707 171 1005 222 XYLANDRI
1036 172 1114 217 ET
1147 172 1322 218 GOARI

292 289 429 327 dinem.
485 285 567 323 hinc
596 281 834 348 syncellorum
865 281 1053 332 examina,
1080 293 1124 320 ac
1149 282 1296 321 remotis
1328 293 1352 320 a
1376 281 1600 334 patriarchae
1626 283 1738 324 domo

290 342 538 395 praesulibus,
568 340 631 389 qui
655 351 834 389 nusquam
857 339 955 376 sedis
976 337 1151 377 haeredes
1168 340 1336 387 fuerunt,
1364 351 1579 379 concessum
1588 340 1751 392 syncelli·

291 411 442 437 nomen:
477 397 540 446 qui
566 407 645 433 cum
670 395 718 433 ab
747 394 906 445 impositi
933 394 1087 432 nominis
1111 395 1282 459 exordio?
1314 395 1352 432 in
1383 395 1534 446 publicis
1565 394 1740 461 eccleciae

291 452 550 498 conventibus,
576 450 709 489 multos
739 463 854 488 annos
885 450 1110 501 patriarchae
1137 451 1276 502 precari
1305 449 1459 499 soleret,
1487 463 1532 489 ac
1550 450 1590 489 in
1610 450 1740 493 mim-

290 523 370 548 rum
398 507 684 546 solemnitatibus
712 519 757 544 ea
782 506 893 544 verba
919 507 1029 543 saeris
1057 518 1102 544 ex
1130 507 1238 544 aditis
1260 507 1516 557 pronuntiare,
1533 507 1754 557 ‚quibusmd¹

288 565 469 604 orandum
488 576 556 614 pro
572 562 775 614 patriarcha
793 561 948 613 populus
966 565 1235 610 commonetur,
1258 563 1289 600 is
1307 563 1392 601 ideo
1411 566 1450 602 et
1467 563 1642 602 sacerdos·
1658 575 1741 603 esse

290 626 329 660 ct
350 619 576 672 patriarchae
597 618 851 657 concelebrare
871 618 1079 667 tenebatur,
1108 631 1153 657 ac
1176 619 1256 669 ipse
1278 618 1377 657 idem
1399 614 1742 672 πρωτοσνγκελλος
1796 649 1799 653 »

291 682 369 716 erat
390 677 428 714 in
448 686 582 725 magna
602 674 774 723 ecclesia,
803 673 866 724 qui
883 673 1088 712 huiusmodi
1109 687 1262 723 munus,
1287 674 1386 712 velut
1404 675 1638 725 syncellornm
1654 687 1744 728 spe-

291 732 507 773 ctatissimus
539 731 678 781 obiret,
715 743 758 768 ac
784 744 1062 782 πατριαρχικος
1090 726 1298 782 συγκελλος
1324 730 1517 780 audiebat,
1543 731 1744 771 relictis-in

292 788 529 838 syncellorum
559 786 690 834 turba,
732 799 812 824 cum
844 799 977 825 nomen
1006 798 1195 825 commune
1224 787 1356 825 factum
1388 790 1466 835 est,
1499 787 1651 837 ceteris,
1679 787 1744 839 qui

290 844 441 897 privatis
466 845 504 881 in
528 842 685 881 ecelesiis
706 842 746 880 id
769 845 1055 892 exsequerentur
1078 843 1248 882 muneris.
1303 842 1403 881 addo
1428 848 1467 881 et
1489 843 1692 895 spirituales
1719 855 1745 883 a

291 899 578 939 confessionibus
604 903 726 950 patres
751 898 1005 948 imperatorem
1035 899 1171 949 ubique
1199 899 1436 946 comitantes,
1476 912 1519 938 ac
1545 899 1583 938 in
1609 899 1744 951 palatio

291 957 419 1005 (cuius
452 956 613 994 intimum
641 959 680 993 et
707 954 877 992 secretius
902 954 1101 992 cubiculum
1126 954 1324 993 vocabatur
1337 953 1493 994 κελλίον
1510 968 1555 995 ex
1570 956 1744 1006 Codino)

291 1016 581 1060 commorantes,
611 1014 653 1048 ut
667 1011 738 1062 ipsi
758 1009 1044 1056 cancellaneos,
1073 1010 1311 1060 syncellorum
1327 1010 1572 1062 appellatione
1586 1016 1759 1051 ornatos..

292 1069 397 1108 testis
419 1072 474 1107 est
494 1067 678 1105 Phranzes
698 1066 842 1104 Ioannis
862 1067 911 1104 ad
929 1067 1115 1104 concilium
1134 1067 1382 1105 Florentinum
1400 1067 1661 1118 proficiscentis
1679 1068 1747 1108 de-

293 1126 459 1164 scribens
477 1125 703 1164 comitatum.
759 1122 929 1159 aderant
947 1123 998 1168 ei,
1027 1123 1166 1172 inquit,
1194 1123 1411 1160 sacerdotes
1428 1124 1493 1160 sui
1518 1124 1571 1174 (a
1589 1124 1746 1175 patriar-

292 1182 401 1219 chicis
432 1180 593 1229 diversi)
623 1186 659 1215 et
685 1178 906 1228 spiritualis
927 1185 1045 1228 pater
1074 1178 1308 1230 Gregorius,
1336 1192 1509 1230 magnus
1532 1186 1747 1231 protosym—

291 1236 421 1288 gelus.
482 1247 634 1285 magnus
657 1235 736 1282 hic,
763 1239 804 1274 ut
832 1248 855 1274 a
879 1234 1104 1286 patriarchae
1135 1235 1401 1286 protosyncello
1434 1234 1506 1274 alio
1539 1236 1746 1277 distinctus.

294 1294 350 1331 his
378 1293 475 1330 adde
505 1292 654 1330 inferius
680 1291 838 1341 legenda
867 1304 906 1340 p.
930 1293 1011 1332 723
1037 1290 1069 1328 B
1089 1295 1128 1329 et
1145 1291 1201 1339 C,
1233 1304 1281 1330 ne
1304 1292 1488 1344 plerisque
1510 1292 1656 1366 syncelli
1674 1305 1748 1333 vox

293 1351 422 1400 ignota
446 1348 593 1386 dubium
616 1348 758 1397 ingerat
778 1360 822 1385 ex
843 1347 949 1384 dictis
971 1359 1046 1385 non
1068 1346 1266 1386 evolutum.
1322 1348 1453 1386 Gom.

406 1410 433 1442 t.
453 1405 487 1442 ΙΙ
517 1418 554 1455 p.
572 1403 655 1443 422
680 1416 712 1441 v,
733 1405 770 1444 6.
830 1398 1099 1454 μισθοφόροις
1129 1403 1405 1456 Σαρακηνοῖς]
1446 1415 1538 1456 pace
1566 1416 1646 1443 cum
1677 1403 1759 1443 illis¹
1824 1395 1826 1398 ,

294 1462 500 1513 composita
531 1461 626 1500 inter
656 1458 867 1514 ἑταιρείας,
897 1460 944 1502 de
972 1459 1102 1512 quibus
1129 1465 1257 1502 auctor
1281 1459 1460 1512 loquitur,
1489 1461 1744 1503 annumeratis.

295 1519 426 1556 GOAR.

407 1572 460 1610 ib.
484 1586 518 1612 v.
538 1575 604 1615 21.
659 1573 892 1625 Laparam]
918 1574 969 1612 sic
987 1576 1112 1612 noster
1131 1573 1246 1613 codex
1262 1573 1377 1612 habet
1392 1572 1593 1624 perspicue.
1647 1572 1748 1624 apud

295 1629 481 1667 zonarum
496 1628 631 1680 Lipara
645 1631 792 1680 legitur,
819 1643 914 1680 quae
930 1642 1000 1668 vox
1017 1630 1132 1668 multo
1150 1634 1207 1668 est
1227 1630 1444 1676 concinnior,
1473 1632 1510 1667 et
1528 1641 1608 1666 cum
1624 1632 1748 1678 etymo

295 1689 335 1723 et
362 1698 443 1723 cum
469 1685 593 1734 lingua
620 1686 763 1724 Graeca
789 1687 907 1736 magis
932 1689 1121 1724 consonat.
1176 1686 1245 1724 nisi
1273 1686 1368 1724 forte
1389 1685 1628 1735 Cappadoces
1645 1685 1750 1723 dice-

294 1742 387 1778 bant
416 1736 619 1792 λαπαρόν,
656 1743 757 1792 quod
788 1742 849 1780 alii
878 1731 1011 1780 Graeci
1040 1737 1223 1795 λιπαρόν.
1278 1741 1346 1781 sed
1377 1746 1416 1781 et
1447 1740 1651 1781 Licandum
1682 1752 1752 1794 pet

296 1796 396 1836 ἰῶτα
414 1797 580 1835 scribitur
595 1797 668 1846 ibi,
700 1798 759 1836 hic
774 1810 840 1849 per
857 1813 895 1837 v.
951 1798 1047 1835 Χιτι..

407 1857 435 1891 t.
453 1853 487 1891 11
513 1867 550 1904 p.
562 1851 644 1894 424
661 1866 695 1891 v.
707 1856 747 1893 2.
802 1850 1019 1902 Ἀτταλεῖς]
1049 1853 1096 1891 ab
1115 1851 1249 1891 Attalia
1267 1850 1503 1904 Pamphyliae
1516 1850 1631 1899 urhe,
1657 1850 1751 1891 sicut

294 1912 333 1947 et
355 1909 490 1957 Cibyra
510 1909 659 1946 minoris
681 1908 808 1958 Asiae,
836 1909 954 1947 navali
977 1908 1173 1960 praeclara.
1231 1909 1366 1946 GoAn.

408 1963 462 2000 ib.
483 1977 517 2005 v.
534 1963 573 2005 4.
630 1964 699 2001 illo
726 1966 811 2015 ipso
839 1964 961 2015 duce]
989 1966 1046 2004 hic
1072 1965 1171 2003 locus
1201 1964 1239 2002 in
1265 1965 1407 2002 Graeco
1434 1965 1491 2002 est
1517 1961 1688 1999 confusus
1712 1963 1751 2000 et

293 2032 461 2069 maneus,
493 2024 534 2058 ut
562 2021 710 2070 quidem
739 2022 874 2059 iudico.
930 2021 999 2059 hoc
1025 2034 1070 2060 ex
1095 2020 1327 2071 sequentibus
1356 2018 1486 2068 didici,
1514 2018 1611 2055 hunc
1629 2018 1752 2069 ipsum

295 2076 479 2114 Curticem
513 2076 604 2115 Duri
638 2079 791 2116 classem
824 2078 988 2127 duxisse,
1031 2078 1236 2127 victumque
1277 2077 1323 2114 ab
1364 2074 1619 2126 imperatoriae
1658 2074 1753 2112 duce

295 2131 499 2169 Theodoro
527 2134 645 2170 navali
669 2133 806 2183 praelio
825 2134 949 2172 fuisse.
1004 2134 1070 2172 sed
1086 2134 1282 2183 Cibyratae
1298 2143 1346 2171 an
1363 2143 1432 2182 pro
1449 2130 1551 2168 Duro
1570 2129 1752 2178 steterint,

294 2200 343 2224 an
371 2201 457 2226 vero
486 2187 614 2239 (quod
633 2188 787 2240 putavi)
815 2190 862 2227 ab
896 2190 1123 2240 imperatoris
1156 2188 1292 2236 classe,
1335 2200 1416 2225 cum
1452 2199 1498 2224 ea
1528 2186 1577 2224 ad
1609 2185 1754 2227 Durum

294 2244 540 2292 transivisset,
569 2246 714 2284 iusserit
734 2258 796 2283 eos
816 2245 938 2285 Durus
959 2245 1183 2296 oppugnari,
1211 2257 1286 2283 non
1305 2256 1384 2282 sum
1404 2246 1534 2282 certus.
1590 2241 1698 2284 XYn.

409 2298 630 2342 ib.v.13.
687 2297 927 2352 δεξάμενον]
971 2302 1095 2340 scribit
1125 2302 1301 2352 interpres
1332 2296 1568 2367 δεξάμενοςε
1612 2297 1754 2336 retineo

297 2351 525 2408 δεξάμενον.
584 2358 632 2395 ad
672 2358 845 2396 Ioannem
881 2358 977 2396 enim
1016 2361 1141 2396 auctor
1172 2357 1251 2409 ipse
1281 2355 1420 2395 rettulit
1449 2350 1494 2395 τὸ
1523 2348 1752 2406 δεξάμενον,

297 2412 392 2449 sicut
418 2416 455 2450 et
479 2427 522 2452 το
547 2412 803 2465 βεβοημένον.
861 2414 990 2452 GoAR.

410 2468 507 2505 ibid.
568 2469 799 2519 Dipotamum
827 2471 971 2508 videtur
998 2470 1154 2516 dictum,
1185 2468 1287 2518 quod
1306 2467 1400 2506 inter
1421 2467 1495 2504 duo
1518 2464 1670 2503 flumina
1689 2466 1755 2502 aut

297 2524 422 2574 potius
445 2525 494 2562 ad
517 2526 742 2564 confluentes
765 2527 919 2564 duorum
943 2526 1100 2563 amnium
1122 2526 1230 2562 situm
1250 2529 1361 2563 esset.
1417 2522 1523 2561 Xn.

410 2584 436 2618 t·
456 2581 490 2618 ΙΙ
518 2594 556 2632 p
575 2581 656 2622 437
677 2595 709 2620 v.
728 2581 766 2623 5.
825 2580 1179 2631 Κοντοστέφανον]
1206 2576 1348 2628 κοντός
1369 2579 1464 2618 enim
1486 2574 1638 2616 Graecis
1649 2587 1756 2625 par-

300 2637 659 2683 1¹1mz,modiezcm,
690 2637 842 2674 brevem
868 2638 1057 2689 significat.
1116 2638 1244 2674 GoAR.

408 2693 490 2729 t·11
520 2706 558 2744 p
575 2693 658 2735 438
679 2707 712 2732 V.
731 2696 767 2736 5.
825 2696 898 2745 τῆς
919 2691 1113 2746 σφαίρας]
1153 2692 1295 2729 Tralli.
1355 2691 1482 2728 Gom.

410 2746 464 2784 ib.
494 2761 527 2785 v
558 2752 621 2789 11.
679 2750 870 2800 nulloque
898 2749 1080 2800 numero]
1121 2745 1216 2800 μηδ’
1256 2747 1299 2788 ἐν
1340 2744 1459 2799 καρὸς
1500 2738 1756 2796 λογισάμενος

298 2802 430 2856 μοιόα.
489 2805 527 2841 in
557 2806 725 2854 margine
753 2813 810 2845 est
840 2819 920 2845 esse
953 2807 1021 2844 hoc
1048 2807 1287 2857 proverbium.
1347 2804 1397 2842 sic
1428 2805 1550 2840 autem
1580 2800 1628 2837 de
1657 2800 1756 2847 Aga-
