1890 3236
289 185 386 231 358
755 179 996 227 GEORGII
1031 180 1272 226 GEDRENI

290 295 512 347 πλεονεξίαν
544 292 788 349 ἀνεκτήσατο
823 296 890 336 καὶ
920 293 1014 344 τοὺς
1045 292 1125 337 ὑπὸ
1148 301 1267 350 χεΐρα
1288 292 1335 335 οὗ
1356 293 1526 351 μετρίως
1543 290 1739 337 ἐκάκωσε·

290 363 422 414 πάσας
451 363 529 418 γὰρ
560 362 634 411 τὰς
662 361 764 417 πρὸς
790 361 837 404 τὸ
867 363 935 416 ζῆν
958 362 1150 419 ἀφορμὰς
1172 360 1327 412 εῧώνως
1349 361 1428 405 ἀπὸ
1445 365 1525 405 τῶν
1545 361 1742 419 ἐγχωρίων

291 430 515 486 ὠνούμενος
529 433 681 472 πολλοῦ
697 435 779 479 τοΐς
797 432 1048 486 Σαρακηνοῖς
1067 430 1319 487 ἐπίπρασκεν,
1337 427 1606 487 ἀπραγμόνως,
1617 428 1743 487 παρέ-

286 515 406 555 χουσι
433 497 506 547 τὰς
533 497 652 551 τιμὰς
680 500 738 555 τῷ
770 496 950 555 εὐπόρως
980 497 1081 553 ἔχειν
1104 501 1274 555 χρυσίου
1297 499 1367 542 διὰ
1383 499 1456 554 τὴν
1476 500 1519 541 ἐκ
1535 500 1606 541 τοῦ
1625 499 1744 551 λιμοῦ

242 570 273 603 D
295 569 363 610 καὶ
393 569 473 609 τῶν
502 565 686 620 πολέμων
713 568 990 624 στενοχωρίαν.
1057 567 1160 623 πλὴν
1188 565 1210 609 ὃ
1241 567 1314 622 μὲν
1340 566 1542 624 Κρηνίτης
1567 562 1646 609 ὑπὸ
1672 567 1779 609 τοῦὅ

294 633 600 678 Κωνσταντίνου
636 636 890 690 παραλυθεὶς
925 640 997 690 τῆς
1029 634 1157 692 ἀρχῆς
1185 634 1237 678 τά
1266 652 1309 679 τε
1336 634 1530 693 χρήματα
1558 632 1771 691 ἀφῃρέθη·

297 703 388 757 μετ’
416 699 606 757 αἰσχύνης
628 703 696 744 καὶ
717 701 1003 760 καταγηράσας
1025 703 1224 746 ἀπέθανε·
1260 705 1363 747 κατὰ
1389 705 1432 747 δὲ
1455 703 1526 746 τὸν
1542 705 1614 745 τοῦ
1631 699 1752 743 πολέ-

297 787 376 826 μου
407 769 547 827 καιρὸν
576 768 762 827 φυγάδας
791 773 1094 828 Καρχηδονίους
1121 770 1475 828 αὐτομολήσαντας
1501 770 1538 814 οἳ
1561 768 1752 824 Ῥωμαῖοι

300 839 508 891 ἐδέξαντο,
543 838 614 889 οὓς
647 838 837 894 οὐδαμῶς
867 840 1045 898 ἀπῄτουν
1076 840 1114 883 οἱ
1141 840 1429 899 Καρχηδόνιοι.
1494 842 1650 895 μᾶλλον
1679 837 1753 892 μέν

300 902 371 950 οὖν
393 908 459 949 καὶ
482 907 553 950 τὸν
574 905 730 962 ἐτήσιον
752 908 908 962 δασμὸν
929 908 1200 967 συνεχώρουν,
1230 907 1451 959 δεδοικότες
1475 906 1534 963 μή
1561 922 1647 957 πως
1673 922 1753 949 κω·
1763 911 1809 947 10

300 972 474 1019 λύσωσιν
510 975 547 1018 οἳ
571 974 764 1030 Ῥωμαῖοι
795 978 1152 1028 σκανδαλισθέντες
1177 978 1252 1034 τὴν
1281 982 1362 1022 τῶν
1389 976 1620 1031 ἐπιτηδείων
1649 973 1755 1030 ὠνὴν

302 1045 369 1086 καὶ
389 1041 692 1087 κινδυνεύσωσιν
713 1039 822 1088 οὗτοι
844 1047 1128 1103 διαφθαρῆναι
1148 1050 1266 1105 λιμῷ.
1333 1044 1500 1102 ὕστερον
1521 1045 1565 1087 δὲ
1584 1046 1755 1086 τοῦπο-

303 1112 426 1166 λέμου
449 1113 711 1162 διαλυθέντος
730 1111 823 1164 τούς
843 1131 883 1158 τε
909 1113 1159 1169 αὐτομόλους
1179 1113 1341 1169 ἐζήτουν
1361 1115 1428 1157 καὶ
1448 1113 1521 1168 τὴν
1542 1113 1757 1170 δασμοφο-

305 1181 408 1237 ρίαν.
476 1181 648 1235 μηδενὸς
675 1181 720 1222 δέ
747 1183 990 1238 παρέχοντος
1017 1184 1153 1233 αὐτοῖς
1181 1184 1367 1227 διέλυσαν
1387 1181 1460 1237 τὴν
1479 1179 1662 1238 εῗρήνην,
1689 1180 1758 1222 καὶ

304 1247 586 1304 περαιούμενοι
613 1249 717 1291 καθ’
751 1248 920 1307 ἑκάστην
948 1251 1019 1306 τὴν
1046 1252 1287 1309 Καλαβρίαν
1315 1250 1471 1308 ἐδῄουν.
1539 1250 1757 1292 ,Κωνσταν-
1769 1254 1813 1291 15

306 1324 413 1366 τῖνος
441 1318 572 1360 τοίνυν
602 1316 623 1360 ὅ
652 1319 842 1371 βασιλεὺς
872 1319 929 1374 μὴ
963 1319 1167 1375 θελήσας,
1202 1318 1335 1377 ὥσπερ
1360 1319 1381 1361 ὃ
1405 1318 1598 1375 πενθερὸς
1620 1317 1759 1368 αὗτοῦ,

306 1386 509 1439 μειλιχίως
534 1384 723 1430 {mex-‘htv
749 1388 843 1438 τοὺς
873 1388 1133 1445 Σαρακηνοῦς
1162 1390 1229 1430 καὶ
1256 1389 1330 1443 τὴν
1354 1386 1511 1445 εἰρήνην
1532 1384 1761 1430 ἀνανεώσα-

310 1456 436 1504 σθαι,
472 1454 576 1496 ἀλλὰ
594 1454 756 1513 πολέμῳ
776 1460 929 1510 μᾶλλον
949 1464 1077 1514 κρῖναι
1099 1456 1149 1499 τὰ
1171 1454 1389 1513 πράγματα
1407 1455 1656 1509 διανοηθείς,
1689 1450 1764 1496 δύ-

172 1524 199 1556 Ρ
225 1521 293 1559 653
315 1538 435 1575 ναμιν
466 1520 684 1576 ἀξιόμαχον
717 1526 951 1581 συναγείρας
979 1527 1045 1568 καὶ
1077 1524 1253 1582 ἄρχοντα
1284 1523 1500 1580 ἐπιστήσας
1530 1523 1668 1572 αὐτοῖς
1693 1522 1764 1564 τὸν

314 1589 522 1645 πατρίκιον
551 1592 805 1646 Μαλακηνὸν
835 1597 890 1643 εἷς
916 1594 1158 1649 Καλαβριάν
1185 1593 1430 1644 ἀπέστειλεν,
1473 1590 1674 1646 ἓνωθῆναι
1697 1599 1821 1636 aee-20

316 1655 462 1708 λεύσας
481 1662 539 1716 τῷ
563 1664 774 1717 στρατηγῷ
794 1665 866 1716 τῆς
883 1659 1022 1719 χώρας
1054 1660 1319 1716 (Πασχάλιος
1339 1661 1382 1703 δ’
1408 1655 1524 1710 οὗτος
1543 1654 1614 1714 ἦν,
1642 1657 1664 1702 ὅ
1686 1658 1765 1714 πρὸ

319 1729 466 1782 μικροῦ
496 1730 813 1783 μνημονευθεὶς)
858 1731 924 1771 καὶ
964 1734 1076 1787 κοινῇ
1110 1730 1200 1783 μετ’
1237 1730 1362 1772 αὐτοῦ
1391 1729 1666 1780 ἀναδέξασθαι
1697 1727 1769 1770 τὸν

320 1794 433 1851 παρὰ
451 1799 531 1838 τῶν
552 1796 842 1853 Καρχηδονίων
864 1799 930 1839 καὶ
953 1800 1126 1840 Σικελῶν
1145 1796 1410 1852 ἐπισειόμενον
1426 1795 1612 1851 πόλεμον.
1678 1795 1770 1839 ἐπέ-

414 1935 438 1969 7
459 1934 522 1992 καὶ
543 1932 639 2016 ugr&
660 1933 727 1972 τὸν
749 1936 777 1971 Ρ
871 1938 915 1974 12
931 1936 992 1974 καὶ
1008 1949 1062 1974 om
1078 1937 1108 1974 C
1202 1937 1245 1975 14
1261 1935 1463 1974 διετέλεσαν
1477 1937 1508 1972 C
1597 1937 1644 1975 20
1659 1936 1771 1981 μαλα-

414 1991 540 2017 κεινον

326 2105 450 2140 ductus
471 2106 688 2154 sublevavit,
713 2112 750 2144 et
771 2109 928 2146 subditos
950 2123 1019 2147 non
1039 2111 1164 2147 leviter
1180 2109 1336 2146 vexavit.
1381 2120 1460 2144 nam
1481 2107 1544 2144 vili
1561 2107 1676 2155 pretio
1692 2117 1774 2161 coq-

326 2162 433 2184 mens
456 2164 545 2196 quae
569 2155 612 2188 ad
634 2155 739 2190 vitam
762 2157 994 2192 sustinendam
1020 2163 1120 2192 erant
1141 2156 1357 2200 necessaria,
1387 2167 1511 2200 magno
1531 2166 1573 2188 ea
1590 2154 1778 2191 sanemus

327 2197 505 2242 vendidit,
538 2200 599 2244 qui
627 2202 720 2245 quod
744 2213 829 2237 auro
849 2205 1070 2239 abundabant
1090 2208 1126 2238 et
1148 2204 1238 2238 fame
1262 2201 1422 2246 belloque
1444 2204 1702 2246 premerentur,
1732 2197 1779 2232 li·-

328 2242 453 2276 benter
484 2247 632 2290 pretium
653 2248 801 2291 quodvis
826 2250 1083 2293 persolvebant.
1128 2261 1248 2284 verum
1270 2247 1350 2282 huic
1373 2246 1538 2282 Crenitae
1561 2257 1582 2280 u
1603 2246 1781 2280 Constan-

329 2288 403 2321 tino
436 2288 616 2335 imperium
646 2294 848 2337 abrogatum
882 2300 956 2340 est,
990 2296 1171 2340 eidemque
1192 2293 1339 2341 pecunia
1358 2293 1519 2338 adempta
1538 2295 1609 2336 est,
1644 2295 1681 2325 et
1702 2300 1778 2324 cum

329 2333 502 2369 dedecore
525 2339 707 2373 consenuit
729 2345 834 2384 atque
858 2341 948 2375 diem
970 2353 1066 2376 suum
1092 2342 1192 2375 obiit.
1239 2340 1360 2374 eodem
1389 2339 1480 2374 bello
1509 2336 1659 2372 Romani
1685 2336 1780 2370 *Car-

328 2379 553 2423 thaginenses
576 2385 740 2429 perfugas
763 2392 1010 2432 susceperunt,
1034 2398 1120 2432 quos
1145 2397 1258 2431 neque
1278 2387 1505 2430 reposcerunt
1525 2381 1782 2434 Carthaginen-

332 2435 410 2466 se⁵3
443 2432 480 2460 et
511 2428 675 2464 tributum
706 2437 888 2476 praeterea
918 2444 988 2466 non
1017 2437 1209 2477 exegerunt
1236 2431 1395 2474 solitum,
1431 2428 1537 2464 veriti
1567 2440 1612 2462 ne
1640 2428 1782 2479 offensis

332 2470 498 2523 Romanis
520 2479 556 2507 et
580 2474 815 2511 alimentorum
839 2479 1067 2524 parandorum
1098 2478 1296 2513 facultatem
1323 2475 1553 2511 adimentibus
1573 2475 1665 2509 fame
1686 2483 1783 2527 pqr}-

335 2515 520 2552 chtandum
553 2527 659 2555 esset.
707 2528 788 2567 post
820 2524 910 2558 bello
941 2525 1099 2558 confecto
1130 2529 1166 2558 et
1197 2523 1363 2569 perfugas
1386 2526 1422 2557 et
1443 2521 1610 2556 tributum
1631 2529 1786 2572 requisi-

336 2567 482 2605 verunt3
517 2568 554 2599 et
576 2567 748 2610 repulsam
773 2570 868 2615 passi
890 2582 975 2616 pace
998 2571 1141 2604 confusa
1164 2568 1351 2603 identidem
1376 2566 1571 2602 Calabriam
1594 2565 1706 2599 classe
1728 2574 1785 2597 m-

336 2605 567 2647 festaverunt,
614 2612 722 2657 igitur
748 2615 995 2650 Constantinus
1017 2627 1106 2659 non,
1139 2619 1179 2649 ut
1200 2625 1300 2648 socer
1319 2614 1430 2659 ipsius
1453 2613 1604 2654 fecerat,
1637 2611 1786 2644 Sarace-

338 2662 401 2685 nos
424 2653 570 2688 delinire
593 2664 628 2692 et
649 2671 767 2703 pacem
792 2673 865 2696 cum
891 2661 942 2695 eis
964 2672 1135 2695 renovare
1154 2660 1295 2703 volens,
1329 2659 1392 2694 sed
1414 2657 1505 2692 bello
1528 2660 1644 2702 potius
1665 2656 1786 2707 decer-

338 2708 443 2740 nere,
477 2702 664 2737 exercitum
698 2706 848 2741 validum
883 2707 1011 2751 coegit.
1058 2717 1204 2751 eumque
1239 2706 1327 2739 duce
1359 2704 1509 2750 patricio
1539 2702 1720 2736 Malaceno
1750 2710 1787 2753 13¹

338 2742 535 2779 Calabriam
565 2747 677 2793 misit,
711 2758 747 2786 et
780 2752 989 2797 coniungere
1020 2764 1059 2787 se
1090 2763 1164 2786 cum
1195 2751 1373 2797 praefecto
1406 2750 1481 2783 eius
1511 2747 1667 2793 regionis
1687 2746 1790 2780 iusfflt

339 2789 540 2834 Paschalio,
574 2794 670 2827 cuius
694 2798 796 2841 paulo
823 2804 902 2832 ante
925 2799 1021 2832 facta
1044 2797 1193 2840 mentio,
1228 2808 1270 2831 ac
1300 2795 1470 2830 communi
1493 2805 1600 2840 opera
1622 2791 1744 2828 bellum
1768 2801 1790 2824 a

341 2839 675 2883 Carthaginensibus
699 2847 735 2876 et
759 2843 886 2878 Siculis
909 2843 1039 2878 illatum
1062 2843 1264 2879 defendere.
1313 2841 1485 2888 praefecit
1515 2839 1620 2875 etiam
1649 2837 1791 2872 Macro·
