1916 3210
725 154 1176 200 ANNOTATIONES.
1587 154 1685 202 851

213 264 334 307 locum
353 262 510 304 Homeri
531 264 718 317 suspicor,
745 276 869 316 neque
892 263 1051 304 voluisse
1070 265 1249 318 templum
1271 265 1518 306 adolescentis
1537 268 1686 308 nomine

209 321 374 362 afficere.
431 321 500 360 sed
519 318 623 362 νεών
649 318 737 376 (hoc
755 326 812 361 est
834 317 956 372 ναόν)
981 322 1134 362 finitima
1157 322 1407 375 appellatione
1432 323 1595 363 dixisse:
1625 338 1684 365 res

206 381 272 418 ,est
291 390 368 417 non
384 378 511 428 magni
529 378 724 427 momenti,
754 382 791 417 et
808 377 994 429 elegantia
1013 391 1090 417 non
1111 392 1381 431 usquequaque
1401 379 1564 431 elegans.
1593 381 1685 421 allu-

210 434 260 474 sit
277 439 402 474 autem
419 434 469 472 ad
480 433 674 474 Phoenicis
693 434 808 474 verba
821 434 926 474 Iliad.
942 435 989 476 9:
1019 430 1114 476 οὐδ’
1133 435 1175 476 εἴ
1187 435 1256 477 κέν
1275 451 1345 489 μοι
1363 432 1562 490 ὑποσταίη
1583 435 1684 488 θεᾶς

210 485 334 539 αὐτὸς
347 492 477 546 ,γῆρας
496 485 704 540 ἀποξύσας
727 487 876 545 θήσειν
896 489 992 533 νέον
1008 488 1219 545 ήβῶωντα.
1277 494 1378 545 quod
1396 499 1550 547 propter
1566 495 1684 549 impe·-

206 548 355 587 ritiores
374 551 528 588 annoto.

323 608 355 643 t.
373 603 410 642 11
435 616 475 655 p.
493 605 576 646 233
598 615 636 644 v,
658 605 723 646 11.
784 603 845 642 ad
859 602 1040 656 Fontem]
1071 602 1116 645 ἐν
1136 606 1190 660 τῇ
1210 607 1324 661 πηγῇ
1329 620 1339 645 :
1368 608 1557 659 proprium
1575 613 1682 662 puto,

208 661 268 701 vel
287 655 381 701 κατ’
399 655 553 713 ἐξοχήν.
581 660 692 712 paulo
708 665 795 713 post
812 660 945 713 plurali
961 673 1114 700 numero
1133 660 1176 703 ἐν
1196 668 1344 714 πηγαῖς
1364 664 1414 701 ad
1434 664 1557 705 sontes
1575 668 1682 707 verti.

206 717 524 772 δοξολογοῦντας
544 717 655 770 paulo
675 722 762 770 post
778 718 873 757 verti
892 718 1085 767 doctores,
1114 719 1360 759 coniecturam
1380 726 1547 772 secutus,
1581 724 1684 774 quod

207 774 376 874 {ipa'noxix
391 774 512 814 minus
545 787 658 827 quam
683 774 890 814 cantoribus
913 775 1106 828 probabile
1133 776 1182 816 sit
1202 781 1310 817 aucta
1332 781 1398 816 aut
1419 778 1519 818 facta
1539 780 1683 833 stipen-

377 845 448 873 Ἡ..

320 891 350 928 t.
372 888 408 947 ll
434 901 474 942 p.
493 886 578 931 243
601 900 638 927 v.
658 886 726 931 24.
790 885 812 929 ὃ
829 883 1009 942 γενικός]
1033 888 1198 941 intellige
1217 887 1454 944 λογοθέτην.
1484 890 1621 934 GOAR.

319 948 350 985 t.
367 945 403 984 11
431 959 468 998 p.
490 942 576 986 244
597 957 632 986 v.
649 947 691 988 8.
749 947 833 993 τοῖς
853 947 1053 994 πολιτείας
1076 946 1328 1001 μαγίστροις]
1359 949 1546 999 plerisque
1558 950 1681 1001 magi-

206 1002 278 1042 stri
302 1002 452 1042 nomine
474 1002 614 1054 passim
644 1002 683 1040 in
700 1000 770 1040 hac
791 1002 943 1041 historia
965 1003 1172 1053 insignitis,
1215 1016 1264 1042 an
1288 1005 1490 1044 officiorum
1512 1006 1569 1045 vel
1587 1008 1681 1046 mili-

204 1060 303 1109 tiae,
326 1063 399 1102 etc.
456 1059 521 1098 ubi
543 1071 615 1098 vox
632 1059 811 1108 occurrit,
840 1060 964 1098 veniat
987 1059 1269 1110 intelligendus,
1299 1066 1424 1112 potest
1443 1062 1530 1101 oriri
1551 1063 1682 1102 discri-

205 1128 304 1158 men.
362 1120 404 1156 at
419 1128 510 1156 sane
527 1129 610 1155 cum
628 1114 683 1156 24
699 1116 965 1167 posterioribus
987 1116 1139 1156 saeculis
1161 1116 1230 1156 hac
1252 1117 1435 1168 dignitate
1460 1121 1678 1171 conspicuos

204 1173 318 1213 fuisse
348 1174 484 1213 referat
514 1171 770 1225 Luitprandus
798 1172 884 1211 alibi
909 1178 1152 1223 memoratus,
1206 1175 1408 1222 πολιτείας
1438 1176 1680 1230 μαγίστρους

205 1230 255 1271 ab
275 1234 428 1270 auctore
444 1233 614 1279 vocatos,
650 1230 744 1279 regii
774 1230 983 1268 consistorii
1011 1234 1051 1270 et
1081 1230 1289 1270 secretioris
1312 1231 1450 1270 consilii
1470 1245 1678 1274 assessores

204 1287 454 1327 coniiciendos
482 1299 630 1339 semper
664 1299 746 1324 sum
775 1290 893 1326 ratus.
950 1287 1008 1326 cui
1032 1288 1244 1327 coniectura
1265 1301 1340 1326 non
1363 1289 1543 1340 placebit,
1587 1291 1620 1328 is
1645 1291 1679 1329 si

203 1348 351 1396 potest,
394 1344 553 1383 auctoris
580 1342 691 1381 verba
711 1344 750 1381 in
771 1343 882 1382 alium
906 1355 1054 1382 sensum
1083 1345 1334 1394 retorquebit,
1376 1346 1470 1384 sicut
1489 1345 1582 1386 haec
1602 1347 1677 1387 alia

203 1401 440 1440 Constantini
460 1401 509 1440 de
533 1398 682 1440 Admin.
710 1399 800 1451 Imp.
827 1414 859 1440 c.
876 1399 954 1443 51:
991 1398 1114 1440 Λέων
1132 1399 1157 1442 o‘
1174 1399 1361 1453 βασιλεύς
1381 1398 1679 1457 φιλοτιμότερᾶν

202 1471 291 1506 πως
321 1454 425 1510 πρὸς
450 1453 547 1505 τούς
571 1457 812 1510 μαγίστρους
837 1455 906 1496 καὶ
934 1457 1171 1511 πατρικίους
1188 1456 1255 1497 καὶ
1277 1458 1451 1506 οἰκείους
1474 1462 1679 1512 συγκλητι-

203 1510 306 1562 κοῦς
333 1514 604 1566 διακείμενος,
646 1514 779 1564 quibus
812 1513 1031 1565 dignitatem
1065 1527 1296 1553 communem
1321 1520 1360 1554 et
1389 1528 1467 1555 rem
1489 1517 1676 1566 publicam

202 1571 279 1610 suis
299 1571 455 1612 consiliis
472 1571 682 1618 iuvantem,
720 1568 837 1621 qualis
857 1574 938 1610 erat
959 1570 1114 1623 patricia
1136 1575 1176 1611 et
1194 1572 1396 1623 senatoria,
1426 1573 1674 1624 magisteriam

199 1628 316 1668 fuisse
336 1628 557 1667 manifestat.
614 1626 752 1665 GoAR.

314 1689 342 1726 t.
359 1684 396 1724 11
423 1698 462 1737 p.
481 1683 565 1727 245
592 1695 626 1724 v.
643 1683 685 1725 3.
745 1678 1008 1733 ἅνεξίσωτος]
1046 1680 1236 1738 ἕξισωτής
1269 1684 1410 1724 Suidae
1447 1684 1674 1739 Graecisque

200 1742 388 1782 modernis
405 1745 464 1781 est
482 1753 613 1781 censor
631 1744 672 1780 et
691 1745 861 1789 exactor3
888 1741 987 1781 iuxta
1003 1741 1211 1782 Blastarem
1231 1742 1260 1780 is
1279 1742 1342 1793 qui
1360 1746 1477 1781 terras
1501 1748 1541 1782 et
1562 1757 1674 1794 agros

200 1799 300 1838 inter
327 1798 467 1838 vicinos
500 1810 734 1850 possessores
768 1810 812 1836 ex
845 1810 965 1849 aequo
999 1798 1150 1849 dividit,
1189 1799 1327 1850 quique
1356 1799 1484 1838 tributi
1514 1801 1672 1853 principi

198 1855 394 1910 pendendi
413 1855 607 1908 perpensis
629 1854 912 1905 uniuscuiusque
934 1855 1069 1894 divitiis
1085 1861 1123 1895 et
1146 1855 1442 1907 possessionibus
1461 1868 1671 1897 mensuram

197 1912 386 1966 praefigit.
440 1917 770 1963 peraequatorem
789 1910 1051 1963 vectigalium
1072 1913 1116 1950 in
1137 1911 1235 1949 urbe
1260 1913 1373 1962 regia
1391 1918 1500 1951 vocat
1519 1913 1674 1952 Cassio-

199 1970 314 2009 dorus
335 1969 422 2008 Var.
442 1968 467 2010 l.
484 1971 512 2011 6
532 1969 640 2006 form.
664 1970 705 2010 6.
762 1962 999 2016 οἷνεξίσωτος
1024 1981 1111 2008 vero
1138 1968 1226 2007 nulli
1255 1968 1464 2007 huiusmodi
1485 1970 1669 2009 subiectus

198 2029 257 2067 eat
276 2025 441 2066 exactori
459 2025 519 2065 vel
538 2025 810 2077 peraequatori.
867 2024 994 2062 Gom.

312 2086 342 2121 t.
360 2082 395 2121 11
424 2095 463 2134 p.
479 2081 561 2124 249
582 2094 617 2120 ν.
639 2084 678 2124 8.
734 2080 1031 2133 Hagiopolc'ta]
1062 2081 1161 2133 apud
1178 2080 1275 2119 hunc
1293 2083 1331 2119 et
1351 2078 1487 2120 similes
1507 2081 1645 2133 scripto
1665 2087 1669 2091 ”

198 2152 260 2180 res
279 2139 374 2179 sicut
390 2140 494 2190 regia
512 2139 599 2177 urbs
623 2138 751 2190 Cpolis
772 2138 875 2187 loco,
918 2138 970 2177 ita
997 2142 1034 2177 et
1066 2151 1133 2189 pro
1158 2137 1422 2188 Hierosolymis
1441 2149 1554 2190 saepe
1578 2139 1665 2178 urbs

199 2200 328 2237 sancta
357 2193 459 2237 κατοὲ
486 2196 730 2248 περίφρασιν
757 2196 925 2247 ponitur,
965 2195 1066 2245 quod
1085 2194 1355 2233 animadvertas
1373 2193 1493 2236 facile.
1553 2200 1667 2246 atque

197 2253 390 2306 probabile
413 2257 471 2293 est
491 2254 540 2292 de
557 2253 799 2304 Hagiopolita
821 2251 1101 2301 intelligendum
1119 2251 1474 2301 Hierosolymaeum.
1503 2251 1607 2290 ΧΠ..

311 2309 366 2348 ib.
398 2323 431 2349 V.
459 2310 527 2350 11.
583 2306 982 2357 Harmonianorum]
1021 2307 1191 2345 Zonaras
1209 2320 1284 2346 non
1305 2305 1587 2360 οἱρμονιανῶν,
1626 2312 1668 2348 ut

197 2370 339 2416 noster,
366 2368 434 2406 sed
458 2362 711 2419 οἷρμενιανῶν
727 2366 839 2404 habet
853 2394 864 2414 ‚
894 2365 1214 2403 Armenianorum.
1250 2377 1295 2403 ex
1317 2363 1388 2403 hoc
1407 2365 1489 2403 loco
1510 2373 1667 2417 apparet

197 2424 255 2462 ius
273 2424 494 2476 designandi
512 2436 555 2462 ac
572 2422 754 2474 suffragiis
776 2422 936 2472 eligendi
955 2421 1188 2474 patriarchae
1209 2420 1396 2473 Cpolitani
1416 2422 1531 2461 fuisse
1547 2434 1664 2474 penes

197 2480 402 2521 Heracleae
423 2481 647 2533 episcopum.
701 2491 850 2531 praeses
869 2483 927 2517 est
948 2473 1254 2531 πρωτόθρονος,
1284 2478 1487 2531 principem
1510 2478 1549 2517 in
1571 2491 1663 2518 con-

198 2550 303 2578 sessu
319 2537 438 2577 locum
456 2538 608 2585 habens,
639 2536 765 2587 quales
787 2531 917 2590 (puto)
940 2535 1058 2573 nostri
1080 2535 1222 2574 decani.
1253 2534 1360 2576 ΧΠ..

310 2593 367 2632 ib.
402 2608 438 2633 v.
475 2596 538 2635 12.
597 2589 698 2633 κατοέ
733 2589 859 2640 πόδας
896 2589 941 2632 δὲ
973 2589 1208 2642 Στέφανον]
1252 2590 1492 2629 hallucinatur
1521 2591 1662 2641 Xylan-

197 2650 266 2690 der
294 2651 371 2690 sive
394 2652 574 2703 interpres
602 2651 680 2689 sive
709 2648 932 2688 scholiastes.
989 2649 1155 2687 bifariam
1181 2660 1306 2687 errans
1335 2648 1563 2688 emendatur.
1621 2652 1664 2687 ut

195 2708 381 2759 interpres
408 2707 477 2746 hoc
507 2712 630 2760 pacto.
686 2720 706 2743 e
734 2707 897 2757 vestigio
920 2706 962 2742 in
986 2706 1069 2743 eius
1093 2704 1225 2742 locam
1246 2705 1329 2742 Leo
1339 2703 1518 2755 fratrem
1543 2718 1662 2742 suum

201 2764 451 2816 Stephanum
465 2763 744 2814 patriarcham
766 2763 950 2814 designat
976 2776 1027 2799 ae
1044 2769 1274 2813 promovet,
1318 2774 1435 2813 quem
1458 2761 1555 2812 quia
1576 2768 1662 2799 tum

197 2822 402 2874 episcopus
426 2820 652 2859 Heracleae
681 2835 761 2859 non
788 2818 1075 2859 numerabatur
1097 2820 1199 2858 inter
1225 2820 1353 2865 rivos,
1405 2817 1661 2870 Theophanes
