1890 3236
299 163 399 213 460
771 160 1010 208 GEORGII
1043 161 1286 206 GEDRENI

293 274 322 336 ᾖ
345 276 538 322 εἲσελθὼν
558 275 624 318 καὶ
649 271 852 318 πάντοθεν
873 275 1208 331 περιστοιχισθεὶς
1235 275 1302 317 καὶ
1330 271 1488 319 ἀνωθεν
1515 272 1594 320 ὕπὸ
1621 276 1751 322 λίθων

294 348 362 389 καὶ
391 343 517 395 τόξων
540 341 810 398 βαλλόμενος,
857 341 1034 397 μηδενὸς
1065 340 1304 396 ἀμύνασθαι
1334 343 1556 399 δυναμένου
1580 345 1652 389 διὰ
1676 346 1751 402 τὴν

293 413 495 455 πύκνωσιν
515 413 583 454 καὶ
603 410 650 454 τὸ
673 415 745 466 τῆς
765 412 1031 467 στενοχωρίας
1053 408 1343 463 ἀὸιεξόὸευτον,
1378 411 1500 463 αὐτός
1528 429 1571 456 τε
1603 415 1748 466 πίπτει,

292 481 396 535 μηδὲ
428 486 517 529 ταῖς
548 479 710 529 οἰκείαις
737 481 853 535 χερσὶ
883 480 1074 533 δυνηθεὶς
1101 477 1364 535 χρήσασθαι,
1408 481 1475 522 καὶ
1505 481 1608 524 πολὺ
1625 483 1751 540 μέρος

293 548 367 591 σὺν
400 547 511 605 αὐτῷ
544 546 724 590 ἀπώλετο
757 552 830 589 τοῦ
860 551 1049 603 στρατοῦ.
1118 546 1221 605 ἅπερ
1248 548 1482 603 μηνυθέντα
1506 554 1565 607 τῷ
1590 553 1781 604 fiand-&2⁹5

292 620 444 671 πολλῆς
475 614 597 658 αὐτὸν
623 615 832 670 ἐνέπλησεν
852 615 1048 669 ἀθυμίας.
1116 614 1216 659 ὅθεν
1245 618 1312 658 καὶ
1339 617 1582 675 προσωτέρω
1604 624 1749 676 χωρεῖν
1789 658 1792 662 ,

294 684 368 726 οὐκ
399 683 567 741 ἔκρινεν,
613 683 711 726 ἀλλ’
735 681 998 741 ὑποστρέψας
1025 678 1154 740 ἦλθεν
1182 685 1238 735 εἲς
1263 685 1315 727 τὰ
1338 684 1544 742 Ζαγόρια,
1578 685 1683 729 ἔνθα
1703 685 1750 730 τὸ

240 761 273 796 D
296 754 385 794 λίαν
405 750 660 809 ὀχυρώτατον
673 753 839 809 ἵδρυται
860 751 1054 809 φρούριον
1072 749 1094 795 ὃ
1114 753 1340 804 Μελένικος
1349 785 1362 805 ,
1397 754 1464 796 ἐπί
1479 771 1587 804 τινος
1602 755 1751 811 πέτρας

294 821 507 878 ἱδρυμένον
529 826 721 876 κρημνοῖς
740 822 808 862 καὶ
827 819 1003 877 φάραγξι
1022 820 1282 874 βαθυτάταις
1298 821 1502 864 πάντοθεν
1521 823 1751 879 ἐστεφανω-

291 889 435 942 μένης·
470 890 511 931 ἓν
533 883 567 946 ᾧ
587 888 624 930 οἱ
646 893 718 943 τῆς
734 887 960 945 περιχώρου
981 888 1182 933 πάντοθεν
1204 889 1502 947 καταφυγόντες
1519 889 1749 949 Βοόλγαροι
1763 899 1807 936 1⁰

290 957 406 1013 ὀλίγα
435 961 515 999 τῶν
540 954 749 1011 Ῥωμαίων
782 956 1026 1014 ἐφρόντιζον.
1094 958 1197 1015 πρὸς
1228 957 1298 1008 οὓς
1326 957 1348 1001 ὃ
1374 959 1567 1013 βασιλεὺς
1585 958 1750 1016 Σέργιόν

290 1043 381 1068 τινα
399 1025 598 1079 ἕκτομιάν,
630 1025 697 1068 ἕνα
714 1029 794 1069 τῶν
814 1024 1064 1069 οἰκειοτάτων
1082 1026 1193 1085 αῧτῷ
1208 1026 1529 1083 θαλαμηπόλων,
1548 1028 1752 1082 ἐκπέμπει,

290 1092 423 1147 ἄνδρα
449 1092 627 1152 φρενήρη
657 1111 699 1136 τε
728 1095 796 1136 καὶ
825 1094 954 1137 δεινὸν
975 1096 1107 1147 εἰπεῖν,
1143 1094 1467 1152 ἀποπειρώμενος
1491 1100 1564 1152 τῆς
1589 1095 1752 1152 γνώμης

291 1162 438 1204 αὐτῶν.
508 1156 625 1212 οὗτος
642 1163 685 1204 δ’
711 1163 833 1206 ἐκεῖσε
853 1161 1063 1218 γενόμενος
1080 1165 1147 1206 καὶ
1166 1167 1334 1214 πολλαῖς
1344 1163 1600 1221 χρησάμενος
1618 1169 1751 1209 πιθα-

290 1232 490 1286 νολογιάις
519 1229 784 1284 μεταδιδάξαι
816 1230 953 1285 ἴσχυσε
980 1231 1076 1282 τοὺς
1102 1230 1349 1288 ἀνθρώπους
1378 1233 1424 1275 τὸ
1458 1233 1561 1286 δέον,
1601 1236 1669 1276 καὶ
1696 1234 1748 1277 τὰ
1762 1241 1805 1277 15

291 1297 398 1340 ὅπλα
419 1300 720 1352 καταθεμένους
746 1301 999 1355 παραδοῦναι
1020 1304 1080 1358 τῷ
1098 1304 1264 1354 βασιλεῖ’
1278 1299 1446 1351 ἑαυτοὺς
1463 1303 1531 1343 καὶ
1552 1301 1598 1345 τὸ
1620 1299 1751 1360 φρού-

291 1384 392 1421 ριον.
460 1365 530 1416 οὓς
559 1365 852 1420 ἀποδεξάμενος
874 1365 894 1410 ὃ
914 1367 1107 1421 βασιλεὺς
1125 1370 1194 1410 καὶ
1214 1368 1617 1427 φιλοφρονησάμενος
1638 1371 1751 1422 ἀξιο-

289 1440 472 1491 πρεπῶς,
508 1436 574 1477 καὶ
606 1436 792 1491 φρουρὰν
824 1440 883 1493 τῷ
912 1437 1095 1494 φρουρίῳ
1123 1437 1197 1491 τὴν
1227 1438 1435 1495 ἀρκοῦσαν
1468 1437 1751 1494 ἕγκατατάξας,

289 1504 439 1557 μετέβη
462 1503 564 1560 πρὸς
585 1502 924 1546 Μοσυνούπολιν·
969 1506 1010 1546 ἐν
1035 1499 1063 1562 ᾗ
1086 1503 1263 1560 διάγοντι
1284 1504 1414 1564 τούτῳ
1437 1509 1505 1548 καὶ
1526 1505 1548 1548 ὅ
1570 1511 1644 1550 τοῦ
1662 1511 1750 1550 Σα-

290 1572 424 1626 μουὴλ
458 1571 689 1626 ἀγγέλλεται
717 1570 899 1621 θάνατος
931 1571 1033 1614 κατὰ
1063 1573 1137 1626 τὴν
1161 1571 1222 1615 κδ’
1242 1579 1314 1616 τοῦ
1343 1573 1590 1631 Ὄκτωβριόυ
1608 1575 1805 1631 perficis-,20

151 1646 179 1679 P
203 1632 269 1683 709
292 1642 358 1682 καὶ
387 1639 513 1689 εὐθὺς
545 1637 565 1681 ὅ
595 1639 787 1693 βασιλεὺς
823 1639 985 1696 ἀπάρας
1023 1641 1067 1683 ἐκ
1096 1640 1451 1693 Μοσυνουπόλεως
1486 1642 1660 1687 κάτεισιν
1694 1647 1750 1696 εἰς

295 1708 606 1762 Θεσσαλονίκην,
652 1708 839 1750 κάκεῖθεν
860 1707 1015 1751 ἄπεισιν
1036 1710 1091 1759 εἷς
1108 1711 1375 1766 Πελαγονιάν,
1409 1712 1535 1765 μηδὲν
1556 1711 1750 1766 λυμαινό-

290 1793 410 1830 μενος
431 1780 508 1819 τῶν
529 1777 570 1817 ἐν
590 1777 720 1828 ποσίν,
747 1776 839 1819 ἀλλ’
859 1775 884 1831 ἢ
904 1775 1011 1830 μόνα
1031 1776 1294 1834 πυρπολήσας
1311 1779 1363 1821 τὰ
1384 1780 1426 1821 ἐν
1444 1782 1648 1839 Βουτελίῳ
1668 1786 1750 1835 βα-

290 1846 418 1888 σίλεια
436 1849 509 1888 τοῦ
526 1845 568 1885 Γ
564 1844 726 1902 αβριήλ.
794 1844 962 1901 πέμψας
981 1846 1025 1889 δὲ
1042 1848 1109 1889 καὶ
1127 1847 1321 1904 στρατιὰν
1329 1851 1537 1905 χειροῦται
1554 1848 1600 1892 τὸ
1617 1848 1750 1907 φρού-

380 1977 400 2010 1
425 1972 717 2019 περιστοιχηθεὶς
740 1974 771 2009 C
910 1977 931 2012 8
952 1977 1120 2020 μελνῖκος
1142 1977 1172 2013 C
1305 1979 1349 2013 19
1370 1974 1622 2022 μοσυνᾶπολιν
1643 1979 1686 2025 C,
1712 1982 1748 2015 et

378 2032 458 2056 mox
480 2020 763 2065 μοσυνοπόλεως
899 2023 1036 2058 τοῦτον
1060 2023 1090 2057 C
1226 2024 1272 2059 23
1293 2021 1451 2070 βουτέλη
1475 2024 1507 2058 C

289 2134 613 2181 circumventusque
637 2138 673 2170 et
695 2136 846 2181 desuper
868 2135 962 2171 saxis
986 2136 1136 2182 telisque
1159 2136 1310 2182 petitus,
1347 2135 1440 2172 omni
1473 2148 1512 2172 se
1536 2137 1747 2174 defendendi

287 2187 479 2226 praerepta
508 2182 676 2216 facultate
709 2184 754 2217 ob
788 2193 1005 2228 compressos
1035 2184 1072 2217 in
1104 2188 1216 2217 artum
1240 2182 1380 2218 ordines
1404 2187 1441 2217 et
1460 2182 1530 2218 loci
1551 2183 1747 2228 angustiam

287 2227 379 2260 omni
403 2228 499 2262 exitu
522 2229 697 2273 carentis,
731 2239 806 2262 cum
837 2240 962 2273 magna
993 2229 1048 2263 sui
1081 2229 1256 2262 exercitus
1285 2235 1385 2274 parte
1406 2228 1510 2274 perit.
1557 2229 1748 2283 imperator

287 2284 328 2306 ea
353 2273 450 2307 clade
474 2274 634 2309 nuntiata
658 2274 840 2308 maximum
864 2274 1025 2320 percepit
1047 2274 1221 2318 dolorem,
1256 2280 1294 2308 et
1315 2275 1481 2319 progredi
1513 2274 1655 2310 ulterius
1677 2287 1747 2311 non

287 2329 390 2352 ausus
415 2323 510 2353 retro
536 2319 624 2354 abiit
647 2321 690 2354 ad
714 2320 888 2365 Zagofia,
914 2320 974 2355 ubi
997 2320 1173 2354 castellum
1196 2325 1271 2354 erat
1293 2320 1484 2355 Melcnicus
1506 2321 1611 2366 longe
1633 2321 1747 2355 muni-

286 2364 468 2408 tissimum,
495 2377 579 2400 saxo
601 2365 799 2411 impositum
828 2370 863 2400 et
885 2366 1102 2411 praecipitiis
1129 2366 1347 2411 vallibusque
1367 2366 1645 2411 profundissimis
1673 2367 1749 2401 cin-

287 2416 392 2443 ctum.
440 2423 481 2445 eo
507 2423 552 2445 ex
574 2411 707 2446 vicinia
729 2411 859 2457 passim
881 2413 1113 2456 confugerant
1133 2411 1289 2457 Bulgari‚
1312 2412 1545 2447 Romanorum
1567 2413 1749 2447 admodum

288 2456 415 2489 securi.
464 2455 507 2490 ad
538 2468 598 2492 eos
628 2458 820 2502 imperator
851 2458 957 2492 mittit
987 2457 1148 2502 Sergium
1179 2458 1387 2503 spadonem,
1418 2469 1522 2492 unum
1551 2469 1595 2492 ex
1616 2457 1748 2492 intimis

289 2501 361 2535 suis
391 2502 540 2536 cubiculi
574 2503 764 2548 ministris,
797 2503 967 2538 hominem
1001 2505 1179 2538 cordatum
1202 2515 1243 2537 ac
1265 2504 1471 2547 facundum,
1508 2503 1568 2548 qui
1592 2503 1747 2549 ipsorum

289 2546 422 2580 animos
444 2548 714 2593 periclitaretur.
761 2549 793 2583 is
825 2549 931 2584 multa
961 2549 1138 2584 suadendo
1166 2554 1272 2594 atque
1294 2549 1523 2594 probabiliter
1543 2549 1750 2584 disserendo

292 2603 352 2625 cos
378 2605 419 2626 eo
443 2595 598 2639 adduxit,
635 2599 674 2629 ut
695 2606 768 2629 rem
791 2601 890 2630 recta
913 2596 972 2630 via
993 2600 1197 2640 reputantes
1220 2595 1347 2641 positis
1370 2596 1474 2629 armis
1499 2606 1538 2629 se
1562 2599 1598 2630 et
1620 2594 1748 2629 castel-

288 2638 359 2672 lum
382 2639 582 2683 imperatori
606 2641 786 2675 dederent.
836 2653 923 2686 quos
946 2641 1137 2686 imperator
1160 2640 1400 2675 humanissime
1423 2640 1584 2686 excepit3
1617 2646 1654 2675 et
1685 2651 1745 2674 ca-

288 2684 390 2718 stello
419 2685 595 2729 praesidio
630 2686 820 2721 sufficienti
842 2686 1006 2732 imposito
1028 2686 1276 2732 Mosynopolin
1299 2685 1419 2721 rediit.
1465 2686 1516 2720 ibi
1541 2686 1575 2720 ei
1597 2685 1745 2720 moranti

287 2730 429 2764 nuntius
454 2731 497 2764 de
521 2731 618 2766 obitu
645 2732 800 2766 samueli
832 2733 1000 2776 affertur,
1035 2731 1205 2776 vigesima
1228 2737 1351 2777 quarta
1375 2731 1541 2766 Octobris
1563 2731 1634 2766 die.
1682 2742 1745 2764 ex-

286 2775 368 2808 inde
391 2775 507 2809 statim
530 2777 753 2822 Mosynopoli
780 2777 1067 2812 Thessalonicam
1092 2778 1183 2823 abit,
1214 2784 1322 2822 atque
1344 2777 1425 2811 hinc
1456 2778 1499 2811 ad
1522 2775 1744 2821 Pelagoniam

285 2831 395 2865 nsque
418 2821 653 2866 proficiscitur
676 2823 767 2858 nullo
790 2835 867 2858 cum
889 2823 1076 2869 maleficio,
1099 2824 1168 2859 nisi
1189 2824 1282 2869 quod
1304 2823 1438 2869 regiam
1461 2821 1620 2858 Gabrieli
1634 2823 1742 2856 Bute-
