1916 3210
323 159 421 207 906
911 158 1156 206 FABROTI

431 268 629 310 ἰέδικτον
665 267 834 308 edictum.
891 269 1103 309 cedrenus.
1093 281 1105 291 ·
1143 267 1341 311 ἐκτίθεται
1372 268 1537 312 famum.
1590 270 1762 311 Glossar.

320 326 433 365 Iuris:
471 325 659 372 ἐδίκτοις,
688 319 896 372 διατάξεσι.
953 325 1231 376 theophanes
1222 340 1259 364 m
1278 327 1469 366 Heraclio·
1499 326 1695 368 ἐκτίθεται
1715 325 1762 368 vd

320 378 526 434 λεγόμενον
546 381 708 420 ι’δικτον.
764 379 912 429 Agatho
932 380 992 419 PP
1012 383 1118 434 epist.
1139 383 1188 420 ad
1205 383 1436 422 Constantia.
1455 382 1602 422 Heracl.
1617 387 1656 423 et
1672 383 1761 425 Τὶ1).

319 439 467 485 (exstat
488 437 629 486 Synod.
650 436 878 475 Constantin.
900 439 926 478 6
948 441 1018 475 act.
1037 437 1125 506 4Η)ι
1149 433 1426 507 ’Λπολιναρίου
1445 438 1645 491 αἰρετικοῦ
1662 437 1762 480 κατὰ

318 488 538 560 Διοδώρου
557 488 657 543 πρὸς
686 507 730 531 το
753 492 946 561 κείμενον
965 492 1008 533 ἐν
1026 495 1080 548 τῷ
1096 489 1244 549 η’ὃίκτω
1267 496 1338 546 τῆς
1357 490 1580 546 ὄρθοδόξου
1597 495 1764 543 πίστεως

318 551 390 587 τοῦ
418 547 461 587 ἐν
492 543 647 600 εὐσεβεῖ
673 549 724 617 τῆ
763 543 898 603 μνήμῃ
935 533 1217 591 Ἰουστινιανοῦ
1244 553 1316 591 τοῦ
1345 548 1546 618 βασιλέως.
1602 549 1763 604 Nioeph

319 604 459 642 Callist.
483 606 534 645 17
564 607 639 646 29·
667 619 711 644 το
735 589 948 656 Ῥωμαϊστὶ
968 600 1260 658 ὀνομαζόμενον
1279 604 1441 659 ἤδικτον
1462 603 1675 660 γράφει..

430 666 677 710 ἰκανάτον
705 670 863 709 cohortis
885 684 1029 710 nomen.
1067 672 1238 723 Synodus
1257 675 1284 716 8
1302 668 1503 713 Oecnmen.
1523 677 1596 714 act.
1619 674 1664 714 1:
1692 671 1763 713 δο-

319 723 498 778 μέστικος
521 723 732 766 ἰκανάτων.
788 726 1037 778 Menologium
1053 729 1131 766 Iulii
1150 730 1188 770 d.
1211 732 1257 771 1:
1292 730 1367 782 δομ
1371 728 1524 770 ἐστικον
1542 723 1662 770 αὐτὸν
1680 742 1763 769 των

320 779 520 822 ἰκανάτων
544 779 828 835 προεστήσατο.
882 797 917 822 v.
937 784 1126 823 Constant.
1151 787 1173 827 1
1200 786 1248 824 de
1267 785 1377 825 them.
1396 784 1436 827 5.

433 845 766 915 ἰλλουστριος
785 849 948 888 illustris.
1002 849 1174 890 Arrianus
1203 852 1325 904 Epict.
1355 855 1380 894 3
1411 865 1444 891 c
1472 851 1538 892 ult.
1563 850 1763 904 Nicephor.

320 904 460 944 Callist.
477 907 527 946 17
553 904 624 946 14.
655 901 896 959 ἰλλούστριος
911 904 955 947 δέ
967 921 1026 954 τις
1045 903 1174 955 (ἰξίαν.
1204 908 1344 948 Psellus
1362 908 1762 960 Synopseosv.1255-

318 960 445 1057 2231οέ
464 966 648 1058 persecut
677 961 756 1003 Afr.
783 963 858 1002 dixi
885 963 934 1002 ad
962 963 1217 1016 Theophilum.
1276 968 1314 1005 et
1340 977 1377 1006 v,
1402 965 1526 1028 Cuiac.
1554 964 1604 1003 ad
1625 963 1695 1006 lib
1708 964 1761 1005 12

434 1083 707 1134 ἰνδικτίων,
735 1084 975 1134 ῗνὸικτος.
1027 1086 1200 1137 indictus,
1221 1088 1382 1127 indictio.
1439 1086 1637 1138 Gregorius
1655 1085 1762 1125 Tau-

320 1141 558 1179 rominitanus
577 1147 671 1183 orat.
689 1143 736 1181 de
751 1143 901 1182 Indice:
940 1138 1041 1194 α’ρχη
1059 1146 1130 1194 τῆς
1148 1146 1334 1196 χρονικῆς
1350 1139 1522 1195 ὑπάρχει
1540 1136 1764 1194 ἀνακυκλή-

321 1209 439 1244 σεως,
482 1197 636 1238 ἰ’νδικτα
662 1198 851 1251 λεγομένη
878 1200 930 1253 τῇ
956 1197 1164 1251 Ῥωμαίων
1185 1203 1319 1255 φωνῇ.
1371 1200 1431 1238 alii
1454 1200 1620 1239 tribuunt
1637 1198 1763 1238 Theo-

318 1253 432 1303 phani
452 1254 628 1293 Cerameo
653 1256 750 1293 arch.
777 1255 1027 1294 Tauromenit.
1055 1256 1084 1293 S
1103 1242 1287 1294 Maximus
1311 1257 1348 1294 in
1366 1256 1549 1323 Computo
1565 1254 1760 1294 ecclesiast.

317 1323 351 1348 c.
374 1311 442 1350 33
502 1310 645 1349 Isaacus
665 1324 762 1349 mon.
778 1311 816 1349 in
834 1312 1018 1362 computo
1039 1325 1069 1352 c.
1091 1314 1134 1352 1:
1176 1308 1387 1360 ἰ’νδικτος
1368 1308 1455 1364 η’τις
1474 1310 1541 1351 καὶ
1561 1306 1763 1351 ἰνὸικτιων

316 1363 385 1405 καὶ
406 1364 630 1417 ἐπινέμησις
649 1365 809 1420 λέγεται.
869 1368 1100 1406 indictionem
1116 1373 1237 1406 autem
1265 1369 1312 1407 ab
1334 1368 1592 1407 indictionibus
1611 1366 1680 1405 dici
1699 1379 1763 1404 ve-

315 1421 390 1458 rius
406 1427 476 1469 est,
504 1435 599 1472 quae
618 1437 697 1461 cum
716 1436 860 1462 annuae
880 1427 1013 1472 essent,
1042 1424 1128 1462 inde
1144 1429 1343 1476 coeperunt
1362 1425 1446 1463 anni
1466 1437 1531 1475 per
1546 1423 1761 1461 indictiones

315 1479 521 1525 numerari,
561 1484 600 1516 ut
623 1480 735 1517 tradit
760 1492 920 1517 summus
939 1480 1027 1518 iuris
1043 1481 1221 1531 interpres
1240 1481 1287 1518 ad
1305 1482 1360 1519 tit.
1381 1481 1413 1518 C
1433 1481 1480 1519 de
1498 1477 1763 1518 indictionibus.

244 1548 246 1550 ’
315 1534 530 1573 indictiones
557 1539 676 1573 autem
703 1539 786 1573 sunt
811 1537 956 1574 tributa.
1013 1536 1052 1579 b.
1079 1535 1340 1585 Augustinus·
1330 1550 1368 1574 ιιι
1386 1535 1516 1575 Psalm.
1537 1535 1612 1576 49·
1651 1530 1764 1586 quod

313 1590 493 1639 vectigal
515 1590 631 1627 nobis
655 1590 814 1640 indicit,
854 1592 1045 1642 quoniam
1069 1592 1203 1629 voluit
1224 1606 1302 1629 esse
1324 1606 1390 1629 rex
1412 1598 1543 1629 noster
1566 1596 1603 1627 et
1630 1589 1762 1628 voluit
1802 1601 1805 1605 ’

313 1658 388 1682 nos
425 1659 504 1682 esse
531 1648 789 1697 provinciam
816 1661 949 1685 suam.
1006 1646 1225 1686 audiamus
1260 1646 1498 1685 indictiones
1529 1647 1638 1695 eiu-⁵⁵,
1681 1659 1762 1683 non

313 1700 482 1752 trepidet
498 1716 657 1753 pauper
680 1703 756 1741 sab
780 1702 998 1741 indictione
1018 1703 1094 1741 dei.
1150 1717 1184 1745 v.
1205 1705 1403 1743 Ciaconum
1418 1704 1468 1743 ad
1480 1703 1706 1742 Cassianum.

427 1776 794 1833 καβαλλαρικά,
833 1778 1192 1835 καβαλλᾶριος,
1229 1776 1634 1834 napaei-tammam
1689 1778 1765 1820 θέ-

318 1849 420 1888 ματα
438 1834 708 1889 καβαλλαρικοὲ
727 1838 827 1889 apud
847 1838 1054 1877 Cedrenum
1073 1842 1110 1876 et
1128 1838 1403 1890 Theophanem.
1460 1837 1640 1888 equestris
1659 1849 1765 1875 exer-

317 1893 407 1929 citus
435 1890 719 1946 καβαλλαρικὸς
749 1891 929 1947 στρατός,
958 1894 1149 1932 Constant.
1171 1895 1340 1944 Synodus
1361 1894 1590 1932 Florentina:
1617 1890 1684 1932 uoci
1703 1890 1763 1932 ἔλ-

317 1944 463 1995 θόντες
494 1949 536 1988 οἱ
564 1949 790 2015 ἔμπροσθεν
821 1946 1090 2003 καβαλλάριοι.
1145 1950 1316 2002 Theoph.
1349 1950 1388 1988 in
1418 1949 1605 1988 Heraclio:
1648 1947 1691 1989 οἱ
1717 1945 1763 1988 δὲ

320 2003 471 2055 Πέρσαι
512 2001 779 2056 καβαλλαριοι.
847 2007 1002 2045 Ioannes
1041 2006 1211 2045 Moschus
1248 2005 1444 2044 Limonarii
1483 2018 1514 2045 c.
1549 2006 1615 2045 72.
1678 2004 1762 2042 hinc

317 2058 627 2111 καβαλλικεύειν.
683 2062 852 2114 Theoph.
880 2063 917 2100 in
943 2062 1107 2104 Theod..
1136 2061 1205 2102 καὶ
1228 2057 1283 2102 δι’
1308 2061 1470 2102 ἐκείνων
1489 2055 1759 2112 ἐκαβαλλικεύ-

316 2128 453 2168 σαμεν.
510 2118 743 2156 constantin.
767 2120 805 2157 in
831 2119 962 2157 Tacta
996 2114 1074 2158 ἀπὸ
1103 2114 1281 2187 μεγάλων
1306 2133 1381 2170 γαρ
1409 2113 1611 2157 κινδύνων
1637 2117 1761 2155 ταῦτα

317 2169 553 2220 διασώζουσι
572 2172 760 2222 πολλάκις
778 2171 826 2214 τὰ
846 2170 1017 2224 ἱππᾶρια
1035 2190 1103 2215 και
1122 2171 1177 2215 δι’
1199 2170 1329 2214 αὐτῶν
1348 2188 1440 2220 τους
1459 2168 1761 2239 καβαλλικεύον-

315 2245 385 2276 τας
416 2225 530 2269 αὐτά.
586 2231 682 2269 idem
709 2232 757 2269 de
782 2232 980 2270 administr.
1007 2232 1093 2283 imp.
1121 2244 1152 2269 c.
1182 2231 1252 2273 15.
1283 2245 1330 2270 ov
1362 2224 1688 2281 καβαλλικεύουσι
1716 2224 1759 2268 δὲ

315 2285 476 2332 ι’τπους.
533 2284 688 2326 Achmes
706 2300 737 2326 c.
757 2287 859 2329 235:
887 2284 958 2327 ἐαν
985 2286 1051 2355 ἴδῃ
1080 2302 1138 2334 τις
1164 2283 1225 2327 ότι
1246 2286 1544 2338 ἐκαβαλλίκευσε
1563 2285 1759 2337 βορδῶνα.

315 2342 540 2379 Glossarium
559 2356 631 2381 ms:
674 2339 958 2395 καβαλλικεύει,
988 2339 1199 2395 αποβαίνει
1215 2340 1286 2383 τὸν
1306 2343 1445 2384 ἵππον.
1499 2343 1613 2379 utitur
1628 2340 1760 2379 Actua-

314 2399 387 2435 rius
417 2398 476 2436 lib.
507 2398 594 2451 περὶ
616 2398 841 2446 συνθέσεως
861 2415 1092 2452 φαρμακων.
1149 2400 1201 2438 sic
1230 2399 1353 2438 Latini
1382 2398 1600 2437 recentiores
1629 2408 1759 2446 equum

315 2453 497 2492 caballare
527 2455 585 2493 vel
617 2456 827 2495 caballicare
858 2457 1037 2494 dixerunt.
1111 2455 1201 2505 legIs
1234 2455 1374 2494 salicae
1399 2455 1457 2492 tit.
1487 2454 1561 2493 26:
1604 2459 1642 2489 et
1671 2465 1760 2488 eum.

316 2509 545 2560 (caballum)
575 2511 845 2549 caballaverit.
906 2512 996 2561 legis
1018 2512 1256 2562 Langobard.
1285 2511 1341 2549 tit.
1364 2510 1442 2551 105
1473 2508 1498 2561 §
1521 2511 1592 2550 17:
1621 2509 1657 2545 si
1672 2507 1760 2559 quis·

316 2564 519 2602 caballum
544 2567 718 2605 alienam
742 2568 960 2605 ascenderit
981 2575 1017 2604 et
1039 2569 1146 2605 intra
1164 2568 1351 2604 viciniam
1370 2573 1525 2603 tantam
1543 2563 1760 2602 caballica-

318 2622 428 2657 verit.
489 2623 733 2673 Sangallensis
761 2625 785 2664 1
811 2626 858 2663 de
884 2625 995 2674 gestis
1021 2624 1142 2662 Carol.
1167 2624 1316 2673 Magni:
1338 2635 1412 2672 per
1436 2634 1620 2671 campum
1641 2621 1761 2656 istum

319 2675 578 2716 caballicans.
638 2693 661 2718 a
682 2680 836 2718 caballo:
862 2681 1026 2719 videntur
1045 2685 1167 2719 tamen
1185 2679 1307 2717 Latini
1323 2679 1391 2716 hac
1407 2691 1494 2716 voce
1512 2678 1562 2715 uti
1580 2689 1646 2728 pro
1665 2688 1759 2726 equo

318 2732 451 2771 viliore.
506 2735 541 2772 b.
567 2735 811 2787 Hieronymus
835 2738 940 2786 epist.
965 2737 1013 2774 ad
1038 2736 1295 2774 Heliodorum:
1324 2735 1532 2786 statimque
1557 2744 1761 2770 cernamus

319 2790 486 2839 sagittas
503 2790 619 2840 pilis,
647 2793 771 2830 tiaras
788 2792 935 2844 galeis,
964 2790 1140 2830 caballos
1162 2792 1269 2844 equi-s
1289 2790 1430 2830 cedere.
