1890 3236
321 225 416 273 134
790 223 1025 269 GEORGII
1059 224 1304 269 GEDRENI

314 342 373 391 εἰς
404 336 548 397 φυγήν.
613 340 694 380 τῶν
726 336 770 379 δὲ
802 332 999 394 Τούρκων
1020 333 1218 391 ἐπιμὸνως
1237 337 1458 396 χρωμένων
1476 341 1531 397 τῇ
1547 339 1683 402 rogel?
1699 343 1768 386 καὶ

313 409 360 452 τὸ
378 409 626 450 καταδιῶκον
640 408 722 447 τῶν
732 402 942 459 Ῥωμαίων
960 403 1322 462 ἀνακεκρουκότων,
1337 409 1605 465 παλίντροπον
1619 409 1768 466 συνέβη

311 475 498 533 γενέσθαι
517 472 590 529 τὴν
608 471 765 528 μάχην·
792 474 851 528 μὴ
874 472 1087 528 δυνάμενοι
1106 473 1185 532 γὰρ
1202 475 1241 517 οἱ
1251 472 1443 530 Ῥωμαῖοι
1461 476 1514 519 τὰ
1530 481 1611 520 τῶν
1631 476 1769 535 Τοῦρ·

310 560 392 586 κων
413 542 547 599 φέρειν
567 539 794 597 τοξεύματα
816 546 874 600 τῷ
895 541 1127 597 βάλλεσθαι
1150 546 1377 600 καρτερῶς,
1410 548 1519 588 νῶτα
1540 543 1677 596 δόντες
1698 545 1769 590 τῦν

309 610 482 665 βασιλέα
498 609 722 653 κατέλιπον.
790 610 837 652 οὗ
854 611 938 666 μὴν
958 612 1026 654 καὶ
1046 610 1084 653 οἶ
1099 614 1180 654 τῶν
1197 609 1413 668 ταγμάτων
1430 611 1596 671 ἴξαρχοι
1611 613 1706 657 οὐδ’
1729 613 1800 658 οἱὸ

309 679 471 735 Πέρσαι
498 682 617 722 τοῦτο
650 678 864 734 ἠνέσχοντο
893 681 1066 737 δρᾶσαι,
1102 679 1207 722 ἀλλὰ
1230 678 1485 738 περιστάντες
1505 681 1575 726 τὸν
1594 683 1782 738 βασιλέα

309 745 521 804 εὐρώστως
542 745 680 800 σώζειν
701 747 922 803 ἠπείγοντο.
989 749 1057 790 καὶ
1076 747 1151 790 κᾶν
1171 747 1378 792 ἀπώλοντο
1397 751 1596 806 πανδημεὶ
1617 750 1656 794 ὀἱ
1675 752 1768 809 περὶ

308 815 380 858 τὸν
396 815 592 870 βασιλέα,
629 818 663 858 εἲ
677 816 736 871 μὴ
755 816 827 866 νὺξ
848 816 1000 871 ἐπῆλθε
1021 818 1088 859 καὶ
1106 816 1264 873 βραχὺς
1283 818 1325 868 ἐξ
1346 816 1523 875 οὖρανοῦ
1537 818 1766 875 κατηνέχθη

307 881 422 935 ὖετὸς
443 886 511 927 καὶ
532 884 605 935 τὰς
625 884 699 939 μὲν
723 884 867 940 νευρὰς
888 888 968 927 τῶν
987 882 1116 936 τόξων
1133 885 1322 943 χαλαρᾶς
1340 884 1552 943 εἰργάσατο
1563 918 1578 939 ,
1611 894 1697 938 τοῒς
1721 888 1767 930 δὲ

302 949 518 1007 Ῥωμαίοις
537 952 670 996 ἄνεσιν
692 951 765 1008 τὴν
787 953 830 994 ἔκ
851 957 931 996 τῶν
953 956 1082 1008 βελῶν
1102 955 1351 1010 περιεποίησε
1371 956 1439 997 καὶ
1460 956 1662 1013 σωτηρίας
1682 955 1765 999 ἓνέ-
1776 962 1820 998 10

165 1023 196 1059 P
217 1023 285 1062 531
309 1022 435 1064 δωκεν
467 1020 672 1079 ἀφορμάς.
738 1022 914 1075 βαθείας
947 1022 991 1064 δὲ
1024 1021 1165 1073 νυκτὸς
1198 1023 1431 1078 γενομένης,
1477 1022 1534 1074 ὥς
1562 1021 1764 1080 ἧσχόλητο

306 1091 396 1146 περὶ
417 1090 491 1140 τὰς
511 1089 696 1147 φυλακὰς
713 1087 734 1132 ὃ
751 1087 958 1146 Μανουήλ
968 1121 981 1142 ,
1015 1087 1170 1147 γλώττῃ
1191 1107 1278 1142 πως
1296 1090 1448 1148 ᾔσθετο
1467 1095 1549 1135 τῶν
1561 1094 1765 1150 ’Σαρακη-

305 1162 385 1201 νῶν
402 1157 497 1208 τοὺς
514 1158 682 1215 Πέρσας
699 1163 782 1209 τοῖς
801 1161 1054 1216 Σαρακηνοῒς
1071 1160 1363 1214 σπενὸομένους
1381 1162 1448 1202 καὶ
1466 1159 1511 1203 τὸ
1531 1158 1764 1218 στράτευμα

304 1230 386 1268 τῶν
398 1223 608 1280 Ῥωμαίων
624 1228 845 1281 προδοῦναι
861 1228 928 1269 καὶ
945 1226 1047 1284 πρὸς
1061 1227 1134 1280 τὴν
1153 1228 1411 1283 ἔνεγκαμένην
1425 1230 1763 1286 παλινδρομῆσαι.

306 1294 410 1349 δῆλα
429 1299 526 1351 γοῦν
544 1295 670 1346 εὐθὺς
687 1300 816 1338 ταῦτα
835 1302 945 1338 ποιεῖ’
957 1299 1016 1353 τῷ
1036 1297 1217 1349 βασιλεῖ’,
1251 1297 1318 1338 καὶ
1342 1295 1480 1349 σώζειν
1496 1295 1640 1340 ἑαυτὸν
1659 1297 1762 1352 μετὰ
1774 1303 1816 1340 15

304 1366 384 1405 τῶν
400 1361 586 1419 λογάδων
603 1364 739 1419 ἠξίου,
766 1367 834 1406 καὶ
852 1364 910 1419 μὴ
933 1363 1152 1420 περιμένειν
1166 1364 1240 1419 τὴν
1257 1363 1421 1408 ἅλωσιν.
1487 1369 1562 1408 τοῦ
1580 1366 1624 1408 δὲ
1639 1370 1761 1420 βασι-

303 1430 405 1481 λέως
424 1429 522 1473 κκαὶ
541 1435 626 1482 πῶς
642 1436 760 1475 τοῦτο
779 1431 940 1475 ἐ’σεται”
972 1431 1296 1489 ἐπερωτήσαντος
1306 1464 1320 1484 ,
1340 1431 1452 1476 ι(τῶν
1470 1433 1526 1475 δι’
1546 1434 1617 1488 ἐμὲ
1633 1451 1763 1491 προσ·

302 1497 524 1553 μεινάντων
542 1500 843 1555 ἅπολομένων,”
879 1498 1098 1555 ὑπολαβών
1118 1498 1139 1542 ὃ
1158 1501 1364 1556 Μανουὴλ
1386 1499 1482 1544 “σοὶ
1502 1500 1628 1555 μόνον
1645 1501 1761 1555 ἴστω,

302 1570 471 1620 βασιλεῦ
479 1567 526 1620 ,²²
564 1567 641 1625 ἔφη
662 1567 739 1611 “cb
765 1568 967 1622 σώζεσθαι
991 1569 1034 1611 ἐκ
1060 1572 1187 1621 θεοῦ,
1221 1563 1331 1612 οὗτοι
1355 1569 1399 1612 ds*
1420 1570 1574 1625 ταχέως
1593 1569 1645 1613 τὰ
1663 1572 1756 1614 κατ’

251 1638 282 1675 Β
306 1636 454 1686 αὐτοὺς
484 1636 802 1692 ὁιοικήσουσιν.”
872 1637 951 1693 ὀψὲ
978 1641 1075 1693 γοῦν
1095 1637 1198 1679 κατὰ
1218 1638 1263 1680 τὸ
1284 1639 1531 1695 περίορθρον
1548 1642 1622 1681 τοῦ
1637 1643 1816 1693 βασι-20

303 1703 402 1754 λέως
425 1709 535 1762 φυγῇ
551 1706 807 1762 χρησαμένου
826 1707 893 1749 καὶ
915 1706 1015 1764 πρὸς
1033 1705 1078 1748 τὸ
1099 1704 1310 1762 λεγόμενον
1328 1705 1588 1761 Χιλιόκωμον
1607 1708 1761 1752 διασω-

300 1772 460 1824 θέντος,
488 1773 526 1815 oi
547 1774 801 1817 λειποτάκται
819 1773 1003 1830 ὑπήντων
1023 1774 1146 1832 αὐτῷ,
1173 1776 1239 1817 καὶ
1261 1774 1448 1826 ἀναξίους
1467 1773 1636 1826 ἑαυτοὺς
1657 1775 1761 1834 ἔφα-

302 1856 399 1882 σκον
421 1845 495 1896 τῆς
522 1842 624 1896 ζωῆς
649 1844 821 1897 βασιλέα
850 1845 891 1887 ἔν
917 1843 1079 1903 πολέμῳ
1106 1844 1425 1902 καταπροέντας,
1459 1845 1527 1886 καὶ
1558 1841 1645 1899 ἅμα
1676 1851 1761 1896 τοῖς

390 1959 415 1995 4
434 1960 620 2004 κρατερῶς
642 1961 673 1996 C
805 1961 826 1996 5
849 1960 914 1996 καὶ
937 1973 991 1997 om
1015 1962 1047 1996 C
1169 1961 1192 1998 7
1214 1960 1252 1997 οὶ
1273 1961 1358 2008 περὶ
1380 1960 1449 1998 τὸν
1472 1961 1628 2011 βασιλέα
1650 1976 1706 2001 om
1727 1965 1759 2001 C

391 2005 415 2040 9
437 2006 499 2041 καὶ
523 2018 578 2042 om
601 2008 632 2042 C
770 2006 815 2043 14
837 2004 1054 2053 ἐνεγκοῦσαν
1075 2007 1107 2043 C

299 2105 350 2141 cis
374 2110 489 2143 autem
511 2108 650 2144 assiduo
671 2109 874 2156 sagittarum
897 2121 962 2145 usu
984 2108 1195 2145 instantibus
1215 2109 1459 2156 Romanosque
1479 2110 1523 2145 ab
1540 2108 1759 2147 insecutione

299 2151 448 2187 hostium
470 2154 740 2201 repellentibus,
763 2163 891 2191 mutata
914 2161 969 2190 est
989 2167 1126 2201 pugnae
1147 2156 1302 2190 fortuna.
1346 2167 1424 2191 nam
1448 2156 1758 2203 Romanae-legio·

299 2209 363 2232 nes
395 2199 466 2234 vim
498 2200 725 2236 Turcicarum
751 2202 955 2247 sagittarum
977 2213 1046 2236 uon
1069 2202 1280 2236 sustinentes
1306 2201 1444 2236 deserto
1464 2203 1676 2248 imperatore
1697 2203 1757 2238 fu-

297 2249 445 2289 gerunt,
466 2245 625 2282 ducibus
656 2247 828 2292 legionum
853 2253 890 2282 et
910 2248 1031 2282 Persis
1054 2246 1140 2282 nihil
1161 2247 1198 2282 in
1222 2259 1261 2282 se
1282 2247 1353 2282 tale
1376 2248 1659 2293 admittentibus,
1694 2249 1758 2284 sed

297 2289 543 2335 imperatorem
565 2293 783 2339 cingentibus
807 2304 848 2328 ae
870 2305 932 2339 pro
958 2305 1000 2328 eo
1023 2305 1152 2328 summa
1175 2292 1214 2327 vi
1235 2293 1509 2329 decertantibus.
1557 2299 1595 2329 et
1618 2294 1757 2339 quidem

298 2339 382 2369 tunc
405 2336 595 2382 imperator
617 2351 691 2374 cum
715 2340 787 2375 suis
810 2340 990 2374 occidione
1013 2351 1134 2374 caesus
1156 2338 1302 2384 fuisset,
1326 2340 1396 2375 nisi
1419 2347 1455 2375 et
1476 2351 1546 2375 nox
1566 2340 1758 2385 ingruisset

299 2384 336 2414 et
359 2381 479 2426 pluvia
503 2385 629 2430 exigua
650 2385 765 2420 delata
787 2397 914 2420 nervos
935 2397 1075 2420 arcuum
1093 2385 1288 2419 Turcorum
1306 2386 1521 2428 relaxasset3
1540 2396 1609 2431 quo
1628 2386 1757 2421 factum

300 2431 341 2460 ut
372 2428 519 2463 Romani
550 2432 751 2476 sagittarum
782 2431 921 2466 liberati
943 2437 1038 2466 metu
1060 2430 1183 2466 salutis
1206 2431 1384 2476 parandae
1409 2432 1624 2467 occasionem
1646 2432 1757 2466 habe-

299 2478 395 2507 rent.
440 2477 607 2512 concubia
638 2483 740 2512 nocte
760 2478 942 2512 Manuelus
964 2477 1042 2511 dum
1066 2476 1230 2512 excubias
1254 2478 1346 2523 obit,
1378 2478 1506 2512 Persas
1529 2488 1604 2512 cum
1628 2478 1756 2511 Sarra-

300 2517 398 2551 cenis
431 2518 582 2564 ipsorum
615 2523 734 2568 lingua
766 2523 876 2559 sentit
904 2523 1074 2568 colloqui,
1113 2523 1312 2568 paciscique
1342 2535 1417 2559 cum
1440 2524 1484 2558 iis
1509 2523 1553 2558 de
1577 2523 1756 2569 prodendo

299 2561 531 2600 Romanorum
565 2570 720 2604 exercitu
744 2575 780 2604 et
802 2570 994 2616 repetenda
1015 2568 1143 2614 patria.
1188 2567 1226 2602 id
1257 2569 1374 2604 statim
1404 2568 1519 2615 aperit
1539 2568 1758 2614 imperatori,

300 2618 447 2654 eumque
471 2611 627 2648 hortatur
650 2622 689 2649 ut
708 2627 784 2650 cum
809 2614 952 2650 delectis
976 2615 1060 2659 fuga
1082 2614 1152 2648 sibi
1174 2615 1350 2659 consulut,
1373 2626 1417 2649 ne
1439 2614 1476 2648 in
1499 2613 1648 2648 hostium
1672 2626 1756 2659 per-

300 2653 420 2688 veniat
440 2667 572 2691 manus.
619 2665 655 2694 et
677 2661 902 2706 respondenti
921 2659 1121 2706 imperatori
1143 2659 1222 2694 fieri
1243 2661 1310 2694 hoc
1330 2660 1391 2695 vix
1408 2671 1530 2705 posse,
1552 2659 1757 2705 praesertim

301 2699 468 2744 perituris
491 2703 551 2747 qui
572 2715 662 2738 nunc
683 2707 737 2740 sui
759 2718 863 2741 causa
882 2718 995 2741 secum
1016 2705 1241 2750 mansissent,
1259 2702 1351 2740 “tibi
1367 2702 1490 2740 modo'’
1510 2705 1627 2750 inquit
1644 2703 1755 2740 “deus

302 2745 447 2781 salutem
481 2749 664 2784 concedat:
700 2752 825 2797 reliqui
854 2764 934 2786 mox
962 2753 1068 2786 rebus
1099 2750 1187 2786 suis'
1203 2748 1419 2787 consulent.”
1460 2749 1664 2796 imperatori
1690 2752 1755 2785 sub

300 2789 413 2835 ipsum
438 2792 570 2828 demum
595 2795 776 2831 diluculum
800 2798 885 2842 suga
909 2798 1026 2842 elapso
1051 2802 1088 2831 et
1108 2797 1152 2830 ad
1175 2796 1421 2831 Chiliocomum
1441 2797 1599 2843 perlato,
1629 2796 1758 2832 milites

300 2847 388 2880 quos
411 2839 588 2875 ordinibus
612 2842 759 2876 desertis
782 2848 883 2888 terga
906 2843 1043 2877 dedisse
1064 2842 1399 2877 commemoravimus
1422 2848 1658 2886 occurrerunt,
1683 2843 1756 2877 fas-

300 2882 401 2929 sique
423 2896 462 2919 se
486 2885 560 2921 vita
581 2887 705 2932 dignos
728 2900 797 2923 non
822 2900 920 2934 esse,
957 2889 1018 2934 qui
1047 2886 1289 2935 imperatorem
1310 2888 1347 2924 in
1369 2900 1488 2935 pugna
1510 2889 1758 2936 prodidissent,
