1916 3210
727 191 1100 237 GLossAmUM.
1185 255 1188 260 ,
1541 193 1641 239 897

177 299 352 348 monitor,
373 302 507 349 rector,
525 313 790 352 gouverneur.
850 300 934 340 hinc
951 300 1136 341 baiulatio.
1192 300 1381 342 Aimoinus
1402 302 1488 342 hist.
1509 304 1536 347 5
1565 306 1641 348 39:

179 355 421 396 baiulationi
446 358 702 395 committens.

291 413 320 467 β
331 409 491 455 ἄνδον
517 414 703 464 bandum,
729 413 920 464 vexillum,
956 413 1102 465 signum
1122 413 1293 456 militare.
1345 415 1557 456 Hadrianus
1575 417 1639 457 PP

176 468 298 524 Epist.
318 470 368 510 ad
386 469 560 510 Carolum
576 469 630 509 Μ.
647 470 704 510 R.
695 486 704 495 ·
733 473 806 524 qni
823 470 1088 522 Neapolitani
1103 471 1210 522 ipso-s
1233 472 1407 510 Graecos
1426 487 1517 511 cnm
1537 473 1639 512 ban-

177 526 242 566 dis
258 532 296 564 et
311 527 439 579 signis
455 527 723 578 szwczspz‘entes.
774 527 947 567 Anastas.
963 527 1060 567 Bibl.
1076 528 1115 566 in
1134 528 1378 568 ecclesiastica
1395 530 1500 568 hist:
1528 530 1638 568 hunc

175 583 360 622 Hisam
342 597 386 622 m
399 583 585 621 honorem
592 583 684 633 filii
700 585 766 622 sui
778 591 898 636 atque
911 585 1193 635 imperatorum
1210 592 1392 623 terrorem
1408 601 1499 623 eam
1514 588 1639 639 impe-

174 639 329 679 rator-io
343 653 396 678 ac
414 639 569 678 decenti
584 640 731 679 honore
750 641 982 693 militiisque
995 655 1047 679 ae
1065 640 1226 679 blandis
1245 642 1289 692 (Ι.
1311 643 1460 694 bandis)
1481 658 1531 681 ac
1553 659 1639 682 see-

169 697 277 764 pitis
292 698 336 735 in
355 697 613 736 Hierusalem
631 698 764 736 mittit.
824 699 1026 750 Procopius
1048 699 1097 738 de
1125 698 1218 738 bello
1238 699 1395 739 Vandal.
1417 703 1445 741 2
1473 714 1512 753 p.
1537 705 1637 743 123:
1690 747 1697 753 ,

174 768 270 802 τους
287 767 330 795 τε
347 751 599 803 ὖπασπιστοῖς
616 753 684 795 καὶ
702 751 747 796 vd
768 757 944 808 σημεῖον,
975 751 1000 796 ὃ
1018 751 1070 807 δη
1089 751 1242 808 βανὸον
1258 758 1425 796 καλοῦσι
1441 754 1637 808 Ῥωμαῖοι,

171 804 338 880 Ἰωάννῃ
356 809 575 881 ἐπιτρέψας
593 807 802 866 Ἀρμενίου.
854 810 937 851 Leo
959 811 1068 852 Taet.
1093 825 1124 851 c.
1149 813 1203 853 12
1224 808 1246 864 ᾗ
1267 816 1345 855 62.
1374 809 1422 853 τοὶ
1443 811 1484 853 δὲ
1504 810 1637 866 βάνδα

172 863 303 936 ἤγουν
320 863 370 908 τὰ
389 871 543 921 σημεῖα.
591 869 789 907 Constant.
809 868 848 907 in
861 867 991 909 Tacta
1021 862 1223 919 ὄφείλει“
1199 882 1363 909 εκαστον
1383 866 1512 937 τάγμα
1531 870 1638 912 ἴδιον

172 919 328 977 βᾶνδον
356 922 470 977 ἔχειν.
526 924 788 964 scholiastes
777 938 817 964 ιιι
837 927 980 976 στηλιτ.
1003 940 1030 965 α
1049 926 1090 964 S.
1110 925 1268 976 Gregor.
1293 925 1410 965 Naz.:
1440 922 1638 979 σύνθημά

171 979 254 1022 ἔστι
271 978 318 1022 vo*
334 983 501 1034 σημεῖον
519 980 588 1022 καὶ
608 978 811 1034 σύμβολον
827 983 902 1022 τοῦ
922 983 1094 1034 στρατοῦ
1112 978 1136 1022 ο“
1152 984 1320 1022 καλοῦσι
1339 980 1502 1035 βανδον.
1533 984 1636 1022 ban-

172 1037 291 1086 dora,
312 1037 443 1077 cohors
463 1039 630 1088 militum,
651 1051 767 1076 scara.
825 1037 915 1077 Acta
933 1040 1044 1077 vitae
1048 1037 1247 1078 Alexandri
1263 1038 1327 1077 PP
1347 1042 1395 1082 3:
1425 1054 1635 1078 conc-mre-

170 1100 269 1132 runt
297 1094 484 1147 signiferi
516 1108 608 1132 cum
641 1093 798 1132 bandis.
859 1095 1068 1134 Radevicus
1098 1097 1126 1136 2
1156 1098 1230 1138 66:
1264 1097 1394 1147 signis
1421 1104 1458 1134 et
1491 1096 1636 1136 bandis

163 1150 493 1202 praecedentibus
511 1150 572 1189 ad
587 1151 793 1203 palatium
804 1151 1091 1202 perduxerunt.
1151 1152 1316 1191 Historia
1343 1153 1520 1194 Wambae
1539 1157 1636 1206 regis

171 1207 366 1248 Toletani:
394 1208 512 1246 illum
528 1222 619 1246 eum
644 1208 866 1246 bandorum
881 1210 1009 1261 sig-nis
1025 1209 1244 1246 accessisse.
1275 1209 1407 1248 Benno
1426 1211 1636 1250 Cardinalis

169 1263 220 1304 de
234 1265 312 1304 vita
324 1265 604 1306 Hiltebrandil.
627 1269 671 1308 1.
661 1280 670 1288 ·
711 1272 748 1302 et
773 1267 910 1303 cuncti
929 1265 1072 1303 milites
1102 1263 1238 1303 banda
1254 1274 1469 1317 gestantes.
1530 1268 1636 1307 Ana-

166 1322 322 1361 stasius
311 1335 350 1360 ιιι
363 1321 546 1360 Adriano:
577 1335 674 1360 eum
687 1336 779 1360 cum
799 1321 979 1360 bandora
996 1329 1262 1373 susceperunt.
1323 1323 1407 1362 hinc
1426 1321 1635 1376 βανδοφό-

167 1393 244 1432 ροι.
290 1378 461 1446 “Px-0001).
478 1379 516 1418 d.
535 1379 558 1417 l.
574 1381 602 1420 2
620 1393 657 1432 p.
680 1378 784 1421 134·
806 1395 827 1420 ο
850 1378 937 1420 δὲ“”
913 1394 1045 1448 ετερος
1064 1394 1107 1420 το
1131 1383 1298 1431 σημεῖον
1316 1382 1391 1420 τοῦ
1412 1384 1636 1436 στρατηγοῦ

166 1434 213 1476 ἐν
239 1437 328 1483 ταῖς
354 1432 623 1488 παρατάξεσιν
644 1432 804 1484 εἰωθως
826 1435 977 1490 φέρειν,
1019 1432 1068 1477 ὃν
1099 1433 1148 1488 δὴ
1180 1433 1436 1503 βανδοφὸρον
1465 1441 1634 1479 καλοῦσι.

164 1489 360 1544 Ῥωμαῖοι.
416 1491 498 1531 Leo
519 1493 630 1532 Tact.
657 1506 692 1532 c.
718 1491 746 1533 4
774 1490 797 1545 §
820 1491 894 1534 14:
934 1491 1003 1534 καὶ
1029 1489 1287 1546 βανδοφόρος
1307 1492 1382 1544 μέν
1404 1493 1510 1534 ἔστιν
1541 1494 1563 1536 ὁ
1586 1511 1630 1537 το

166 1551 336 1602 σημεῖον
353 1550 430 1589 τοῦ
447 1544 604 1600 βανδου
623 1544 844 1602 βαστάζων.
902 1550 1080 1600 signiferi,
1106 1550 1293 1598 vexillarii,
1321 1550 1432 1590 iidem
1453 1553 1635 1592 dracona-

165 1605 210 1645 rii
231 1605 332 1644 dicti.
388 1605 494 1644 Ordo
519 1605 728 1645 Romanus:
766 1605 909 1644 deinde
935 1606 1081 1644 milites
1108 1606 1366 1653 draconarii,
1409 1607 1456 1645 id
1478 1615 1535 1645 est
1563 1611 1635 1660 qui

164 1662 286 1716 signa
299 1668 480 1728 portant.
541 1662 768 1702 Theodoret.
792 1663 898 1715 epist.
921 1663 996 1706 59:
1034 1664 1189 1715 κομίζει
1208 1660 1252 1704 δὲ
1264 1677 1420 1729 ταυτην
1442 1666 1632 1718 Πατρωΐ-

163 1734 238 1768 νος
260 1713 534 1772 δρακοναριος.
591 1720 690 1759 adde
719 1721 828 1772 epist.
860 1722 952 1762 133
1008 1720 1191 1771 significat
1219 1716 1374 1772 βανδον
1397 1724 1435 1760 et
1461 1725 1631 1773 turmam,

163 1788 308 1815 scaram
327 1775 387 1815 vel
405 1788 559 1815 cuneum
575 1775 739 1815 militum.
798 1777 957 1816 Glossae
977 1775 1173 1817 Nomicae:
1211 1778 1425 1818 κουστοὸία
1446 1790 1632 1832 στρατιω-

163 1847 278 1873 τικον
297 1835 460 1882 στῖφος,
499 1828 523 1872 ὃ
549 1829 702 1884 βάνδου
729 1831 931 1884 Ῥωμαῖοι·
937 1836 1119 1875 καλοῦσι.
1164 1838 1292 1873 auctor
1312 1835 1410 1874 vitae
1433 1836 1557 1874 Caroli
1575 1837 1631 1876 M.

162 1890 204 1928 in
227 1887 428 1928 Annalibus
453 1888 662 1928 Francicis:
702 1889 886 1927 dominns
907 1903 997 1928 vero
1025 1889 1193 1928 Carolus
1225 1905 1308 1928 nna
1338 1905 1429 1928 eum
1461 1892 1633 1931 Εαηοιές

162 1953 299 1984 σαεινα
317 1951 488 1983 metatus
505 1952 563 1982 est
581 1945 640 1983 ad
657 1946 830 1992 easdem,
859 1947 1045 1998 misitque
1063 1961 1221 1984 scaram
1240 1961 1371 1984 suam.
1433 1952 1474 1987 et
1490 1963 1527 2001 p.
1554 1950 1628 1989 19:

158 2004 469 2055 perveniensque
488 2003 531 2040 in
554 2002 686 2040 locum
706 2003 945 2054 lngillzerim
970 2005 1078 2041 misit
1105 2010 1293 2055 quattuor
1310 2017 1461 2041 scara-9.
1523 2006 1629 2044 deni-

162 2074 237 2112 que
268 2056 424 2131 βάνδον
449 2059 636 2099 victoriam
664 2061 870 2111 significat,
909 2061 939 2098 si
969 2061 1197 2112 Stephanum
1230 2061 1278 2099 de
1304 2061 1468 2100 Urbibus
1492 2075 1627 2112 sequa-

161 2130 244 2157 mur
268 2117 308 2156 in
342 2112 580 2170 Ἁλαβανδα.
637 2113 745 2171 παρὰ
767 2116 992 2170 Ρωμαίοις,
1037 2117 1175 2168 inquit,
1219 2113 1374 2170 βοῖνὸον
1399 2132 1477 2170 την
1506 2120 1628 2171 νίκην

159 2173 372 2284 φασίνβᾶρ
387 2245 535 2284 ocyyot
563 2233 791 2282 protectores
820 2230 991 2280 Cuiacio‚
1037 2230 1247 2279 securigeri.
1306 2230 1354 2269 de
1382 2230 1436 2268 his
1457 2230 1625 2271 Codinus

162 2287 212 2328 de
230 2287 329 2328 offic.
354 2294 428 2327 vet.
453 2289 563 2330 inser.
582 2284 787 2355 χειλιοῖρχῳ
816 2302 928 2340 κοορ.
956 2283 999 2326 θ’
1020 2283 1243 2354 βαροὶγγων.
1301 2287 1458 2326 Ioannes
1478 2288 1623 2327 Canta-

161 2343 321 2384 cuzenus
348 2346 371 2385 1
403 2344 477 2386 41:
518 2344 561 2384 οἵ
575 2358 616 2384 τε
633 2340 729 2391 τούς
747 2342 924 2391 πελέκεις
943 2342 1095 2396 ἔχοντες
1115 2339 1310 2397 βαραγγοι
1329 2343 1624 2397 προσαγορευό-

161 2416 287 2454 μενοι
344 2401 479 2440 Graeci
512 2401 563 2439 ad
595 2401 622 2439 l.
643 2403 670 2442 3
703 2398 775 2452 §5
795 2401 840 2439 D.
859 2402 908 2440 ad
927 2400 1002 2451 leg.
1022 2401 1167 2439 Cornel.
1190 2402 1238 2439 de
1263 2399 1624 2468 sicar.:13oe9a'yyov

161 2460 427 2512 συγκλητικυῦ
473 2454 542 2498 τὸν
590 2455 725 2509 ἕτερον
775 2454 976 2511 βᾶραγγον
1025 2453 1286 2512 συγκλητικόν
1336 2453 1622 2507 φονεύσαντος.

158 2514 466 2567 Astrampsychus
486 2513 529 2555 ἐν
550 2516 606 2569 τῷ
628 2516 909 2584 Πυθαγορικῷ
927 2514 1185 2580 λαξευτηρίῳ,
1226 2514 1363 2566 δηλοῖς
1391 2513 1449 2562 εἰς
1467 2511 1622 2570 βαράγ-

158 2587 258 2627 γους
286 2569 356 2611 καὶ
383 2573 618 2624 μεγιστᾶνας
644 2571 713 2612 καὶ
738 2566 1040 2622 οἷξιωματικους
1096 2571 1134 2610 1ιί
1162 2570 1291 2610 Celtae
1316 2575 1443 2620 erant,
1473 2577 1515 2610 ut
1534 2573 1621 2611 scri-

160 2628 217 2667 bit
234 2628 411 2679 Scylitzes
431 2629 531 2680 apud
549 2628 710 2669 Cedren.
740 2642 778 2681 p.
797 2631 879 2670 792
900 2629 957 2666 d'
946 2641 984 2666 ιιι
1005 2639 1088 2676 ora,
1131 2627 1186 2666 vel
1205 2626 1338 2678 Angli,
1375 2631 1416 2666 ut
1441 2628 1619 2670 Codinus.

159 2685 368 2738 praefectus
384 2697 511 2724 eorum
533 2679 783 2734 ακόλουθος,
814 2690 853 2724 ut
875 2685 948 2724 iam
968 2685 1214 2724 observatum.

275 2742 399 2794 βαρδ
410 2736 593 2782 ούκιον
622 2741 766 2792 hastile,
796 2742 963 2791 iaculum,
986 2742 1110 2794 pilum,
1139 2743 1253 2780 telum
1277 2741 1406 2792 quod’
1396 2741 1464 2780 iaci
1483 2745 1623 2794 potest.

160 2796 452 2837 Constantinus
443 2810 480 2836 ιιι
499 2797 686 2837 Tacticis:
713 2795 927 2854 τζικούρια,
957 2795 1191 2851 βαρδούκια,
1222 2793 1452 2850 ματζούκια.

273 2851 524 2907 βασιλεύς
551 2868 628 2904 rex,
655 2856 865 2908 imperator,
888 2858 937 2896 de
953 2855 1158 2910 praesentis
1183 2855 1358 2908 temporis
1381 2868 1484 2907 rege
1541 2855 1622 2895 Zo-

214 2914 347 2963 Georg.
377 2915 551 2953 Gedrenua
578 2921 662 2953 tom.
694 2917 743 2952 11.
1288 2912 1342 2953 57
