1890 3236
289 205 388 254 184
761 201 1000 248 GEORGII
1032 201 1274 247 CEDRENI
1304 215 1305 218 ’
1366 230 1369 233 »
1407 216 1410 218 ·

287 323 380 364 θων
399 318 510 376 γένος
529 311 707 371 ὑπήκοον
723 313 932 371 γενέσθαι,
968 315 1023 365 εἲς
1042 314 1268 365 Φιλίππους
1285 314 1433 366 αὐτοὺς
1454 312 1738 373 (μίαδὶῆαὸτη

287 393 369 432 τῶν
402 387 695 430 Μακεδονικῶν
731 381 903 438 πόλεων)
936 384 1168 437 μετοικίζει,
1223 381 1308 426 εἶτα
1341 383 1462 427 πάλιν
1492 383 1659 427 ἐκεῖθεν»
1681 387 1739 435 εἰς

282 450 620 511 Ἀδριανούπολιν.
687 450 856 494 εὐθέτου
879 451 923 494 δὲ
946 456 1019 494 τοῦ
1041 449 1167 495 τόπου
1188 451 1380 509 φανέντος
1401 457 1486 502 τοῖς
1506 451 1747 504 ξιένοιςιῑρὲψ4

285 526 447 576 πλῆθος
475 520 735 574 κατέστησαν,
770 518 995 575 ἀσύγχυτον
1023 519 1069 562 τὸ
1091 520 1203 576 γένος
1228 518 1515 577 φυλάσσοντες.
1559 550 1561 554 ,
1574 517 1739 577 χρόνοις

285 590 330 632 δέ
348 588 528 646 ὕστερον,
566 587 684 644 ἡνίκα
702 589 1006 638 Κωνσταντΐνος
1031 587 1106 632 σὺν
1126 586 1280 646 Εἰρήνῃ
1307 593 1358 645 τῇ
1385 590 1508 645 μητρὶ
1524 588 1771 642 {Bucam-u

284 674 367 709 σεν,
402 655 506 714 ἀνήρ
522 674 584 707 τις
603 659 798 712 Μα’ί“κτης
818 655 1008 710 τοῦνομα,
1034 659 1089 707 εἷς
1106 656 1151 700 τὸ
1171 660 1252 700 τῶν
1264 658 1512 712 Ἀρσακιδῶν
1527 655 1740 714 ἀναφέρων
1770 693 1773 697 ,

142 730 173 766 Ρ
196 731 262 768 558
284 725 418 782 γένος,
464 723 569 768 κατά
597 741 687 767 τινα
711 726 852 782 χρείαν
885 723 1006 782 εῗσῄει
1036 727 1091 776 εἷς
1111 726 1184 780 τὴν
1210 722 1518 779 βασιλεύουσαν,
1553 722 1740 781 ὃςάνδρὶ

285 791 561 850 περιτυγχάνει
589 794 763 847 τυχαίως
791 791 976 849 ὃμογενεΐ
991 794 1145 836 Λέοντι
1175 793 1376 847 τοῦνομα,
1419 793 1562 844 καὶ-εἴς
1581 790 1741 848 ὁμιλίαν

286 862 399 920 αὐτῷ
415 862 617 911 καταστὰς
637 860 730 912 ὅλος
748 866 821 916 τῆς
837 859 981 904 τούτου
1001 863 1139 920 φιλίας
1155 862 1320 918 ἐγένετο.
1387 859 1443 912 ὥς
1463 862 1508 905 δὲ
1527 860 1740 917 κατενόησε

285 931 355 973 καὶ
383 930 508 973 αὐτὸν
534 934 608 973 τοῦ
635 933 715 973 τῶν
740 930 989 986 Ἀρσακιδῶν
1008 931 1178 984 αἵματος
1198 929 1316 982 εἶναι,
1349 930 1391 972 ἐν
1414 927 1795 987 Ἀδριανουπόλειίθ

286 1000 495 1051 οἰκοῦντα,
529 999 731 1056 προκρίνει
758 1002 830 1053 τῆς
859 1000 964 1049 ι’δίας
989 998 1062 1054 τὴν
1092 999 1307 1056 ἀλλοτρίαν
1326 997 1392 1041 διὰ
1411 997 1485 1053 τὴν
1501 1001 1575 1042 τοῦ
1593 997 1742 1056 ἀνδρὸς

286 1065 447 1123 ἀρετήν,
490 1068 557 1109 καὶ
578 1065 624 1109 τὸ
650 1066 753 1123 πρὸς
781 1066 904 1109 αὐτὸν
933 1065 1217 1121 ἀσπασάμενος
1244 1068 1367 1122 κῆδος
1387 1068 1486 1122 μίαν
1510 1071 1592 1110 τῶν
1615 1067 1742 1112 αὐτοῦ

282 1135 522 1190 θυγατέρων
542 1132 735 1190 ἠγάγετο·
779 1135 822 1185 ἐξ
843 1129 899 1178 ὧν
922 1133 943 1177 ὅ
967 1138 1042 1180 τοῦ
1069 1135 1352 1192 ἱστορουμένου
1379 1138 1562 1192 προῆλθε
1588 1133 1739 1192 πατήρ,

283 1201 400 1261 ῥώμῃ
417 1220 458 1246 τε
486 1204 690 1260 διαφέρων
712 1204 778 1245 καὶ
805 1207 856 1260 τῇ
877 1207 996 1261 λοιπῇ
1023 1208 1096 1246 τοῦ
1115 1201 1303 1258 σώματος
1319 1204 1454 1246 θέσει·
1494 1203 1541 1246 ὃν
1561 1201 1659 1260 γυνή
1677 1221 1740 1255 τις

284 1268 466 1326 εὐγενής,
501 1276 574 1326 τῆς
590 1276 662 1314 τοῦ
684 1269 862 1327 μεγάλου
883 1273 1205 1324 Κωνσταντίνου,
1240 1271 1296 1322 ὥς
1325 1289 1455 1329 φασι,
1488 1272 1737 1327 καταγομένη
1749 1280 1793 1317 1⁵

282 1343 445 1394 σειρᾶς,
477 1339 664 1396 γαμβρὸν
692 1341 755 1381 ἐπὶ
778 1345 829 1397 τῇ
853 1341 937 1399 ἰδία
967 1340 1103 1397 ἄγεται
1123 1342 1299 1397 θυγατρὶ
1323 1341 1413 1382 λίαν
1432 1338 1740 1397 εὐπρεπεστάτη,

282 1407 325 1458 ἐξ
343 1401 392 1462 ἧς
419 1408 567 1463 ἕτέχθη
587 1409 822 1459 Βασίλειος,
863 1408 994 1451 πολλὰ
1014 1408 1092 1465 πρὸ
1114 1413 1187 1462 τῆς
1203 1406 1419 1465 γεννήσεως
1439 1409 1575 1467 φέρων
1592 1408 1642 1452 τὰ
1666 1413 1742 1463 τῆς

229 1481 260 1517 Β
284 1477 492 1529 βασιλείας
520 1474 721 1530 σύμβολα.
794 1477 839 1519 ἐκ
866 1481 947 1519 τῶν
979 1475 1171 1520 τοιούτων
1200 1474 1445 1533 γεννητόρων
1472 1477 1696 1533 προαχθεὶς
1717 1475 1740 1519 ὃ

283 1544 498 1594 ,Βασίλειος
527 1545 767 1601 ἐλευθερίως
788 1542 968 1601 ἀνήγετο.
1035 1546 1118 1588 ἐπεὶ
1137 1545 1180 1588 δὲ
1198 1547 1392 1603 Κροῦμος
1412 1543 1433 1588 ὅ
1452 1549 1532 1588 τῶν
1551 1541 1740 1601 Βουλ7’ά-,

284 1627 368 1668 ρων
387 1611 535 1669 ἄρχων,
571 1620 659 1664 ταῖς
675 1612 776 1656 κατὰ
791 1611 1000 1668 Ῥωμαίων
1020 1615 1147 1664 νίκαις
1162 1614 1454 1670 πεφυσημένος,
1487 1614 1591 1669 μέγα
1611 1622 1795 1670 ocem-20

283 1677 453 1723 τόπεδον
486 1680 647 1738 ἀγείρας
678 1681 901 1740 ἐπολιόρκει
929 1682 1002 1738 τὴν
1030 1679 1381 1739 Ἀδριανούπολιν,
1423 1681 1596 1737 μηδενὸς
1619 1688 1739 1739 χεῖρα

285 1746 456 1806 ἀντᾶραι
480 1748 611 1807 τούτῳ
631 1754 860 1804 τολμῶντος
880 1749 1144 1809 ἀνυποστάτῳ
1162 1749 1396 1807 τυγχάνοντι
1421 1750 1490 1792 διὰ
1515 1749 1590 1801 τὰς
1610 1767 1740 1808 προη-

283 1817 514 1872 γησαμένας
545 1818 748 1872 εὐτυχίας,
797 1817 944 1875 χρόνον
971 1823 1022 1877 τῇ
1054 1818 1166 1862 πόλει
1194 1819 1461 1876 περικαθίσας
1493 1818 1564 1876 ἐφ’
1604 1818 1742 1862 ἱκανὸν

285 1882 481 1943 ὡμολόγει
512 1885 662 1943 ταύτην
687 1887 755 1930 διὰ
772 1887 845 1943 τὴν
863 1893 942 1931 τῶν
959 1887 1187 1945 ἀναγκαίων
1205 1887 1357 1931 ἔνδειαν
1378 1885 1740 1945 παραστήσασθαι,

375 1994 419 2029 11
443 1992 591 2039 οἰκῆσαι
613 1994 644 2030 C
781 1995 824 2030 13
845 1992 986 2041 ’ὑπῆρχε
1009 1995 1040 2031 C
1177 1997 1220 2033 15
1244 1991 1397 2040 εὐγενής
1417 2006 1472 2031 om
1495 1994 1526 2030 C

285 2084 418 2120 menios
449 2097 555 2140 posse
586 2090 623 2122 et
643 2082 793 2122 Pa'rthos
824 2085 893 2122 sibi
926 2086 1123 2132 subiicere,
1158 2085 1340 2133 Philippos
1372 2086 1472 2130 (urbs
1503 2089 1541 2123 et
1571 2083 1659 2120 haec
1687 2088 1743 2120 est

283 2131 530 2177 Macedoniae)
554 2145 614 2167 eos
646 2137 880 2179 transportat,
911 2138 1017 2178 atque
1050 2133 1132 2168 inde
1156 2132 1416 2179 Adrianopolin.
1464 2131 1525 2177 qui
1543 2131 1642 2166 locus
1665 2142 1741 2165 cum

284 2178 296 2211 i
325 2178 373 2212 sis
397 2184 611 2223 opportunus
634 2179 833 2224 videretur,
865 2183 1036 2213 auxerunt
1058 2179 1110 2213 ibi
1131 2190 1193 2223 se,
1227 2190 1336 2224 genus
1368 2189 1466 2213 suum
1499 2183 1670 2212 secretum
1696 2177 1740 2212 ab
1763 2205 1767 2209 .

284 2223 363 2257 aiis
396 2230 592 2263 servantes.
639 2225 814 2270 aliquanto
839 2230 919 2270 post
940 2229 1117 2270 tempore,
1153 2224 1384 2259 Constantino
1409 2235 1485 2258 cum
1507 2227 1617 2258 matre
1637 2223 1742 2258 Irona

284 2269 467 2314 imperium
489 2276 651 2314 gerente,
686 2271 869 2306 Arsacides
899 2270 1036 2315 quidam
1069 2271 1207 2305 nomine
1236 2270 1384 2306 Maictes
1414 2268 1634 2304 necessitatis
1656 2279 1741 2303 suae

284 2326 390 2350 causa
411 2316 540 2361 Cpolin
562 2316 670 2362 venit,
697 2317 888 2361 inciditque
911 2317 949 2350 in
970 2316 1132 2361 gentilem
1160 2328 1257 2352 suum
1279 2317 1444 2360 Leonem,
1479 2320 1514 2350 et
1534 2314 1741 2349 artissimam

284 2371 360 2394 cum
392 2373 434 2396 eo
464 2362 649 2398 amicitiam
682 2362 868 2397 contraxit.
914 2362 975 2408 qui
998 2374 1074 2396 cum
1097 2362 1208 2407 ipsum
1232 2361 1458 2408 Adrianopoli
1478 2359 1616 2406 quidem
1639 2359 1740 2394 habi-

284 2410 381 2450 tare,
412 2418 522 2451 genus
547 2414 659 2443 autem
683 2410 727 2443 ab
746 2408 922 2443 Arsacidis
942 2408 1082 2443 trahere
1104 2408 1338 2453 intelligeret,
1372 2407 1522 2442 alienum
1542 2406 1650 2440 solum
1675 2417 1741 2451 pa-

284 2451 375 2486 triae
400 2455 443 2487 ob
468 2453 537 2487 viri
558 2454 802 2499 praestantiam
829 2453 1016 2500 praetulit,
1046 2465 1216 2499 unamque
1248 2466 1292 2489 ex
1323 2452 1398 2488 eius
1428 2452 1566 2487 filiabus
1599 2462 1742 2487 uxorem

283 2497 396 2531 duxit.
443 2498 510 2532 hoc
533 2511 575 2534 ex
599 2500 759 2545 coniugio
782 2507 885 2535 natus
909 2506 963 2534 est
982 2500 1107 2535 Basilii
1130 2505 1251 2546 pater,
1279 2498 1412 2534 viribus
1435 2502 1472 2534 et
1494 2497 1652 2543 corporis
1675 2496 1741 2530 ha-

285 2541 361 2576 bitu
386 2551 589 2587 praestans3
626 2547 682 2580 cui
706 2546 833 2580 nobilis
856 2547 1022 2590 quaedam
1046 2551 1221 2590 matrona,
1259 2557 1350 2591 quae
1373 2557 1394 2580 a
1417 2554 1539 2588 magno
1563 2543 1740 2577 Constan-

284 2587 360 2622 tino
382 2589 514 2623 natales
538 2602 619 2625 suos
642 2592 782 2626 trahere
806 2593 1032 2636 credebatur,
1066 2591 1172 2626 filiam
1203 2603 1298 2626 suam
1327 2590 1432 2634 longe
1460 2587 1740 2623 formosissimam

284 2638 428 2678 nuptum
452 2635 609 2671 tradidit.
658 2637 712 2671 his
745 2638 946 2682 parentibus
978 2643 1079 2672 natus
1111 2637 1279 2681 Basilius,
1313 2641 1494 2680 antequam
1526 2640 1740 2678 nasceretur,

285 2679 392 2714 multa
414 2680 537 2715 habuit
561 2682 720 2727 potiundi
742 2683 879 2727 imperii
910 2683 1030 2727 signa,
1065 2689 1189 2728 estque
1222 2682 1415 2717 liberaliter
1446 2680 1625 2715 educatus.
1672 2691 1740 2725 quo

285 2730 401 2759 autem
424 2731 581 2772 tempore
603 2730 749 2763 Crumus
772 2729 998 2773 Bulgarorum
1020 2729 1202 2774 princeps,
1237 2727 1395 2774 victoriis
1421 2737 1508 2770 quas
1531 2737 1553 2759 a
1575 2725 1743 2771 Romanis

285 2777 529 2817 reportaverat
550 2772 704 2816 inflatus,
728 2786 850 2819 magno
875 2774 1020 2808 collecto
1044 2774 1199 2809 exercitu
1221 2772 1471 2818 Adrianopolin
1494 2771 1643 2814 obsedit,
1667 2777 1741 2806 tra-

284 2824 412 2862 ctaque
434 2817 644 2863 aliquamdiu
667 2820 870 2864 obsidione,
902 2831 977 2853 cum
1000 2821 1046 2855 ob
1067 2832 1124 2854 res
1143 2820 1311 2855 secundas
1332 2817 1579 2862 insuperabilis
1604 2816 1742 2851 videro-

285 2869 343 2899 ωι-
365 2876 479 2912 neque
501 2864 682 2910 quisquam
704 2876 743 2900 se
767 2866 800 2901 ei
827 2877 1004 2913 opponere
1028 2867 1192 2912 auderet,
1225 2877 1299 2900 eam
1321 2862 1529 2900 necessariis
1551 2864 1657 2898 rebus
1677 2863 1741 2898 de·
