1916 3210
713 173 1162 222 ANNOTATIONES.
1245 171 1250 176 ’
1574 175 1672 221 869

287 310 290 312 -
314 287 342 323 t.
368 284 406 322 ll
441 295 481 336 p.
510 284 591 326 411
625 297 660 324 v.
686 287 727 328 2.
792 286 875 325 ταῖν
905 283 1169 338 καλλινίκων]
1211 287 1396 337 geminum
1432 283 1672 325 Theodorum

198 340 401 395 praecipuo
431 340 531 380 cultu
562 345 784 381 venerantur
813 342 966 383 Graeci:
1007 339 1276 396 στρατηλάτην
1306 355 1439 391 ιιιιιιιιι,
1466 342 1574 382 alium
1603 340 1671 383 τύ-

199 412 332 450 ρωνα,
361 410 406 436 ac
433 401 631 449 utrumque
652 399 690 437 in
711 399 817 438 bellis
835 399 1065 439 defensorem
1087 403 1474 452 propugnatoremque
1492 412 1559 439 ceu
1578 403 1671 440 καλ-

197 455 355 495 λίνικον
379 454 620 504 invocabant,
648 469 692 495 ac
718 455 896 507 imagines
924 457 963 495 in
990 456 1127 496 vexillis
1154 458 1270 509 pictas
1293 457 1477 496 ferebant.
1532 457 1668 498 Codin.

198 524 232 551 c.
253 514 282 554 6
303 524 341 552 ιι.
362 512 433 553 22.
491 511 625 552 Gon.

310 571 338 606 t.
353 566 389 606 11
417 580 458 619 p.
476 565 559 609 414
579 581 614 607 ν.
632 568 674 608 2.
731 564 942 622 γράμματα
958 566 1187 620 Ῥωμαϊστί]
1217 569 1305 608 mihi
1325 581 1444 621 nuper
1459 569 1497 608 in
1514 570 1683 609 Oriente·

197 624 351 675 degenti
382 624 564 663 numisma
592 625 800 663 huiusmodi
829 637 1002 675 aeneum,
1044 626 1082 663 in
1110 626 1280 665 Museum
1310 625 1507 665 Thuanum
1533 627 1670 666 deinde

160 677 166 681 ’
195 681 433 728 translatum,
458 681 589 719 incidit
614 682 654 719 in
682 694 832 729 manus,
865 683 966 720 cuius
987 682 1101 720 dictio
1120 683 1269 734 quidem
1289 683 1452 732 Graeca,
1480 683 1670 722 character

195 740 318 776 autem
356 735 538 785 Latinus,
587 734 637 777 τοὶ
675 735 884 790 γράμματα
921 733 1152 791 Ῥωμαϊστί,
1197 739 1266 779 hac
1296 739 1415 790 figura
1446 743 1664 778 cernuntur:

194 793 299 833 lesus
319 793 485 831 Christus
506 794 665 834 basileus
687 795 864 834 basileon.
920 795 1051 834 GoAn.

245 906 301 946 ch·
307 854 339 889 t.
352 849 391 945 g
418 863 460 902 p.
476 848 559 891 415
582 864 615 892 v,
637 852 676 892 9.
737 847 957 904 εὐνούχου]
986 850 1367 907 παρακοιμωμένον,
1397 853 1447 892 de
1467 864 1570 893 more
1586 852 1667 891 Eu—

194 920 245 946 nu
290 921 315 946 ι.
391 917 485 946 οΑιι.

307 967 338 1003 t.
357 963 392 1002 11
419 977 458 1016 p.
478 961 562 1005 417
583 978 618 1004 V.
637 967 703 1007 17.
760 964 911 1019 ἔφορον
930 963 998 1006 καὶ
1018 961 1232 1018 ἐπιστάτην
1249 980 1332 1006 των
1351 960 1489 1020 ἒαῖων]
1520 965 1666 1016 qualem

193 1021 409 1070 magistrum
435 1019 639 1061 officiorum
663 1023 827 1062 Orientis
850 1022 1026 1062 describit
1050 1026 1318 1062 commentator
1337 1022 1530 1062 Notitiae
1520 1023 1667 1075 imperii

191 1091 226 1117 c
250 1079 320 1118 62.
374 1077 503 1116 Gom.

305 1138 334 1172 t.
353 1133 389 1173 11
417 1148 454 1187 p.
475 1135 559 1176 418
581 1146 615 1173 v.
638 1136 705 1176 12.
762 1137 821 1191 τῷ
853 1130 1022 1189 τάγματι
1051 1137 1133 1176 τῶν
1165 1135 1460 1191 στρατηλατων]
1507 1147 1664 1187 quorum

192 1203 328 1241 agmen
352 1191 440 1229 viris
462 1191 598 1231 bellica
615 1192 728 1231 laude
755 1195 831 1231 tam
862 1191 967 1231 claris
994 1193 1184 1244 generosis
1207 1205 1252 1232 ac
1274 1193 1431 1232 fortibus
1453 1197 1532 1233 erat
1554 1192 1664 1231 colle-

193 1253 313 1297 ctum,
341 1252 383 1286 ut
407 1248 540 1299 singuli
565 1249 704 1300 quique
726 1245 1006 1303 στρατηλάται,
1037 1250 1211 1288 militum
1235 1250 1439 1302 magistri,
1467 1261 1665 1290 censeren-

190 1308 265 1343 tur.
326 1306 467 1347 Gon..

306 1365 334 1400 t.
353 1363 388 1400 11
415 1376 455 1414 p.
474 1361 557 1404 420
579 1374 612 1400 v.
629 1360 672 1401 8.
728 1376 804 1415 την
824 1358 1020 1416 μαστιγα]
1051 1376 1119 1402 ceu
1143 1363 1339 1414 equisones
1365 1361 1558 1414 flagellis
1548 1374 1665 1414 impe-

192 1422 333 1458 ratores
360 1419 509 1457 instruit
535 1418 744 1469 Xylander,
773 1420 940 1458 eodinus
959 1419 1096 1472 duplici
1117 1424 1282 1487 sceptro,
1312 1433 1419 1459 cruce
1439 1420 1606 1458 ιιίιιιίιιιιιι
1625 1421 1666 1457 et

191 1475 332 1524 serula,
359 1489 394 1515 c.
415 1477 466 1518 17
483 1489 521 1515 ιι.
540 1476 615 1518 35:
633 1477 696 1544 τῇ
715 1473 790 1528 μὲν
809 1476 922 1532 δεξιᾷ
940 1475 1041 1529 χειρὶ
1061 1475 1213 1529 κατέχει
1232 1472 1307 1518 τόν
1327 1471 1520 1531 σταυρόν,
1549 1477 1601 1531 τῇ
1619 1471 1664 1515 δὲ

193 1528 383 1588 αριστερᾷ
409 1531 563 1584 κατέχει
591 1528 796 1585 ναρθηκα.
854 1538 1010 1584 utraque
1040 1539 1226 1601 sceptrum
1257 1537 1333 1582 est,
1366 1538 1404 1572 et
1434 1537 1478 1572 ut
1505 1533 1667 1582 loquitur

189 1589 355 1628 Lexicon
390 1602 612 1640 anonymum
653 1589 742 1627 bibl.
774 1590 871 1640 Reg.
899 1590 1005 1640 930,
1045 1592 1248 1642 σκῆπτρον
1281 1587 1467 1643 βασιλικη
1500 1586 1664 1642 ῥάβδος.

190 1647 355 1697 Symeon
386 1647 535 1697 quidem
564 1645 847 1685 Thessalonices
873 1646 1111 1699 metropolita
1136 1656 1279 1686 crucem
1308 1648 1406 1686 ferre
1436 1646 1495 1695 εἰς
1522 1646 1664 1698 δεῖγμα

189 1705 264 1755 τῆς
283 1699 486 1756 ευσεβείας
504 1703 655 1752 asserit,
682 1702 752 1743 καὶ
772 1702 828 1743 ε’τι
839 1700 1003 1772 ῤἀβδον
1022 1700 1237 1756 λαμβανει,
1264 1704 1391 1742 subdit
1409 1703 1490 1748 ille,
1521 1717 1569 1743 ου
1590 1702 1663 1754 βα-

191 1757 307 1810 ρεῖάν
325 1774 415 1800 τινα
433 1775 503 1800 και
522 1754 700 1826 σκληραν
711 1789 724 1810 ,
762 1755 850 1800 ἄλλ’
849 1758 1047 1831 ἐλαφραν
1066 1759 1136 1801 καὶ
1155 1756 1354 1813 μαλακήν,
1413 1757 1480 1800 δια
1501 1756 1544 1799 τὸ
1567 1774 1663 1798 παι-

191 1813 376 1857 δευτικὸν
408 1815 452 1857 ἐν
472 1811 675 1884 πραότητι
705 1832 773 1857 και
802 1833 858 1870 μη
889 1814 1051 1870 ὀργίλον
1071 1817 1139 1858 καὶ
1160 1813 1409 1884 φθαρτικόν,
1440 1814 1540 1869 μηδὲ
1564 1827 1661 1856 συν-

189 1874 331 1927 τρῖβον
358 1871 428 1913 καὶ
457 1856 667 1924 ἇφανίζον.
723 1877 854 1925 estque
881 1874 940 1913 illa
967 1871 1153 1927 βασιλικη
1176 1870 1319 1927 μάστιξ
1342 1874 1489 1913 Bardae
1509 1886 1576 1926 per
1597 1885 1660 1911 so-

189 1943 316 1971 mnum
331 1934 491 1969 ostensa.
547 1930 678 1967 GoAn.

304 1986 361 2025 ib.
388 2000 424 2026 v.
453 1988 521 2028 17.
577 2001 600 2027 o
635 1981 864 2039 σύγκελλος]
904 1986 1099 2036 syncellum
1128 1987 1376 2036 sacerdotem,
1416 1986 1565 2038 spiritus
1590 1997 1661 2037 pa-

188 2047 305 2094 trem,
331 2043 561 2097 patriarchae
591 2044 727 2082 socium
758 2055 802 2081 ac
830 2043 1127 2081 contubernalem
1151 2045 1275 2094 primis
1298 2043 1523 2094 temporibus
1545 2042 1661 2081 fuisse

189 2105 283 2140 nota
303 2115 343 2154 p.
366 2102 389 2142 1
411 2101 668 2139 manifestavit.
725 2100 882 2138 eundem
903 2100 1040 2138 deinde
1059 2112 1236 2138 annorum
1255 2112 1429 2151 processu
1448 2112 1524 2137 non
1546 2099 1659 2137 cellae

190 2158 304 2197 modo
331 2161 369 2197 et
393 2158 630 2196 habitationis
657 2160 888 2205 consortem,
919 2157 986 2194 sed
1013 2160 1050 2195 et
1075 2157 1305 2208 patriarchae
1326 2169 1571 2194 successorem
1591 2156 1659 2194 de-

117 2259 120 2261 *
190 2216 378 2266 signatum
405 2215 620 2267 praedicant
645 2213 815 2265 exempla
839 2213 994 2264 plurium
1019 2226 1043 2252 a
1069 2214 1218 2264 syncelli
1235 2214 1414 2263 dignitate
1433 2213 1481 2251 ad
1500 2213 1658 2264 patriar-

190 2272 342 2311 charum
368 2273 496 2311 sedem
522 2274 754 2319 evectornm,
784 2271 864 2322 ipse
891 2274 1019 2308 auctor
1046 2271 1245 2323 perspicuis
1270 2271 1391 2309 verbis
1417 2273 1575 2308 testatur
1598 2269 1655 2307 in—

189 2329 301 2368 serius
325 2342 365 2381 p.
388 2329 486 2372 775.
542 2329 615 2367 iam
642 2341 723 2366 cum
750 2327 808 2365 hic
834 2327 1044 2378 Stephanus
1074 2340 1142 2366 nec
1170 2327 1293 2365 throni
1324 2339 1513 2365 successor
1532 2327 1654 2371 suerit,

189 2398 260 2426 nec
277 2389 376 2425 esset
392 2385 622 2438 patriarchae
642 2383 914 2432 concellaneus,
945 2387 984 2421 ut
1002 2385 1065 2434 qui
1082 2383 1322 2422 Nicomediae
1344 2397 1410 2422 ceu
1423 2382 1568 2435 praesul
1587 2395 1656 2434 pro

190 2442 300 2481 solito
325 2444 526 2490 resideret,
555 2442 619 2492 qui
636 2441 785 2490 syncelli
805 2453 939 2479 nomen
961 2444 999 2479 et
1017 2442 1233 2490 dignitatem
1258 2439 1380 2491 gerit?
1407 2440 1566 2479 honores
1586 2440 1655 2478 im-

189 2500 335 2539 modice
359 2512 504 2551 semper
526 2498 739 2538 ambierunt
757 2498 910 2546 Graeci,
940 2510 1009 2536 nec
1030 2497 1140 2536 officii
1159 2498 1356 2549 cuiuspiam
1372 2498 1568 2548 fungentes
1586 2497 1654 2535 mi-

189 2556 342 2595 nisterio
365 2557 558 2606 dignitatis
580 2568 716 2594 nomen
734 2555 846 2593 trib'ni
864 2554 934 2593 sibi
955 2567 1031 2592 non
1046 2555 1296 2605 infrequenter
1309 2555 1525 2606 cupiebant3
1554 2554 1653 2591 unde

190 2614 448 2679 magistrorum
478 2614 578 2665 apud
609 2625 695 2662 eos,
723 2612 989 2650 decrescente
979 2613 1150 2663 imperio,
1178 2612 1346 2661 integrae
1371 2611 1562 2660 cohortes,
1591 2611 1653 2660 qui

189 2671 339 2720 vigente
361 2670 399 2708 in
423 2673 484 2708 tot
502 2670 734 2720 negotiorum
755 2669 871 2707 turbis
892 2677 986 2706 unus
1007 2672 1109 2716 erat,
1134 2673 1172 2707 et
1190 2669 1291 2721 apud
1311 2668 1494 2706 Codinum
1514 2667 1652 2719 pluries

189 2727 349 2778 repetita
368 2739 438 2764 vox
455 2723 498 2766 τὸ
518 2726 560 2767 δέ
579 2741 623 2779 γε
643 2722 844 2776 ὄφφίκιον
863 2740 938 2765 ουκ
959 2723 1184 2779 ἐνεργεῖται.
1242 2738 1322 2764 cum
1341 2725 1466 2775 itaque
1480 2725 1557 2763 vita
1570 2724 1654 2762 fun-

189 2787 248 2822 cto
280 2783 487 2835 patriarcha
517 2785 614 2822 sedis
646 2784 909 2822 successionem
942 2782 1064 2834 plures
1091 2785 1326 2834 expeterent,
1354 2781 1477 2834 plures
1505 2793 1654 2832 quoque

190 2839 338 2890 syncelli
366 2839 471 2879 titulo
501 2853 603 2893 spem
634 2840 734 2881 alere
763 2840 974 2880 nitebantur
994 2843 1056 2879 aut
1078 2839 1209 2880 saltem
1228 2840 1378 2879 honoris
1399 2851 1530 2879 vanam
1550 2838 1654 2891 cupi-
