<?xml version="1.0" encoding="UTF-8"?>
<!DOCTYPE html PUBLIC "-//W3C//DTD XHTML 1.0 Transitional//EN"
    "http://www.w3.org/TR/xhtml1/DTD/xhtml1-transitional.dtd">
<html xmlns="http://www.w3.org/1999/xhtml" xml:lang="en" lang="en">
 <head>
  <title>
</title>
<meta http-equiv="Content-Type" content="text/html;charset=utf-8" />
  <meta name='ocr-system' content='tesseract 3.04.00' />
  <meta name='ocr-capabilities' content='ocr_page ocr_carea ocr_par ocr_line ocrx_word'/>
</head>
<body>
  <div class='ocr_page' id='page_1' title='image "./corpusscriptorum14niebuoft/corpusscriptorum14niebuoft_0435.png"; bbox 0 0 1890 3236; ppageno 0'>
   <div class='ocr_carea' id='block_1_1' title="bbox 480 151 1641 207">
    <p class='ocr_par' dir='ltr' id='par_1_1' title="bbox 480 151 1641 207">
     <span class='ocr_line' id='line_1_1' title="bbox 480 151 1641 207; baseline -0.005 -1"><span class='ocrx_word' id='word_1_1' title='bbox 480 157 880 207; x_wconf 83' lang='lat' dir='ltr'>HISTORIARUM</span> <span class='ocrx_word' id='word_1_2' title='bbox 914 154 1310 202; x_wconf 73' lang='lat' dir='ltr'><strong>COMPENDrmu.</strong></span> <span class='ocrx_word' id='word_1_3' title='bbox 1541 151 1641 201; x_wconf 80' lang='lat'><strong>425</strong></span> 
     </span>
    </p>
   </div>
   <div class='ocr_carea' id='block_1_2' title="bbox 102 263 1697 1788">
    <p class='ocr_par' dir='ltr' id='par_1_2' title="bbox 102 263 1697 1788">
     <span class='ocr_line' id='line_1_2' title="bbox 161 263 1644 336; baseline -0.005 -16"><span class='ocrx_word' id='word_1_4' title='bbox 161 273 282 336; x_wconf 51' lang='lat' dir='ltr'><strong>bros</strong></span> <span class='ocrx_word' id='word_1_5' title='bbox 309 271 403 319; x_wconf 82' lang='grc' dir='ltr'><strong><em>λίαν</em></strong></span> <span class='ocrx_word' id='word_1_6' title='bbox 430 272 529 326; x_wconf 69' lang='grc' dir='ltr'><strong><em>τοὺς</em></strong></span> <span class='ocrx_word' id='word_1_7' title='bbox 556 273 650 332; x_wconf 79' lang='grc' dir='ltr'><strong><em>περὶ</em></strong></span> <span class='ocrx_word' id='word_1_8' title='bbox 672 272 744 318; x_wconf 80' lang='grc' dir='ltr'><strong><em>τὸν</em></strong></span> <span class='ocrx_word' id='word_1_9' title='bbox 772 269 959 330; x_wconf 75' lang='grc' dir='ltr'><strong><em>Σκληρὸν</em></strong></span> <span class='ocrx_word' id='word_1_10' title='bbox 978 266 1247 327; x_wconf 75' lang='grc' dir='ltr'><strong><em>ἓδειμάτωσε,</em></strong></span> <span class='ocrx_word' id='word_1_11' title='bbox 1282 263 1532 319; x_wconf 80' lang='grc' dir='ltr'><strong><em>δεδιόταςοῦ</em></strong></span> <span class='ocrx_word' id='word_1_12' title='bbox 1551 269 1644 328; x_wconf 73' lang='grc' dir='ltr'><strong><em>περὶ</em></strong></span> 
     </span>
     <span class='ocr_line' id='line_1_3' title="bbox 157 336 1643 404; baseline -0.005 -15"><span class='ocrx_word' id='word_1_13' title='bbox 157 341 383 404; x_wconf 74' lang='grc' dir='ltr'><strong><em>χρημάτων</em></strong></span> <span class='ocrx_word' id='word_1_14' title='bbox 413 345 482 388; x_wconf 81' lang='grc' dir='ltr'><strong><em>καὶ</em></strong></span> <span class='ocrx_word' id='word_1_15' title='bbox 511 340 729 399; x_wconf 81' lang='grc' dir='ltr'><strong><em>κτημάτων</em></strong></span> <span class='ocrx_word' id='word_1_16' title='bbox 760 339 885 398; x_wconf 86' lang='grc' dir='ltr'><strong><em>μόνον</em></strong></span> <span class='ocrx_word' id='word_1_17' title='bbox 915 340 1022 384; x_wconf 81' lang='grc' dir='ltr'><strong><em>ἀλλὰ</em></strong></span> <span class='ocrx_word' id='word_1_18' title='bbox 1054 341 1123 384; x_wconf 81' lang='grc' dir='ltr'><strong><em>καὶ</em></strong></span> <span class='ocrx_word' id='word_1_19' title='bbox 1156 340 1248 398; x_wconf 83' lang='grc' dir='ltr'><strong><em>περὶ</em></strong></span> <span class='ocrx_word' id='word_1_20' title='bbox 1279 342 1360 382; x_wconf 79' lang='grc' dir='ltr'><strong><em>τῶν</em></strong></span> <span class='ocrx_word' id='word_1_21' title='bbox 1381 336 1643 394; x_wconf 81' lang='grc' dir='ltr'><strong><em>,τιμιωτάτων</em></strong></span> 
     </span>
     <span class='ocr_line' id='line_1_4' title="bbox 162 406 1645 468; baseline -0.007 -8"><span class='ocrx_word' id='word_1_22' title='bbox 162 414 315 460; x_wconf 69' lang='grc' dir='ltr'><strong><em>οὔτῶν.</em></strong></span> <span class='ocrx_word' id='word_1_23' title='bbox 380 414 524 457; x_wconf 79' lang='grc' dir='ltr'><strong><em>πολλοὶ</em></strong></span> <span class='ocrx_word' id='word_1_24' title='bbox 545 413 621 468; x_wconf 73' lang='grc' dir='ltr'><strong>μὲν</strong></span> <span class='ocrx_word' id='word_1_25' title='bbox 642 406 715 457; x_wconf 72' lang='grc' dir='ltr'><strong><em>οὖν</em></strong></span> <span class='ocrx_word' id='word_1_26' title='bbox 736 409 998 466; x_wconf 77' lang='grc' dir='ltr'><strong><em>ἓξομνύμενοι</em></strong></span> <span class='ocrx_word' id='word_1_27' title='bbox 1017 409 1090 466; x_wconf 77' lang='grc' dir='ltr'><strong><em>τὴν</em></strong></span> <span class='ocrx_word' id='word_1_28' title='bbox 1113 408 1366 452; x_wconf 79' lang='grc' dir='ltr'><strong><em>ἀποστασίαν</em></strong></span> <span class='ocrx_word' id='word_1_29' title='bbox 1393 412 1452 467; x_wconf 78' lang='grc' dir='ltr'><strong><em>τῷ</em></strong></span> <span class='ocrx_word' id='word_1_30' title='bbox 1480 425 1645 466; x_wconf 84' lang='grc' dir='ltr'><strong><em>πρωτο-</em></strong></span> 
     </span>
     <span class='ocr_line' id='line_1_5' title="bbox 161 478 1646 543; baseline -0.007 -14"><span class='ocrx_word' id='word_1_31' title='bbox 161 483 382 543; x_wconf 79' lang='grc' dir='ltr'><strong><em>βεστιαρίῳ</em></strong></span> <span class='ocrx_word' id='word_1_32' title='bbox 398 481 667 541; x_wconf 83' lang='grc' dir='ltr'><strong><em>προσέρρεον,</em></strong></span> <span class='ocrx_word' id='word_1_33' title='bbox 697 478 753 532; x_wconf 83' lang='grc' dir='ltr'><strong>ὡς</strong></span> <span class='ocrx_word' id='word_1_34' title='bbox 770 478 1014 524; x_wconf 77' lang='grc' dir='ltr'><strong><em>κινδυνεύειν</em></strong></span> <span class='ocrx_word' id='word_1_35' title='bbox 1030 481 1243 536; x_wconf 78' lang='grc' dir='ltr'><strong><em>κονιορτοῦ</em></strong></span> <span class='ocrx_word' id='word_1_36' title='bbox 1262 478 1376 533; x_wconf 88' lang='grc' dir='ltr'><strong><em>δίκην</em></strong></span> <span class='ocrx_word' id='word_1_37' title='bbox 1394 479 1646 534; x_wconf 74' lang='grc' dir='ltr'><strong><em>διαλυθῆναι</em></strong></span> 
     </span>
     <span class='ocr_line' id='line_1_6' title="bbox 127 544 1697 613; baseline -0.007 -14"><span class='ocrx_word' id='word_1_38' title='bbox 127 552 210 600; x_wconf 79' lang='grc' dir='ltr'><strong>5τό</strong></span> <span class='ocrx_word' id='word_1_39' title='bbox 242 550 528 596; x_wconf 83' lang='grc' dir='ltr'><strong><em>ἀποστατικόν.</em></strong></span> <span class='ocrx_word' id='word_1_40' title='bbox 597 549 696 613; x_wconf 67' lang='grc' dir='ltr'><strong><em>ὅπερ</em></strong></span> <span class='ocrx_word' id='word_1_41' title='bbox 721 550 790 593; x_wconf 70' lang='grc' dir='ltr'><strong>ἵνα</strong></span> <span class='ocrx_word' id='word_1_42' title='bbox 819 549 878 606; x_wconf 85' lang='grc' dir='ltr'><strong><em>μὴ</em></strong></span> <span class='ocrx_word' id='word_1_43' title='bbox 907 549 1068 606; x_wconf 82' lang='grc' dir='ltr'><strong><em>γένηται</em></strong></span> <span class='ocrx_word' id='word_1_44' title='bbox 1093 548 1299 607; x_wconf 72' lang='grc' dir='ltr'><strong><em>φοβηθεὶς</em></strong></span> <span class='ocrx_word' id='word_1_45' title='bbox 1322 544 1344 589; x_wconf 84' lang='grc' dir='ltr'><strong>ὅ</strong></span> <span class='ocrx_word' id='word_1_46' title='bbox 1369 547 1555 605; x_wconf 80' lang='grc' dir='ltr'><strong><em>Σκληρὸς</em></strong></span> <span class='ocrx_word' id='word_1_47' title='bbox 1573 547 1645 591; x_wconf 84' lang='grc' dir='ltr'><strong><em>τὸν</em></strong></span> <span class='ocrx_word' id='word_1_48' title='bbox 1666 551 1697 588; x_wconf 91' lang='grc' dir='ltr'>Β</span> 
     </span>
     <span class='ocr_line' id='line_1_7' title="bbox 160 615 1647 681; baseline -0.004 -16"><span class='ocrx_word' id='word_1_49' title='bbox 160 619 387 681; x_wconf 78' lang='grc' dir='ltr'><strong><em>μάγιστρον</em></strong></span> <span class='ocrx_word' id='word_1_50' title='bbox 403 618 582 678; x_wconf 84' lang='grc' dir='ltr'><strong><em>Μιχαὴλ</em></strong></span> <span class='ocrx_word' id='word_1_51' title='bbox 598 619 672 664; x_wconf 86' lang='grc' dir='ltr'><strong><em>τὸν</em></strong></span> <span class='ocrx_word' id='word_1_52' title='bbox 687 619 899 677; x_wconf 85' lang='grc' dir='ltr'><strong><em>Βούρτζην</em></strong></span> <span class='ocrx_word' id='word_1_53' title='bbox 910 650 924 671; x_wconf 94' lang='grc'><strong><em>,</em></strong></span> <span class='ocrx_word' id='word_1_54' title='bbox 959 617 1050 676; x_wconf 74' lang='grc' dir='ltr'><strong><em>ἄρτι</em></strong></span> <span class='ocrx_word' id='word_1_55' title='bbox 1060 649 1076 670; x_wconf 93' lang='grc'><strong><em>,</em></strong></span> <span class='ocrx_word' id='word_1_56' title='bbox 1110 615 1167 668; x_wconf 85' lang='grc' dir='ltr'><strong>ὥς</strong></span> <span class='ocrx_word' id='word_1_57' title='bbox 1189 616 1374 670; x_wconf 70' lang='grc' dir='ltr'><strong><em>εἴπομεν,</em></strong></span> <span class='ocrx_word' id='word_1_58' title='bbox 1409 632 1647 675; x_wconf 81' lang='grc' dir='ltr'><strong><em>προσκεχω-</em></strong></span> 
     </span>
     <span class='ocr_line' id='line_1_8' title="bbox 163 683 1648 750; baseline -0.004 -15"><span class='ocrx_word' id='word_1_59' title='bbox 163 690 319 750; x_wconf 83' lang='grc' dir='ltr'><strong><em>ρηκότα</em></strong></span> <span class='ocrx_word' id='word_1_60' title='bbox 339 689 451 749; x_wconf 69' lang='grc' dir='ltr'><strong><em>αὐτῷ</em></strong></span> <span class='ocrx_word' id='word_1_61' title='bbox 459 722 475 743; x_wconf 91' lang='grc'><strong><em>,</em></strong></span> <span class='ocrx_word' id='word_1_62' title='bbox 509 690 579 733; x_wconf 79' lang='grc' dir='ltr'><strong><em>καὶ</em></strong></span> <span class='ocrx_word' id='word_1_63' title='bbox 590 687 799 745; x_wconf 84' lang='grc' dir='ltr'><strong><em>Ῥωμανόν</em></strong></span> <span class='ocrx_word' id='word_1_64' title='bbox 819 688 1030 745; x_wconf 86' lang='grc' dir='ltr'><strong><em>πατρίκιον</em></strong></span> <span class='ocrx_word' id='word_1_65' title='bbox 1050 685 1122 730; x_wconf 83' lang='grc' dir='ltr'><strong><em>τὸν</em></strong></span> <span class='ocrx_word' id='word_1_66' title='bbox 1146 686 1386 744; x_wconf 88' lang='grc' dir='ltr'><strong><em>Ταρωνίτην</em></strong></span> <span class='ocrx_word' id='word_1_67' title='bbox 1406 685 1500 740; x_wconf 76' lang='grc' dir='ltr'><strong><em>μετ’</em></strong></span> <span class='ocrx_word' id='word_1_68' title='bbox 1523 683 1648 739; x_wconf 70' lang='grc' dir='ltr'><strong><em>εὐζώ·</em></strong></span> 
     </span>
     <span class='ocr_line' id='line_1_9' title="bbox 161 757 1647 816; baseline -0.005 -12"><span class='ocrx_word' id='word_1_69' title='bbox 161 777 234 804; x_wconf 85' lang='grc' dir='ltr'><strong><em>νου</em></strong></span> <span class='ocrx_word' id='word_1_70' title='bbox 268 760 462 816; x_wconf 72' lang='grc' dir='ltr'>ἐκπέμπει</span> <span class='ocrx_word' id='word_1_71' title='bbox 494 763 713 816; x_wconf 81' lang='grc' dir='ltr'><strong><em>στρατιᾶς,</em></strong></span> <span class='ocrx_word' id='word_1_72' title='bbox 747 757 938 813; x_wconf 70' lang='grc' dir='ltr'><strong><em>ἐμποδών</em></strong></span> <span class='ocrx_word' id='word_1_73' title='bbox 963 758 1167 800; x_wconf 69' lang='grc' dir='ltr'><strong><em>ἵστασθαι</em></strong></span> <span class='ocrx_word' id='word_1_74' title='bbox 1198 759 1257 814; x_wconf 77' lang='grc' dir='ltr'><strong><em>τῷ</em></strong></span> <span class='ocrx_word' id='word_1_75' title='bbox 1289 757 1647 816; x_wconf 77' lang='grc' dir='ltr'><strong><em>πρωτοβεστιαρίῳ</em></strong></span> 
     </span>
     <span class='ocr_line' id='line_1_10' title="bbox 160 822 1642 886; baseline -0.003 -13"><span class='ocrx_word' id='word_1_76' title='bbox 160 826 374 882; x_wconf 82' lang='grc' dir='ltr'><strong><em>κελεύσας,</em></strong></span> <span class='ocrx_word' id='word_1_77' title='bbox 409 828 714 884; x_wconf 70' lang='grc' dir='ltr'><strong><em>ἐπιτιθεμένους</em></strong></span> <span class='ocrx_word' id='word_1_78' title='bbox 743 828 787 879; x_wconf 74' lang='grc' dir='ltr'><strong>ἐξ</strong></span> <span class='ocrx_word' id='word_1_79' title='bbox 818 823 999 886; x_wconf 71' lang='grc' dir='ltr'><strong><em>ἐφόδου,</em></strong></span> <span class='ocrx_word' id='word_1_80' title='bbox 1033 827 1103 869; x_wconf 85' lang='grc' dir='ltr'><strong><em>καὶ</em></strong></span> <span class='ocrx_word' id='word_1_81' title='bbox 1133 824 1210 876; x_wconf 79' lang='grc' dir='ltr'><strong>τὰς</strong></span> <span class='ocrx_word' id='word_1_82' title='bbox 1239 824 1444 882; x_wconf 72' lang='grc' dir='ltr'><strong><em>ἐκδρομὰς</em></strong></span> <span class='ocrx_word' id='word_1_83' title='bbox 1474 822 1642 868; x_wconf 79' lang='grc' dir='ltr'><strong>κωλύειν</strong></span> 
     </span>
     <span class='ocr_line' id='line_1_11' title="bbox 106 893 1642 954; baseline -0.003 -11"><span class='ocrx_word' id='word_1_84' title='bbox 106 896 219 950; x_wconf 73' lang='grc' dir='ltr'><strong>ωῶς</strong></span> <span class='ocrx_word' id='word_1_85' title='bbox 247 896 444 954; x_wconf 81' lang='grc' dir='ltr'><strong><em>δύναμις,</em></strong></span> <span class='ocrx_word' id='word_1_86' title='bbox 477 901 716 953; x_wconf 83' lang='grc' dir='ltr'><strong><em>συμπλοκῆς</em></strong></span> <span class='ocrx_word' id='word_1_87' title='bbox 741 898 786 940; x_wconf 76' lang='grc' dir='ltr'><strong>δὲ</strong></span> <span class='ocrx_word' id='word_1_88' title='bbox 816 900 1042 951; x_wconf 73' lang='grc' dir='ltr'><strong><em>καθολικῆς</em></strong></span> <span class='ocrx_word' id='word_1_89' title='bbox 1064 894 1170 939; x_wconf 81' lang='grc' dir='ltr'><strong><em>κατὰ</em></strong></span> <span class='ocrx_word' id='word_1_90' title='bbox 1200 893 1247 938; x_wconf 85' lang='grc' dir='ltr'><strong><em>τὸ</em></strong></span> <span class='ocrx_word' id='word_1_91' title='bbox 1277 894 1482 951; x_wconf 73' lang='grc' dir='ltr'><strong>ἐγχωροῦν</strong></span> <span class='ocrx_word' id='word_1_92' title='bbox 1503 895 1642 952; x_wconf 76' lang='grc' dir='ltr'><strong><em>φείδε-</em></strong></span> 
     </span>
     <span class='ocr_line' id='line_1_12' title="bbox 160 960 1642 1025; baseline -0.003 -13"><span class='ocrx_word' id='word_1_93' title='bbox 160 971 282 1012; x_wconf 70' lang='grc' dir='ltr'><strong><em>σθαι.</em></strong></span> <span class='ocrx_word' id='word_1_94' title='bbox 347 965 644 1024; x_wconf 83' lang='grc' dir='ltr'><strong><em>πλησιάσαντες</em></strong></span> <span class='ocrx_word' id='word_1_95' title='bbox 679 966 725 1010; x_wconf 78' lang='grc' dir='ltr'><strong>δὲ</strong></span> <span class='ocrx_word' id='word_1_96' title='bbox 755 969 815 1025; x_wconf 78' lang='grc' dir='ltr'><strong><em>τῷ</em></strong></span> <span class='ocrx_word' id='word_1_97' title='bbox 843 969 1045 1025; x_wconf 75' lang='grc' dir='ltr'><strong><em>βασιλικῷ</em></strong></span> <span class='ocrx_word' id='word_1_98' title='bbox 1074 960 1349 1023; x_wconf 74' lang='grc' dir='ltr'><strong><em>στρατεύματι</em></strong></span> <span class='ocrx_word' id='word_1_99' title='bbox 1381 963 1420 1006; x_wconf 80' lang='grc' dir='ltr'><strong>οἱ</strong></span> <span class='ocrx_word' id='word_1_100' title='bbox 1452 965 1542 1021; x_wconf 81' lang='grc' dir='ltr'><strong><em>περὶ</em></strong></span> <span class='ocrx_word' id='word_1_101' title='bbox 1571 963 1642 1007; x_wconf 83' lang='grc' dir='ltr'><strong><em>τὸν</em></strong></span> 
     </span>
     <span class='ocr_line' id='line_1_13' title="bbox 159 1031 1642 1095; baseline -0.005 -13"><span class='ocrx_word' id='word_1_102' title='bbox 159 1033 375 1095; x_wconf 85' lang='grc' dir='ltr'><strong><em>Βούρτζην</em></strong></span> <span class='ocrx_word' id='word_1_103' title='bbox 412 1033 738 1093; x_wconf 75' lang='grc' dir='ltr'><strong><em>ἠναγκάσθησαν</em></strong></span> <span class='ocrx_word' id='word_1_104' title='bbox 767 1037 837 1078; x_wconf 84' lang='grc' dir='ltr'><strong><em>καὶ</em></strong></span> <span class='ocrx_word' id='word_1_105' title='bbox 866 1034 1031 1086; x_wconf 72' lang='grc' dir='ltr'><strong><em>ἄκοντες</em></strong></span> <span class='ocrx_word' id='word_1_106' title='bbox 1061 1037 1288 1089; x_wconf 83' lang='grc' dir='ltr'><strong><em>πολεμῆσαι</em></strong></span> <span class='ocrx_word' id='word_1_107' title='bbox 1317 1031 1432 1090; x_wconf 79' lang='grc' dir='ltr'><strong><em>παρὰ</em></strong></span> <span class='ocrx_word' id='word_1_108' title='bbox 1462 1033 1536 1089; x_wconf 79' lang='grc' dir='ltr'><strong><em>τὴν</em></strong></span> <span class='ocrx_word' id='word_1_109' title='bbox 1564 1036 1642 1076; x_wconf 81' lang='grc' dir='ltr'><strong>τοῦ</strong></span> 
     </span>
     <span class='ocr_line' id='line_1_14' title="bbox 161 1102 1645 1173; baseline -0.003 -23"><span class='ocrx_word' id='word_1_110' title='bbox 161 1108 356 1173; x_wconf 75' lang='grc' dir='ltr'><strong><em>Σκληροῦ</em></strong></span> <span class='ocrx_word' id='word_1_111' title='bbox 379 1107 679 1163; x_wconf 79' lang='grc' dir='ltr'><strong><em>παραγγελίαν,</em></strong></span> <span class='ocrx_word' id='word_1_112' title='bbox 713 1105 794 1148; x_wconf 78' lang='grc' dir='ltr'><strong><em>ἀπὸ</em></strong></span> <span class='ocrx_word' id='word_1_113' title='bbox 818 1102 1009 1160; x_wconf 85' lang='grc' dir='ltr'><strong><em>τοιαύτης</em></strong></span> <span class='ocrx_word' id='word_1_114' title='bbox 1033 1105 1179 1155; x_wconf 77' lang='grc' dir='ltr'><strong><em>αἰτίας.</em></strong></span> <span class='ocrx_word' id='word_1_115' title='bbox 1247 1104 1481 1160; x_wconf 80' lang='grc' dir='ltr'><strong><em>Σαρακηνοὶ</em></strong></span> <span class='ocrx_word' id='word_1_116' title='bbox 1505 1102 1550 1145; x_wconf 75' lang='grc' dir='ltr'><strong>ἐκ</strong></span> <span class='ocrx_word' id='word_1_117' title='bbox 1571 1105 1645 1159; x_wconf 81' lang='grc' dir='ltr'><strong>τῆς</strong></span> 
     </span>
     <span class='ocr_line' id='line_1_15' title="bbox 160 1171 1641 1234; baseline -0.003 -16"><span class='ocrx_word' id='word_1_118' title='bbox 160 1175 266 1233; x_wconf 82' lang='grc' dir='ltr'><strong><em>πρὸς</em></strong></span> <span class='ocrx_word' id='word_1_119' title='bbox 292 1172 400 1234; x_wconf 66' lang='grc' dir='ltr'><strong><em>ἑῴαν</em></strong></span> <span class='ocrx_word' id='word_1_120' title='bbox 428 1175 631 1233; x_wconf 87' lang='grc' dir='ltr'><strong><em>Βερροίας</em></strong></span> <span class='ocrx_word' id='word_1_121' title='bbox 651 1174 705 1218; x_wconf 79' lang='grc' dir='ltr'><strong><em>τὰ</em></strong></span> <span class='ocrx_word' id='word_1_122' title='bbox 731 1172 873 1229; x_wconf 71' lang='grc' dir='ltr'><strong><em>ἐτήσια</em></strong></span> <span class='ocrx_word' id='word_1_123' title='bbox 900 1174 995 1230; x_wconf 85' lang='grc' dir='ltr'><strong><em>τέλη</em></strong></span> <span class='ocrx_word' id='word_1_124' title='bbox 1016 1171 1232 1228; x_wconf 87' lang='grc' dir='ltr'><strong><em>Ῥωμαίοις</em></strong></span> <span class='ocrx_word' id='word_1_125' title='bbox 1251 1173 1478 1226; x_wconf 84' lang='grc' dir='ltr'><strong><em>κομίζοντες</em></strong></span> <span class='ocrx_word' id='word_1_126' title='bbox 1496 1172 1641 1229; x_wconf 80' lang='grc' dir='ltr'><strong><em>ἠγγέλ-</em></strong></span> 
     </span>
     <span class='ocr_line' id='line_1_16' title="bbox 106 1239 1672 1300; baseline -0.003 -12"><span class='ocrx_word' id='word_1_127' title='bbox 106 1255 152 1293; x_wconf 82' lang='lat'><strong>15</strong></span> <span class='ocrx_word' id='word_1_128' title='bbox 163 1248 281 1288; x_wconf 89' lang='grc' dir='ltr'><strong><em>λοντο</em></strong></span> <span class='ocrx_word' id='word_1_129' title='bbox 308 1244 414 1299; x_wconf 85' lang='grc' dir='ltr'><strong><em>πρὸς</em></strong></span> <span class='ocrx_word' id='word_1_130' title='bbox 441 1243 516 1300; x_wconf 84' lang='grc' dir='ltr'><strong><em>τὴν</em></strong></span> <span class='ocrx_word' id='word_1_131' title='bbox 543 1245 740 1299; x_wconf 82' lang='grc' dir='ltr'><strong><em>βασιλίδα</em></strong></span> <span class='ocrx_word' id='word_1_132' title='bbox 770 1243 929 1286; x_wconf 77' lang='grc' dir='ltr'><strong><em>ἀπιέναι</em></strong></span> <span class='ocrx_word' id='word_1_133' title='bbox 939 1275 954 1296; x_wconf 93' lang='grc'><strong><em>,</em></strong></span> <span class='ocrx_word' id='word_1_134' title='bbox 997 1244 1066 1286; x_wconf 81' lang='grc' dir='ltr'><strong><em>καὶ</em></strong></span> <span class='ocrx_word' id='word_1_135' title='bbox 1101 1240 1158 1294; x_wconf 82' lang='grc' dir='ltr'><strong>ὥς</strong></span> <span class='ocrx_word' id='word_1_136' title='bbox 1187 1242 1381 1297; x_wconf 87' lang='grc' dir='ltr'><strong><em>μέλλουσι</em></strong></span> <span class='ocrx_word' id='word_1_137' title='bbox 1414 1239 1519 1284; x_wconf 79' lang='grc' dir='ltr'><strong><em>κατά</em></strong></span> <span class='ocrx_word' id='word_1_138' title='bbox 1552 1258 1644 1284; x_wconf 87' lang='grc' dir='ltr'><strong><em>τινα</em></strong></span> <span class='ocrx_word' id='word_1_139' title='bbox 1668 1290 1672 1293; x_wconf 39' lang='grc'>,</span> 
     </span>
     <span class='ocr_line' id='line_1_17' title="bbox 160 1309 1643 1372; baseline -0.003 -15"><span class='ocrx_word' id='word_1_140' title='bbox 160 1312 290 1372; x_wconf 78' lang='grc' dir='ltr'><strong><em>ῥητὴν</em></strong></span> <span class='ocrx_word' id='word_1_141' title='bbox 319 1311 478 1369; x_wconf 71' lang='grc' dir='ltr'><strong><em>ἡμέραν</em></strong></span> <span class='ocrx_word' id='word_1_142' title='bbox 507 1314 577 1356; x_wconf 78' lang='grc' dir='ltr'><strong>διὰ</strong></span> <span class='ocrx_word' id='word_1_143' title='bbox 604 1313 741 1369; x_wconf 86' lang='grc' dir='ltr'><strong><em>μέσων</em></strong></span> <span class='ocrx_word' id='word_1_144' title='bbox 772 1314 873 1356; x_wconf 76' lang='grc' dir='ltr'><strong><em>ἴέναι</em></strong></span> <span class='ocrx_word' id='word_1_145' title='bbox 909 1316 991 1356; x_wconf 79' lang='grc' dir='ltr'><strong><em>τῶν</em></strong></span> <span class='ocrx_word' id='word_1_146' title='bbox 1016 1309 1347 1370; x_wconf 77' lang='grc' dir='ltr'><strong><em>στρατευμάτων.</em></strong></span> <span class='ocrx_word' id='word_1_147' title='bbox 1415 1312 1484 1353; x_wconf 82' lang='grc' dir='ltr'><strong><em>καὶ</em></strong></span> <span class='ocrx_word' id='word_1_148' title='bbox 1505 1310 1643 1367; x_wconf 73' lang='grc' dir='ltr'><strong><em>ἐπειδὴ</em></strong></span> 
     </span>
     <span class='ocr_line' id='line_1_18' title="bbox 161 1377 1645 1441; baseline -0.003 -15"><span class='ocrx_word' id='word_1_149' title='bbox 161 1387 299 1441; x_wconf 84' lang='grc' dir='ltr'><strong><em>παρῆν</em></strong></span> <span class='ocrx_word' id='word_1_150' title='bbox 316 1380 344 1439; x_wconf 79' lang='grc' dir='ltr'><em>ἦ</em></span> <span class='ocrx_word' id='word_1_151' title='bbox 362 1383 484 1441; x_wconf 84' lang='grc' dir='ltr'><strong><em>κυρία</em></strong></span> <span class='ocrx_word' id='word_1_152' title='bbox 502 1384 571 1426; x_wconf 82' lang='grc' dir='ltr'><strong><em>καὶ</em></strong></span> <span class='ocrx_word' id='word_1_153' title='bbox 590 1381 757 1438; x_wconf 67' lang='grc' dir='ltr'><strong><em>ἔμελλον</em></strong></span> <span class='ocrx_word' id='word_1_154' title='bbox 779 1381 885 1425; x_wconf 82' lang='grc' dir='ltr'><strong><em>κατὰ</em></strong></span> <span class='ocrx_word' id='word_1_155' title='bbox 906 1381 952 1425; x_wconf 80' lang='grc' dir='ltr'><strong><em>τὸ</em></strong></span> <span class='ocrx_word' id='word_1_156' title='bbox 975 1379 1187 1438; x_wconf 77' lang='grc' dir='ltr'><strong><em>λεγόμενον</em></strong></span> <span class='ocrx_word' id='word_1_157' title='bbox 1204 1377 1425 1431; x_wconf 74' lang='grc' dir='ltr'><strong><em>Ὀξύλιθον</em></strong></span> <span class='ocrx_word' id='word_1_158' title='bbox 1445 1378 1645 1438; x_wconf 80' lang='grc' dir='ltr'><strong><em>φρούριον</em></strong></span> 
     </span>
     <span class='ocr_line' id='line_1_19' title="bbox 162 1446 1645 1510; baseline -0.003 -15"><span class='ocrx_word' id='word_1_159' title='bbox 162 1452 203 1496; x_wconf 76' lang='grc' dir='ltr'><strong>οἷ</strong></span> <span class='ocrx_word' id='word_1_160' title='bbox 237 1454 471 1510; x_wconf 78' lang='grc' dir='ltr'><strong><em>Σαρακηνοὶ</em></strong></span> <span class='ocrx_word' id='word_1_161' title='bbox 505 1452 751 1508; x_wconf 82' lang='grc' dir='ltr'><strong><em>διαβαίνειν,</em></strong></span> <span class='ocrx_word' id='word_1_162' title='bbox 793 1451 1119 1501; x_wconf 77' lang='grc' dir='ltr'><strong><em>καθοπλίσαντες</em></strong></span> <span class='ocrx_word' id='word_1_163' title='bbox 1145 1449 1185 1493; x_wconf 79' lang='grc' dir='ltr'><strong>οἱ</strong></span> <span class='ocrx_word' id='word_1_164' title='bbox 1212 1450 1304 1507; x_wconf 79' lang='grc' dir='ltr'><strong><em>περὶ</em></strong></span> <span class='ocrx_word' id='word_1_165' title='bbox 1332 1449 1403 1492; x_wconf 84' lang='grc' dir='ltr'><strong><em>τὸν</em></strong></span> <span class='ocrx_word' id='word_1_166' title='bbox 1431 1446 1645 1507; x_wconf 86' lang='grc' dir='ltr'><strong><em>Βούρτζην</em></strong></span> 
     </span>
     <span class='ocr_line' id='line_1_20' title="bbox 161 1519 1643 1580; baseline -0.003 -15"><span class='ocrx_word' id='word_1_167' title='bbox 161 1521 261 1574; x_wconf 79' lang='grc' dir='ltr'><strong><em>τοὺς</em></strong></span> <span class='ocrx_word' id='word_1_168' title='bbox 279 1521 391 1580; x_wconf 80' lang='grc' dir='ltr'><strong><em>ἄμφ’</em></strong></span> <span class='ocrx_word' id='word_1_169' title='bbox 413 1519 586 1575; x_wconf 72' lang='grc' dir='ltr'><strong><em>αὐτούς,</em></strong></span> <span class='ocrx_word' id='word_1_170' title='bbox 619 1521 667 1565; x_wconf 84' lang='grc' dir='ltr'><strong><em>τὸ</em></strong></span> <span class='ocrx_word' id='word_1_171' title='bbox 691 1523 719 1564; x_wconf 88' lang='grc' dir='ltr'><strong><em>δ</em></strong></span> <span class='ocrx_word' id='word_1_172' title='bbox 725 1521 738 1537; x_wconf 80' lang='lat'><strong>³</strong></span> <span class='ocrx_word' id='word_1_173' title='bbox 763 1520 863 1564; x_wconf 77' lang='grc' dir='ltr'><strong><em>αὐτὸ</em></strong></span> <span class='ocrx_word' id='word_1_174' title='bbox 886 1524 1007 1564; x_wconf 79' lang='grc' dir='ltr'><strong><em>τοῦτο</em></strong></span> <span class='ocrx_word' id='word_1_175' title='bbox 1028 1520 1095 1563; x_wconf 82' lang='grc' dir='ltr'><strong><em>καὶ</em></strong></span> <span class='ocrx_word' id='word_1_176' title='bbox 1118 1519 1157 1562; x_wconf 79' lang='grc' dir='ltr'><strong>οἳ</strong></span> <span class='ocrx_word' id='word_1_177' title='bbox 1177 1523 1253 1562; x_wconf 77' lang='grc' dir='ltr'><strong>τοῦ</strong></span> <span class='ocrx_word' id='word_1_178' title='bbox 1270 1519 1643 1576; x_wconf 78' lang='grc' dir='ltr'><strong><em>πρωτοβεστιαρίου</em></strong></span> 
     </span>
     <span class='ocr_line' id='line_1_21' title="bbox 102 1585 1645 1649; baseline -0.003 -15"><span class='ocrx_word' id='word_1_179' title='bbox 102 1587 444 1647; x_wconf 64' lang='grc' dir='ltr'><strong><em>Ξοπεποιηκότες,</em></strong></span> <span class='ocrx_word' id='word_1_180' title='bbox 477 1589 594 1647; x_wconf 82' lang='grc' dir='ltr'><strong><em>μάλα</em></strong></span> <span class='ocrx_word' id='word_1_181' title='bbox 618 1588 849 1649; x_wconf 76' lang='grc' dir='ltr'><strong><em>ὁρμητικῶς</em></strong></span> <span class='ocrx_word' id='word_1_182' title='bbox 876 1589 981 1647; x_wconf 81' lang='grc' dir='ltr'><strong><em>πρὸς</em></strong></span> <span class='ocrx_word' id='word_1_183' title='bbox 1007 1589 1083 1645; x_wconf 85' lang='grc' dir='ltr'><strong><em>τὴν</em></strong></span> <span class='ocrx_word' id='word_1_184' title='bbox 1109 1586 1248 1644; x_wconf 80' lang='grc' dir='ltr'><strong><em>μάχην</em></strong></span> <span class='ocrx_word' id='word_1_185' title='bbox 1275 1585 1478 1646; x_wconf 70' lang='grc' dir='ltr'><strong><em>ἐχώρουν·</em></strong></span> <span class='ocrx_word' id='word_1_186' title='bbox 1513 1585 1645 1645; x_wconf 89' lang='grc' dir='ltr'><strong><em>πρού-</em></strong></span> 
     </span>
     <span class='ocr_line' id='line_1_22' title="bbox 161 1654 1645 1719; baseline -0.003 -15"><span class='ocrx_word' id='word_1_187' title='bbox 161 1677 269 1705; x_wconf 81' lang='grc' dir='ltr'><strong><em>κειτο</em></strong></span> <span class='ocrx_word' id='word_1_188' title='bbox 302 1659 384 1719; x_wconf 77' lang='grc' dir='ltr'><strong><em>γὰρ</em></strong></span> <span class='ocrx_word' id='word_1_189' title='bbox 419 1658 625 1719; x_wconf 71' lang='grc' dir='ltr'><strong><em>ἑκατέροις</em></strong></span> <span class='ocrx_word' id='word_1_190' title='bbox 653 1658 790 1718; x_wconf 82' lang='grc' dir='ltr'><strong><em>ὥσπερ</em></strong></span> <span class='ocrx_word' id='word_1_191' title='bbox 820 1677 883 1711; x_wconf 86' lang='grc' dir='ltr'><strong>τις</strong></span> <span class='ocrx_word' id='word_1_192' title='bbox 913 1654 1047 1710; x_wconf 73' lang='grc' dir='ltr'><strong><em>ἆθλος</em></strong></span> <span class='ocrx_word' id='word_1_193' title='bbox 1077 1656 1099 1701; x_wconf 86' lang='grc' dir='ltr'><em>ὅ</em></span> <span class='ocrx_word' id='word_1_194' title='bbox 1131 1657 1246 1717; x_wconf 79' lang='grc' dir='ltr'><strong><em>παρὰ</em></strong></span> <span class='ocrx_word' id='word_1_195' title='bbox 1279 1662 1360 1700; x_wconf 83' lang='grc' dir='ltr'><strong><em>τῶν</em></strong></span> <span class='ocrx_word' id='word_1_196' title='bbox 1392 1659 1645 1715; x_wconf 80' lang='grc' dir='ltr'><strong><em>Σαρακηνῶν</em></strong></span> 
     </span>
     <span class='ocr_line' id='line_1_23' title="bbox 107 1716 1646 1788; baseline -0.004 -14"><span class='ocrx_word' id='word_1_197' title='bbox 107 1763 112 1767; x_wconf 79' lang='grc'><strong>-</strong></span> <span class='ocrx_word' id='word_1_198' title='bbox 160 1727 423 1786; x_wconf 81' lang='grc' dir='ltr'><strong><em>κομιζόμενος</em></strong></span> <span class='ocrx_word' id='word_1_199' title='bbox 457 1716 638 1788; x_wconf 48' lang='grc' dir='ltr'><strong><em>χρυσόςῖ</em></strong></span> <span class='ocrx_word' id='word_1_200' title='bbox 694 1716 763 1773; x_wconf 62' lang='grc' dir='ltr'><strong><em>καὶ</em></strong></span> <span class='ocrx_word' id='word_1_201' title='bbox 798 1729 958 1787; x_wconf 74' lang='grc' dir='ltr'><strong><em>ἐπείπερ</em></strong></span> <span class='ocrx_word' id='word_1_202' title='bbox 994 1727 1189 1785; x_wconf 79' lang='grc' dir='ltr'><strong><em>ἤγγισαν,</em></strong></span> <span class='ocrx_word' id='word_1_203' title='bbox 1237 1724 1510 1782; x_wconf 87' lang='grc' dir='ltr'><strong><em>συμπεσόντες</em></strong></span> <span class='ocrx_word' id='word_1_204' title='bbox 1542 1723 1646 1781; x_wconf 75' lang='grc' dir='ltr'><strong><em>ἐμά-</em></strong></span> 
     </span>
    </p>
   </div>
   <div class='ocr_carea' id='block_1_3' title="bbox 91 1794 1644 1858">
    <p class='ocr_par' dir='ltr' id='par_1_3' title="bbox 91 1794 1644 1858">
     <span class='ocr_line' id='line_1_24' title="bbox 91 1794 1644 1858; baseline -0.003 -15"><span class='ocrx_word' id='word_1_205' title='bbox 91 1794 94 1798; x_wconf 40' lang='grc'><strong>’</strong></span> <span class='ocrx_word' id='word_1_206' title='bbox 156 1808 296 1855; x_wconf 81' lang='grc' dir='ltr'><strong><em>χοντο.</em></strong></span> <span class='ocrx_word' id='word_1_207' title='bbox 362 1799 550 1858; x_wconf 84' lang='grc' dir='ltr'><strong><em>τρέπεται</em></strong></span> <span class='ocrx_word' id='word_1_208' title='bbox 582 1802 683 1856; x_wconf 77' lang='grc' dir='ltr'><strong><em>γοῦν</em></strong></span> <span class='ocrx_word' id='word_1_209' title='bbox 712 1797 735 1843; x_wconf 81' lang='grc' dir='ltr'><em>ὃ</em></span> <span class='ocrx_word' id='word_1_210' title='bbox 769 1797 976 1857; x_wconf 85' lang='grc' dir='ltr'><strong><em>Βούρτζης</em></strong></span> <span class='ocrx_word' id='word_1_211' title='bbox 988 1829 1003 1850; x_wconf 91' lang='grc'><strong><em>,</em></strong></span> <span class='ocrx_word' id='word_1_212' title='bbox 1037 1799 1106 1840; x_wconf 81' lang='grc' dir='ltr'><strong><em>καὶ</em></strong></span> <span class='ocrx_word' id='word_1_213' title='bbox 1138 1798 1281 1841; x_wconf 81' lang='grc' dir='ltr'><strong><em>πολλοὶ</em></strong></span> <span class='ocrx_word' id='word_1_214' title='bbox 1312 1800 1394 1840; x_wconf 83' lang='grc' dir='ltr'><strong><em>τῶν</em></strong></span> <span class='ocrx_word' id='word_1_215' title='bbox 1426 1796 1502 1839; x_wconf 84' lang='grc' dir='ltr'><strong><em>σὺν</em></strong></span> <span class='ocrx_word' id='word_1_216' title='bbox 1531 1795 1644 1854; x_wconf 77' lang='grc' dir='ltr'><strong><em>αὐτῷ</em></strong></span> 
     </span>
    </p>
   </div>
   <div class='ocr_carea' id='block_1_4' title="bbox 159 1863 1645 2025">
    <p class='ocr_par' dir='ltr' id='par_1_4' title="bbox 159 1863 1645 2025">
     <span class='ocr_line' id='line_1_25' title="bbox 159 1863 1645 1926; baseline -0.003 -14"><span class='ocrx_word' id='word_1_217' title='bbox 159 1867 397 1924; x_wconf 79' lang='grc' dir='ltr'><strong><em>ἀπώλοντο,</em></strong></span> <span class='ocrx_word' id='word_1_218' title='bbox 432 1870 500 1912; x_wconf 84' lang='grc' dir='ltr'><strong><em>καὶ</em></strong></span> <span class='ocrx_word' id='word_1_219' title='bbox 521 1873 679 1925; x_wconf 84' lang='grc' dir='ltr'><strong><em>μᾶλλον</em></strong></span> <span class='ocrx_word' id='word_1_220' title='bbox 702 1872 784 1912; x_wconf 79' lang='grc' dir='ltr'><strong><em>τῶν</em></strong></span> <span class='ocrx_word' id='word_1_221' title='bbox 807 1869 1047 1926; x_wconf 82' lang='grc' dir='ltr'><strong><em>Ἀρμενίων·</em></strong></span> <span class='ocrx_word' id='word_1_222' title='bbox 1081 1865 1239 1918; x_wconf 80' lang='grc' dir='ltr'><strong><em>πάντας</em></strong></span> <span class='ocrx_word' id='word_1_223' title='bbox 1255 1865 1335 1925; x_wconf 80' lang='grc' dir='ltr'><strong><em>γὰρ</em></strong></span> <span class='ocrx_word' id='word_1_224' title='bbox 1356 1864 1452 1916; x_wconf 73' lang='grc' dir='ltr'><strong><em>τοὺς</em></strong></span> <span class='ocrx_word' id='word_1_225' title='bbox 1469 1863 1645 1916; x_wconf 77' lang='grc' dir='ltr'><strong><em>ἁλόντας</em></strong></span> 
     </span>
     <span class='ocr_line' id='line_1_26' title="bbox 254 1972 1248 2025; baseline -0.004 -11"><span class='ocrx_word' id='word_1_226' title='bbox 254 1976 300 2014; x_wconf 83' lang='lat'><strong>14</strong></span> <span class='ocrx_word' id='word_1_227' title='bbox 323 1974 373 2013; x_wconf 74' lang='grc' dir='ltr'><strong>ἕω</strong></span> <span class='ocrx_word' id='word_1_228' title='bbox 395 1976 549 2025; x_wconf 76' lang='grc' dir='ltr'><strong><em>βεροίας</em></strong></span> <span class='ocrx_word' id='word_1_229' title='bbox 570 1977 604 2014; x_wconf 84' lang='lat' dir='ltr'>C</span> <span class='ocrx_word' id='word_1_230' title='bbox 740 1977 788 2014; x_wconf 74' lang='lat'><strong>24</strong></span> <span class='ocrx_word' id='word_1_231' title='bbox 809 1973 972 2018; x_wconf 73' lang='grc' dir='ltr'><strong><em>ἁλόντας</em></strong></span> <span class='ocrx_word' id='word_1_232' title='bbox 993 1972 1194 2022; x_wconf 76' lang='grc' dir='ltr'><strong><em>ἄρμενίους</em></strong></span> <span class='ocrx_word' id='word_1_233' title='bbox 1217 1975 1248 2010; x_wconf 86' lang='lat' dir='ltr'>C</span> 
     </span>
    </p>
   </div>
   <div class='ocr_carea' id='block_1_5' title="bbox 157 2063 1643 2907">
    <p class='ocr_par' dir='ltr' id='par_1_5' title="bbox 157 2063 1643 2907">
     <span class='ocr_line' id='line_1_27' title="bbox 157 2063 1642 2117; baseline -0.003 -11"><span class='ocrx_word' id='word_1_234' title='bbox 157 2069 338 2116; x_wconf 76' lang='lat' dir='ltr'><strong>ingentem</strong></span> <span class='ocrx_word' id='word_1_235' title='bbox 361 2069 516 2106; x_wconf 80' lang='lat' dir='ltr'><strong>coniecit</strong></span> <span class='ocrx_word' id='word_1_236' title='bbox 536 2081 598 2106; x_wconf 87' lang='lat' dir='ltr'><strong>eos</strong></span> <span class='ocrx_word' id='word_1_237' title='bbox 621 2069 684 2117; x_wconf 87' lang='lat' dir='ltr'><strong>qui</strong></span> <span class='ocrx_word' id='word_1_238' title='bbox 707 2081 784 2106; x_wconf 90' lang='lat' dir='ltr'><strong>cum</strong></span> <span class='ocrx_word' id='word_1_239' title='bbox 807 2069 905 2105; x_wconf 90' lang='lat' dir='ltr'><strong>Duro</strong></span> <span class='ocrx_word' id='word_1_240' title='bbox 929 2072 1042 2114; x_wconf 81' lang='lat' dir='ltr'><strong>erant,</strong></span> <span class='ocrx_word' id='word_1_241' title='bbox 1066 2068 1160 2115; x_wconf 88' lang='lat' dir='ltr'><strong>quod</strong></span> <span class='ocrx_word' id='word_1_242' title='bbox 1182 2067 1251 2103; x_wconf 86' lang='lat' dir='ltr'><strong>iam</strong></span> <span class='ocrx_word' id='word_1_243' title='bbox 1271 2078 1343 2102; x_wconf 90' lang='lat' dir='ltr'><strong>non</strong></span> <span class='ocrx_word' id='word_1_244' title='bbox 1365 2065 1412 2102; x_wconf 81' lang='lat' dir='ltr'><strong>de</strong></span> <span class='ocrx_word' id='word_1_245' title='bbox 1432 2063 1582 2113; x_wconf 82' lang='lat' dir='ltr'><strong>pecunia</strong></span> <span class='ocrx_word' id='word_1_246' title='bbox 1604 2068 1642 2101; x_wconf 79' lang='lat' dir='ltr'><strong>et</strong></span> 
     </span>
     <span class='ocr_line' id='line_1_28' title="bbox 158 2112 1642 2158; baseline -0.004 -6"><span class='ocrx_word' id='word_1_247' title='bbox 158 2117 264 2152; x_wconf 87' lang='lat' dir='ltr'><strong>bouis</strong></span> <span class='ocrx_word' id='word_1_248' title='bbox 287 2117 361 2152; x_wconf 83' lang='lat' dir='ltr'><strong>suis</strong></span> <span class='ocrx_word' id='word_1_249' title='bbox 383 2122 518 2152; x_wconf 84' lang='lat' dir='ltr'><strong>tantum</strong></span> <span class='ocrx_word' id='word_1_250' title='bbox 542 2118 605 2153; x_wconf 84' lang='lat' dir='ltr'><strong>sed</strong></span> <span class='ocrx_word' id='word_1_251' title='bbox 628 2118 734 2153; x_wconf 82' lang='lat' dir='ltr'><strong>etiam</strong></span> <span class='ocrx_word' id='word_1_252' title='bbox 758 2119 802 2152; x_wconf 93' lang='lat' dir='ltr'><strong>de</strong></span> <span class='ocrx_word' id='word_1_253' title='bbox 825 2116 1017 2151; x_wconf 80' lang='lat' dir='ltr'><strong>carissimis</strong></span> <span class='ocrx_word' id='word_1_254' title='bbox 1040 2115 1204 2150; x_wconf 82' lang='lat' dir='ltr'><strong>venirent</strong></span> <span class='ocrx_word' id='word_1_255' title='bbox 1218 2114 1254 2148; x_wconf 86' lang='lat' dir='ltr'><strong>in</strong></span> <span class='ocrx_word' id='word_1_256' title='bbox 1271 2114 1471 2148; x_wconf 81' lang='lat' dir='ltr'><strong>discrimen.</strong></span> <span class='ocrx_word' id='word_1_257' title='bbox 1519 2112 1642 2158; x_wconf 80' lang='lat' dir='ltr'><strong>itaque</strong></span> 
     </span>
     <span class='ocr_line' id='line_1_29' title="bbox 158 2158 1640 2219; baseline -0.004 -20"><span class='ocrx_word' id='word_1_258' title='bbox 158 2163 258 2199; x_wconf 86' lang='lat' dir='ltr'><strong>multi</strong></span> <span class='ocrx_word' id='word_1_259' title='bbox 282 2163 422 2200; x_wconf 83' lang='lat' dir='ltr'><strong>eiurata</strong></span> <span class='ocrx_word' id='word_1_260' title='bbox 442 2164 683 2210; x_wconf 86' lang='lat' dir='ltr'><strong>perduellione</strong></span> <span class='ocrx_word' id='word_1_261' title='bbox 707 2165 754 2199; x_wconf 87' lang='lat' dir='ltr'><strong>ad</strong></span> <span class='ocrx_word' id='word_1_262' title='bbox 772 2162 1086 2219; x_wconf 83' lang='lat' dir='ltr'><strong>protovestiarium</strong></span> <span class='ocrx_word' id='word_1_263' title='bbox 1110 2173 1149 2196; x_wconf 91' lang='lat' dir='ltr'><strong>se</strong></span> <span class='ocrx_word' id='word_1_264' title='bbox 1171 2160 1415 2203; x_wconf 82' lang='lat' dir='ltr'><strong>contulerunt3</strong></span> <span class='ocrx_word' id='word_1_265' title='bbox 1447 2159 1584 2204; x_wconf 82' lang='lat' dir='ltr'><strong>iamque</strong></span> <span class='ocrx_word' id='word_1_266' title='bbox 1601 2158 1640 2193; x_wconf 88' lang='lat' dir='ltr'><strong>in</strong></span> 
     </span>
     <span class='ocr_line' id='line_1_30' title="bbox 161 2205 1638 2256; baseline -0.002 -12"><span class='ocrx_word' id='word_1_267' title='bbox 161 2221 206 2244; x_wconf 87' lang='lat' dir='ltr'><strong>eo</strong></span> <span class='ocrx_word' id='word_1_268' title='bbox 238 2209 396 2256; x_wconf 85' lang='lat' dir='ltr'><strong>periculo</strong></span> <span class='ocrx_word' id='word_1_269' title='bbox 425 2210 562 2245; x_wconf 66' lang='lat' dir='ltr'><strong>Bau-das</strong></span> <span class='ocrx_word' id='word_1_270' title='bbox 595 2215 673 2245; x_wconf 83' lang='lat' dir='ltr'><strong>erat</strong></span> <span class='ocrx_word' id='word_1_271' title='bbox 703 2223 748 2245; x_wconf 91' lang='lat' dir='ltr'><strong>ne</strong></span> <span class='ocrx_word' id='word_1_272' title='bbox 770 2211 882 2256; x_wconf 75' lang='lat' dir='ltr'><strong>ipsius</strong></span> <span class='ocrx_word' id='word_1_273' title='bbox 905 2208 1031 2255; x_wconf 90' lang='lat' dir='ltr'><strong>copiae</strong></span> <span class='ocrx_word' id='word_1_274' title='bbox 1055 2207 1211 2253; x_wconf 85' lang='lat' dir='ltr'><strong>pulveris</strong></span> <span class='ocrx_word' id='word_1_275' title='bbox 1230 2206 1344 2242; x_wconf 83' lang='lat' dir='ltr'><strong>instar</strong></span> <span class='ocrx_word' id='word_1_276' title='bbox 1366 2205 1638 2252; x_wconf 84' lang='lat' dir='ltr'><strong>dissiparentur.</strong></span> 
     </span>
     <span class='ocr_line' id='line_1_31' title="bbox 160 2250 1638 2301; baseline -0.004 -11"><span class='ocrx_word' id='word_1_277' title='bbox 160 2256 199 2291; x_wconf 82' lang='lat' dir='ltr'><strong>id</strong></span> <span class='ocrx_word' id='word_1_278' title='bbox 222 2267 308 2301; x_wconf 85' lang='lat' dir='ltr'><strong>ergo</strong></span> <span class='ocrx_word' id='word_1_279' title='bbox 333 2268 379 2291; x_wconf 89' lang='lat' dir='ltr'><strong>ne</strong></span> <span class='ocrx_word' id='word_1_280' title='bbox 402 2256 524 2301; x_wconf 84' lang='lat' dir='ltr'><strong>fieret,</strong></span> <span class='ocrx_word' id='word_1_281' title='bbox 548 2256 758 2291; x_wconf 85' lang='lat' dir='ltr'><strong>Michaelum</strong></span> <span class='ocrx_word' id='word_1_282' title='bbox 779 2258 942 2292; x_wconf 83' lang='lat' dir='ltr'><strong>Burtzam</strong></span> <span class='ocrx_word' id='word_1_283' title='bbox 960 2254 1181 2299; x_wconf 80' lang='lat' dir='ltr'><strong>magistrum,</strong></span> <span class='ocrx_word' id='word_1_284' title='bbox 1205 2264 1308 2298; x_wconf 86' lang='lat' dir='ltr'><strong>quem</strong></span> <span class='ocrx_word' id='word_1_285' title='bbox 1329 2263 1441 2298; x_wconf 81' lang='lat' dir='ltr'><strong>nuper</strong></span> <span class='ocrx_word' id='word_1_286' title='bbox 1460 2250 1494 2285; x_wconf 91' lang='lat' dir='ltr'><strong>ei</strong></span> <span class='ocrx_word' id='word_1_287' title='bbox 1517 2261 1638 2285; x_wconf 85' lang='lat' dir='ltr'><strong>acces-</strong></span> 
     </span>
     <span class='ocr_line' id='line_1_32' title="bbox 159 2297 1639 2349; baseline -0.004 -13"><span class='ocrx_word' id='word_1_288' title='bbox 159 2303 252 2337; x_wconf 83' lang='lat' dir='ltr'><strong>sisse</strong></span> <span class='ocrx_word' id='word_1_289' title='bbox 282 2301 486 2346; x_wconf 83' lang='lat' dir='ltr'><strong>docuimus,</strong></span> <span class='ocrx_word' id='word_1_290' title='bbox 517 2306 554 2337; x_wconf 80' lang='lat' dir='ltr'><strong>et</strong></span> <span class='ocrx_word' id='word_1_291' title='bbox 583 2303 778 2338; x_wconf 88' lang='lat' dir='ltr'><strong>Romanum</strong></span> <span class='ocrx_word' id='word_1_292' title='bbox 800 2302 985 2349; x_wconf 82' lang='lat' dir='ltr'><strong>patricium</strong></span> <span class='ocrx_word' id='word_1_293' title='bbox 1008 2300 1217 2335; x_wconf 82' lang='lat' dir='ltr'><strong>Taronitam</strong></span> <span class='ocrx_word' id='word_1_294' title='bbox 1241 2311 1318 2334; x_wconf 87' lang='lat' dir='ltr'><strong>cum</strong></span> <span class='ocrx_word' id='word_1_295' title='bbox 1341 2297 1506 2344; x_wconf 84' lang='lat' dir='ltr'><strong>expedito</strong></span> <span class='ocrx_word' id='word_1_296' title='bbox 1532 2308 1639 2331; x_wconf 89' lang='lat' dir='ltr'><strong>exer-</strong></span> 
     </span>
     <span class='ocr_line' id='line_1_33' title="bbox 160 2342 1640 2394; baseline -0.005 -11"><span class='ocrx_word' id='word_1_297' title='bbox 160 2349 232 2384; x_wconf 82' lang='lat' dir='ltr'><strong>citu</strong></span> <span class='ocrx_word' id='word_1_298' title='bbox 264 2347 396 2394; x_wconf 81' lang='lat' dir='ltr'><strong>mittit,</strong></span> <span class='ocrx_word' id='word_1_299' title='bbox 429 2349 491 2394; x_wconf 87' lang='lat' dir='ltr'><strong>qui</strong></span> <span class='ocrx_word' id='word_1_300' title='bbox 512 2349 644 2383; x_wconf 84' lang='lat' dir='ltr'><strong>Leonis</strong></span> <span class='ocrx_word' id='word_1_301' title='bbox 667 2348 915 2394; x_wconf 84' lang='lat' dir='ltr'><strong>progressibus</strong></span> <span class='ocrx_word' id='word_1_302' title='bbox 938 2349 1141 2391; x_wconf 80' lang='lat' dir='ltr'><strong>obstarent,</strong></span> <span class='ocrx_word' id='word_1_303' title='bbox 1179 2356 1328 2390; x_wconf 85' lang='lat' dir='ltr'><strong>eumque</strong></span> <span class='ocrx_word' id='word_1_304' title='bbox 1358 2342 1487 2379; x_wconf 85' lang='lat' dir='ltr'><strong>subitis</strong></span> <span class='ocrx_word' id='word_1_305' title='bbox 1517 2343 1640 2377; x_wconf 88' lang='lat' dir='ltr'><strong>incur-</strong></span> 
     </span>
     <span class='ocr_line' id='line_1_34' title="bbox 160 2389 1640 2441; baseline -0.005 -10"><span class='ocrx_word' id='word_1_306' title='bbox 160 2395 320 2431; x_wconf 87' lang='lat' dir='ltr'><strong>sionibus</strong></span> <span class='ocrx_word' id='word_1_307' title='bbox 353 2399 527 2430; x_wconf 76' lang='lat' dir='ltr'><strong>vexarent</strong></span> <span class='ocrx_word' id='word_1_308' title='bbox 557 2399 594 2430; x_wconf 82' lang='lat' dir='ltr'><strong>et</strong></span> <span class='ocrx_word' id='word_1_309' title='bbox 624 2395 905 2441; x_wconf 83' lang='lat' dir='ltr'><strong>pabulationibus</strong></span> <span class='ocrx_word' id='word_1_310' title='bbox 934 2405 998 2440; x_wconf 87' lang='lat' dir='ltr'><strong>pro</strong></span> <span class='ocrx_word' id='word_1_311' title='bbox 1021 2392 1119 2427; x_wconf 85' lang='lat' dir='ltr'><strong>virili</strong></span> <span class='ocrx_word' id='word_1_312' title='bbox 1142 2396 1322 2436; x_wconf 85' lang='lat' dir='ltr'><strong>arcerent,</strong></span> <span class='ocrx_word' id='word_1_313' title='bbox 1358 2389 1498 2424; x_wconf 92' lang='lat' dir='ltr'><strong>omnino</strong></span> <span class='ocrx_word' id='word_1_314' title='bbox 1523 2394 1640 2424; x_wconf 84' lang='lat' dir='ltr'><strong>autem</strong></span> 
     </span>
     <span class='ocr_line' id='line_1_35' title="bbox 158 2435 1641 2488; baseline -0.005 -12"><span class='ocrx_word' id='word_1_315' title='bbox 158 2447 326 2488; x_wconf 81' lang='lat' dir='ltr'><strong>quantum</strong></span> <span class='ocrx_word' id='word_1_316' title='bbox 351 2441 428 2476; x_wconf 84' lang='lat' dir='ltr'><strong>eius</strong></span> <span class='ocrx_word' id='word_1_317' title='bbox 450 2441 531 2476; x_wconf 86' lang='lat' dir='ltr'><strong>fieri</strong></span> <span class='ocrx_word' id='word_1_318' title='bbox 554 2446 687 2488; x_wconf 86' lang='lat' dir='ltr'><strong>posset,</strong></span> <span class='ocrx_word' id='word_1_319' title='bbox 711 2442 838 2476; x_wconf 82' lang='lat' dir='ltr'><strong>iustam</strong></span> <span class='ocrx_word' id='word_1_320' title='bbox 862 2451 1013 2486; x_wconf 85' lang='lat' dir='ltr'><strong>pugnam</strong></span> <span class='ocrx_word' id='word_1_321' title='bbox 1031 2439 1198 2474; x_wconf 80' lang='lat' dir='ltr'><strong>vitarent.</strong></span> <span class='ocrx_word' id='word_1_322' title='bbox 1244 2439 1393 2473; x_wconf 81' lang='lat' dir='ltr'><strong>Burtzas</strong></span> <span class='ocrx_word' id='word_1_323' title='bbox 1417 2440 1455 2471; x_wconf 81' lang='lat' dir='ltr'><strong>et</strong></span> <span class='ocrx_word' id='word_1_324' title='bbox 1478 2435 1539 2481; x_wconf 90' lang='lat' dir='ltr'><strong>qui</strong></span> <span class='ocrx_word' id='word_1_325' title='bbox 1563 2446 1641 2470; x_wconf 91' lang='lat' dir='ltr'><strong>cum</strong></span> 
     </span>
     <span class='ocr_line' id='line_1_36' title="bbox 160 2481 1643 2535; baseline -0.005 -12"><span class='ocrx_word' id='word_1_326' title='bbox 160 2500 204 2523; x_wconf 89' lang='lat' dir='ltr'><strong>eo</strong></span> <span class='ocrx_word' id='word_1_327' title='bbox 228 2493 351 2532; x_wconf 85' lang='lat' dir='ltr'><strong>erant,</strong></span> <span class='ocrx_word' id='word_1_328' title='bbox 385 2499 461 2522; x_wconf 92' lang='lat' dir='ltr'><strong>cum</strong></span> <span class='ocrx_word' id='word_1_329' title='bbox 484 2487 554 2522; x_wconf 86' lang='lat' dir='ltr'><strong>iam</strong></span> <span class='ocrx_word' id='word_1_330' title='bbox 578 2488 920 2535; x_wconf 78' lang='lat' dir='ltr'><strong>appropinquassent</strong></span> <span class='ocrx_word' id='word_1_331' title='bbox 942 2485 1171 2532; x_wconf 85' lang='lat' dir='ltr'><strong>imperatorio</strong></span> <span class='ocrx_word' id='word_1_332' title='bbox 1197 2483 1390 2528; x_wconf 73' lang='lat' dir='ltr'><strong>exercitui,</strong></span> <span class='ocrx_word' id='word_1_333' title='bbox 1421 2481 1535 2517; x_wconf 85' lang='lat' dir='ltr'><strong>coacti</strong></span> <span class='ocrx_word' id='word_1_334' title='bbox 1559 2485 1643 2517; x_wconf 80' lang='lat' dir='ltr'><strong>sunt</strong></span> 
     </span>
     <span class='ocr_line' id='line_1_37' title="bbox 158 2527 1642 2580; baseline -0.005 -11"><span class='ocrx_word' id='word_1_335' title='bbox 158 2534 219 2569; x_wconf 81' lang='lat' dir='ltr'><strong>vel</strong></span> <span class='ocrx_word' id='word_1_336' title='bbox 241 2534 348 2568; x_wconf 83' lang='lat' dir='ltr'><strong>inviti</strong></span> <span class='ocrx_word' id='word_1_337' title='bbox 368 2540 490 2569; x_wconf 82' lang='lat' dir='ltr'><strong>contra</strong></span> <span class='ocrx_word' id='word_1_338' title='bbox 512 2535 602 2569; x_wconf 90' lang='lat' dir='ltr'><strong>Duri</strong></span> <span class='ocrx_word' id='word_1_339' title='bbox 626 2535 822 2569; x_wconf 83' lang='lat' dir='ltr'><strong>mandatum</strong></span> <span class='ocrx_word' id='word_1_340' title='bbox 848 2532 1016 2580; x_wconf 87' lang='lat' dir='ltr'><strong>praelium</strong></span> <span class='ocrx_word' id='word_1_341' title='bbox 1040 2531 1143 2566; x_wconf 90' lang='lat' dir='ltr'><strong>inire.</strong></span> <span class='ocrx_word' id='word_1_342' title='bbox 1191 2529 1419 2565; x_wconf 77' lang='lat' dir='ltr'><strong>nuntiabatur</strong></span> <span class='ocrx_word' id='word_1_343' title='bbox 1454 2527 1545 2563; x_wconf 90' lang='lat' dir='ltr'><strong>enim</strong></span> <span class='ocrx_word' id='word_1_344' title='bbox 1570 2528 1642 2562; x_wconf 85' lang='lat' dir='ltr'><strong>Sa-</strong></span> 
     </span>
     <span class='ocr_line' id='line_1_38' title="bbox 158 2574 1643 2621; baseline -0.005 -5"><span class='ocrx_word' id='word_1_345' title='bbox 158 2592 308 2615; x_wconf 79' lang='lat' dir='ltr'><strong>racenos</strong></span> <span class='ocrx_word' id='word_1_346' title='bbox 331 2591 482 2616; x_wconf 81' lang='lat' dir='ltr'><strong>annuum</strong></span> <span class='ocrx_word' id='word_1_347' title='bbox 507 2582 552 2616; x_wconf 82' lang='lat' dir='ltr'><strong>ab</strong></span> <span class='ocrx_word' id='word_1_348' title='bbox 573 2580 737 2616; x_wconf 85' lang='lat' dir='ltr'><strong>orientali</strong></span> <span class='ocrx_word' id='word_1_349' title='bbox 755 2581 911 2615; x_wconf 87' lang='lat' dir='ltr'><strong>Berroea</strong></span> <span class='ocrx_word' id='word_1_350' title='bbox 933 2579 1098 2615; x_wconf 84' lang='lat' dir='ltr'><strong>tributum</strong></span> <span class='ocrx_word' id='word_1_351' title='bbox 1114 2575 1281 2612; x_wconf 85' lang='lat' dir='ltr'><strong>Romanis</strong></span> <span class='ocrx_word' id='word_1_352' title='bbox 1307 2575 1497 2611; x_wconf 85' lang='lat' dir='ltr'><strong>afferentes</strong></span> <span class='ocrx_word' id='word_1_353' title='bbox 1514 2574 1643 2621; x_wconf 83' lang='lat' dir='ltr'><strong>cpolin</strong></span> 
     </span>
     <span class='ocr_line' id='line_1_39' title="bbox 159 2620 1641 2674; baseline -0.004 -13"><span class='ocrx_word' id='word_1_354' title='bbox 159 2627 234 2671; x_wconf 88' lang='lat' dir='ltr'><strong>ire,</strong></span> <span class='ocrx_word' id='word_1_355' title='bbox 259 2638 301 2661; x_wconf 78' lang='lat' dir='ltr'><strong>ac</strong></span> <span class='ocrx_word' id='word_1_356' title='bbox 323 2634 422 2662; x_wconf 84' lang='lat' dir='ltr'><strong>certo</strong></span> <span class='ocrx_word' id='word_1_357' title='bbox 445 2627 504 2662; x_wconf 88' lang='lat' dir='ltr'><strong>die</strong></span> <span class='ocrx_word' id='word_1_358' title='bbox 529 2639 592 2674; x_wconf 87' lang='lat' dir='ltr'><strong>per</strong></span> <span class='ocrx_word' id='word_1_359' title='bbox 612 2628 744 2662; x_wconf 81' lang='lat' dir='ltr'><strong>medios</strong></span> <span class='ocrx_word' id='word_1_360' title='bbox 771 2626 948 2662; x_wconf 83' lang='lat' dir='ltr'><strong>exercitus</strong></span> <span class='ocrx_word' id='word_1_361' title='bbox 973 2625 1018 2659; x_wconf 90' lang='lat' dir='ltr'><strong>iis</strong></span> <span class='ocrx_word' id='word_1_362' title='bbox 1041 2623 1290 2659; x_wconf 78' lang='lat' dir='ltr'><strong>transeundum</strong></span> <span class='ocrx_word' id='word_1_363' title='bbox 1307 2622 1399 2657; x_wconf 87' lang='lat' dir='ltr'><strong>fore.</strong></span> <span class='ocrx_word' id='word_1_364' title='bbox 1447 2626 1487 2656; x_wconf 83' lang='lat' dir='ltr'><strong>ut</strong></span> <span class='ocrx_word' id='word_1_365' title='bbox 1502 2633 1546 2656; x_wconf 88' lang='lat' dir='ltr'><strong>ea</strong></span> <span class='ocrx_word' id='word_1_366' title='bbox 1563 2620 1641 2656; x_wconf 90' lang='lat' dir='ltr'><strong>dies</strong></span> 
     </span>
     <span class='ocr_line' id='line_1_40' title="bbox 159 2667 1643 2720; baseline -0.004 -12"><span class='ocrx_word' id='word_1_367' title='bbox 159 2673 329 2719; x_wconf 77' lang='lat' dir='ltr'><strong>appetiit,</strong></span> <span class='ocrx_word' id='word_1_368' title='bbox 361 2674 551 2709; x_wconf 86' lang='lat' dir='ltr'><strong>Saracenis</strong></span> <span class='ocrx_word' id='word_1_369' title='bbox 576 2685 640 2720; x_wconf 82' lang='lat' dir='ltr'><strong>per</strong></span> <span class='ocrx_word' id='word_1_370' title='bbox 662 2674 839 2709; x_wconf 84' lang='lat' dir='ltr'><strong>castellum</strong></span> <span class='ocrx_word' id='word_1_371' title='bbox 865 2672 922 2708; x_wconf 90' lang='lat' dir='ltr'><strong>cui</strong></span> <span class='ocrx_word' id='word_1_372' title='bbox 946 2669 1116 2716; x_wconf 85' lang='lat' dir='ltr'><strong>Oxylitho</strong></span> <span class='ocrx_word' id='word_1_373' title='bbox 1143 2681 1269 2704; x_wconf 90' lang='lat' dir='ltr'><strong>nomen</strong></span> <span class='ocrx_word' id='word_1_374' title='bbox 1298 2667 1502 2704; x_wconf 77' lang='lat' dir='ltr'><strong>transituris</strong></span> <span class='ocrx_word' id='word_1_375' title='bbox 1526 2667 1643 2703; x_wconf 82' lang='lat' dir='ltr'><strong>utrin-</strong></span> 
     </span>
     <span class='ocr_line' id='line_1_41' title="bbox 160 2715 1642 2767; baseline -0.003 -13"><span class='ocrx_word' id='word_1_376' title='bbox 160 2731 230 2765; x_wconf 90' lang='lat' dir='ltr'><strong>que</strong></span> <span class='ocrx_word' id='word_1_377' title='bbox 253 2719 446 2767; x_wconf 73' lang='lat' dir='ltr'><strong>instructae</strong></span> <span class='ocrx_word' id='word_1_378' title='bbox 469 2726 551 2756; x_wconf 82' lang='lat' dir='ltr'><strong>sunt</strong></span> <span class='ocrx_word' id='word_1_379' title='bbox 573 2721 686 2765; x_wconf 87' lang='lat' dir='ltr'><strong>acies,</strong></span> <span class='ocrx_word' id='word_1_380' title='bbox 722 2726 757 2755; x_wconf 85' lang='lat' dir='ltr'><strong>et</strong></span> <span class='ocrx_word' id='word_1_381' title='bbox 788 2730 912 2764; x_wconf 82' lang='lat' dir='ltr'><strong>magno</strong></span> <span class='ocrx_word' id='word_1_382' title='bbox 935 2718 1069 2764; x_wconf 81' lang='lat' dir='ltr'><strong>impetu</strong></span> <span class='ocrx_word' id='word_1_383' title='bbox 1091 2717 1284 2752; x_wconf 82' lang='lat' dir='ltr'><strong>animorum</strong></span> <span class='ocrx_word' id='word_1_384' title='bbox 1307 2715 1351 2750; x_wconf 83' lang='lat' dir='ltr'><strong>ad</strong></span> <span class='ocrx_word' id='word_1_385' title='bbox 1374 2726 1526 2761; x_wconf 82' lang='lat' dir='ltr'><strong>pugnam</strong></span> <span class='ocrx_word' id='word_1_386' title='bbox 1553 2715 1642 2749; x_wconf 89' lang='lat' dir='ltr'><strong>edu-</strong></span> 
     </span>
     <span class='ocr_line' id='line_1_42' title="bbox 159 2761 1640 2813; baseline -0.004 -13"><span class='ocrx_word' id='word_1_387' title='bbox 159 2772 259 2810; x_wconf 73' lang='lat' dir='ltr'><strong>ctae,</strong></span> <span class='ocrx_word' id='word_1_388' title='bbox 304 2765 451 2813; x_wconf 56' lang='lat' dir='ltr'><strong>praemii</strong></span> <span class='ocrx_word' id='word_1_389' title='bbox 479 2766 557 2802; x_wconf 91' lang='lat' dir='ltr'><strong>loco</strong></span> <span class='ocrx_word' id='word_1_390' title='bbox 591 2767 719 2802; x_wconf 83' lang='lat' dir='ltr'><strong>victori</strong></span> <span class='ocrx_word' id='word_1_391' title='bbox 750 2766 953 2812; x_wconf 82' lang='lat' dir='ltr'><strong>proposito,</strong></span> <span class='ocrx_word' id='word_1_392' title='bbox 989 2763 1084 2809; x_wconf 88' lang='lat' dir='ltr'><strong>quod</strong></span> <span class='ocrx_word' id='word_1_393' title='bbox 1119 2761 1291 2798; x_wconf 83' lang='lat' dir='ltr'><strong>Saraceni</strong></span> <span class='ocrx_word' id='word_1_394' title='bbox 1322 2762 1502 2807; x_wconf 80' lang='lat' dir='ltr'><strong>ferebant,</strong></span> <span class='ocrx_word' id='word_1_395' title='bbox 1537 2772 1640 2799; x_wconf 81' lang='lat' dir='ltr'><strong>auro.</strong></span> 
     </span>
     <span class='ocr_line' id='line_1_43' title="bbox 157 2807 1642 2860; baseline -0.003 -14"><span class='ocrx_word' id='word_1_396' title='bbox 157 2813 451 2860; x_wconf 85' lang='lat' dir='ltr'><strong>conflictumque,</strong></span> <span class='ocrx_word' id='word_1_397' title='bbox 484 2819 522 2849; x_wconf 83' lang='lat' dir='ltr'><strong>et</strong></span> <span class='ocrx_word' id='word_1_398' title='bbox 544 2813 666 2860; x_wconf 86' lang='lat' dir='ltr'><strong>pulsus</strong></span> <span class='ocrx_word' id='word_1_399' title='bbox 688 2813 859 2856; x_wconf 62' lang='lat' dir='ltr'><strong>Burnus,</strong></span> <span class='ocrx_word' id='word_1_400' title='bbox 891 2810 1008 2846; x_wconf 79' lang='lat' dir='ltr'><strong>multis</strong></span> <span class='ocrx_word' id='word_1_401' title='bbox 1031 2812 1075 2845; x_wconf 86' lang='lat' dir='ltr'><strong>ab</strong></span> <span class='ocrx_word' id='word_1_402' title='bbox 1095 2810 1170 2844; x_wconf 86' lang='lat' dir='ltr'><strong>eius</strong></span> <span class='ocrx_word' id='word_1_403' title='bbox 1195 2814 1298 2856; x_wconf 83' lang='lat' dir='ltr'><strong>parte</strong></span> <span class='ocrx_word' id='word_1_404' title='bbox 1321 2808 1467 2854; x_wconf 82' lang='lat' dir='ltr'><strong>occisis,</strong></span> <span class='ocrx_word' id='word_1_405' title='bbox 1493 2807 1642 2842; x_wconf 85' lang='lat' dir='ltr'><strong>maxime</strong></span> 
     </span>
     <span class='ocr_line' id='line_1_44' title="bbox 157 2853 1640 2907; baseline -0.003 -13"><span class='ocrx_word' id='word_1_406' title='bbox 157 2859 353 2895; x_wconf 73' lang='lat' dir='ltr'><strong>Armeniisz</strong></span> <span class='ocrx_word' id='word_1_407' title='bbox 391 2871 470 2895; x_wconf 84' lang='lat' dir='ltr'><strong>nam</strong></span> <span class='ocrx_word' id='word_1_408' title='bbox 501 2861 547 2896; x_wconf 83' lang='lat' dir='ltr'><strong>de</strong></span> <span class='ocrx_word' id='word_1_409' title='bbox 579 2860 637 2896; x_wconf 86' lang='lat' dir='ltr'><strong>his</strong></span> <span class='ocrx_word' id='word_1_410' title='bbox 667 2870 896 2907; x_wconf 87' lang='lat' dir='ltr'><strong>quoscunque</strong></span> <span class='ocrx_word' id='word_1_411' title='bbox 928 2855 1225 2904; x_wconf 80' lang='lat' dir='ltr'><strong>comprehendere</strong></span> <span class='ocrx_word' id='word_1_412' title='bbox 1255 2859 1450 2903; x_wconf 77' lang='lat' dir='ltr'><strong>potuerunt</strong></span> <span class='ocrx_word' id='word_1_413' title='bbox 1476 2853 1640 2900; x_wconf 81' lang='lat' dir='ltr'><strong>Romani,</strong></span> 
     </span>
    </p>
   </div>
  </div>
 </body>
</html>
