1890 3236
509 184 904 230 HISTORIARUM
937 183 1332 230 COMPENDIUM.
1565 184 1660 231 135

180 299 346 346 ’ἑαυτῶν
371 297 614 358 ἐγυμνοῧντο
641 300 811 358 ξίφεσιν.
881 298 978 342 ἀλλ’
1004 297 1027 343 ὃ
1054 297 1258 357 Θεόφιλος
1273 302 1334 357 τῷ
1351 296 1533 354 θεάματι
1551 315 1661 356 τρω-

189 372 283 422 θεὶς
298 369 378 426 τὴν.
391 367 555 426 ψυχήν,
583 367 650 412 “εῖ
667 369 774 426 ἐγῶ”
805 370 911 427 φησί
929 366 1167 424 ὣςσε’σωσ,ιιαι
1186 370 1230 411 ἐκ
1251 371 1355 412 θεοῦ
1365 400 1380 421 ,
1412 366 1660 424 σωθήσεσθε

191 441 261 484 καὶ
282 437 445 494 '‘apere-'²
517 437 620 494 αὕτη
641 436 668 494 ἦ
689 443 771 482 τῶν
789 439 967 495 Περσῶν
990 437 1093 495 πρὸς
1111 436 1208 488 τοὺς
1229 438 1271 489 ἐξ
1286 437 1412 495 Ἅγαρ
1433 437 1660 493 κοινολογία

190 515 278 560 τοῖς
294 505 519 566 Θεοφόβου
544 509 711 565 ἐχθροῖς
729 509 796 550 καὶ
818 505 1002 550 θάνατον
1025 507 1151 549 αὐτοῦ
1172 503 1469 563 ψηφιζομένοις
1491 507 1661 565 δευτέρα

149 586 258 630 ·6τις
269 577 427 635 γέγονεν
449 579 558 622 αἰτία
577 578 645 619 καὶ
666 575 836 634 ἀφορμὴ
859 574 1044 632 εὔκαιρος
1065 578 1121 626 εἰς
1145 575 1352 631 διαβολήν.

188 666 190 670 “
328 649 404 704 Τῷ
434 646 475 688 δ’
513 647 780 703 ἀμερμουμνῇ
815 642 1005 701 ἀκηκοότι
1031 645 1106 700 τὴν
1133 645 1245 700 νίκην
1271 644 1382 696 ἔδοξε
1410 641 1469 698 μὴ
1502 643 1662 697 μέλλειν

188 714 288 759 ἀλλ’
323 713 483 758 ἀπιέναι
512 715 616 771 πρὸς
644 714 690 758 τὸ
717 712 932 771 Ἅμῶριον.
1000 713 1161 770 ἀγείρας
1191 708 1263 756 οὖν
1291 713 1338 756 τὸ
1369 714 1514 755 οἰκεῖον
1534 710 1663 770 στρά-

190 801 346 840 τευμα,
379 785 448 828 καὶ
467 788 527 842 τῷ
542 785 620 842 υἱῷ
636 784 681 827 δὲ
703 785 926 834 ἐπιστείλας
946 784 1238 840 παραπλησίως
1257 788 1406 834 ποιεῖν,
1442 780 1567 836 εἴχετο
1587 786 1660 837 τῆς
1682 789 1714 826 0

190 851 306 896 ὁδοῦ.
371 851 607 896 ἑνωθέντων
645 847 718 896 οὖν
756 856 837 896 τῶν
875 850 1188 910 στρατευμάτων
1222 850 1365 910 χάραξΔ
1391 867 1433 894 τε
1466 849 1661 907 ἐπήγνυτο

128 919 355 980 Ᾰ10·ὗχυρός,
386 920 497 977 καὶῆ
518 920 634 973 πόλις
653 920 801 981 τάφρῳ
820 923 976 982 βαθείᾳ
993 923 1276 980 ἐστεφανοῦτο,
1309 923 1378 965 καὶ
1400 918 1428 976 ἦ
1452 922 1664 978 πολιορκία

190 991 422 1049 ἕμπρακτος
443 993 513 1034 καὶ
539 991 698 1048 ἐνεργὸς
724 993 895 1048 ἐγίνετο,
929 995 1010 1034 τῶν
1032 992 1107 1047 μὲν
1134 989 1333 1048 Τούρκων
1360 987 1565 1044 ἐπιμόνοις
1592 991 1662 1032 καὶ

190 1060 372 1115 συνεχέσι
398 1061 622 1118 χρωμένων
648 1059 865 1117 τοξεύμασι
876 1093 890 1114 ,
920 1065 1001 1104 τῶν
1025 1062 1070 1104 δὲ
1093 1063 1346 1118 Σαρακηνιῦν
1367 1060 1442 1110 τὰς
1464 1056 1664 1109 ἑλεπόλεις

187 1128 477 1188 προσαγόντων
504 1137 589 1181 τοῖς
616 1131 785 1185 τείχεσι,
818 1135 900 1174 τῶν
925 1130 968 1173 δ’
1002 1128 1116 1173 ἴνδον
1143 1135 1219 1178 τοῦ
1244 1131 1400 1185 τείχους
1419 1130 1662 1183 ἐναπειλημ-

143 1197 155 1241 ἶ
187 1200 324 1255 μένων
346 1197 555 1255 Ῥωμαίων
589 1198 780 1255 εὐψύχως
807 1201 876 1243 καὶ
903 1198 1089 1257 ἧρωϊκῶς
1109 1199 1411 1255 ἀγωνιζομένων
1429 1199 1497 1240 καὶ
1518 1196 1571 1240 τὰ
1591 1202 1665 1252 τῆς

138 1277 181 1313 15
192 1270 428 1327 πολιορκίας
446 1267 783 1327 ἀποκρουομένων
803 1269 976 1319 εὐπετῶς
992 1269 1159 1326 ὄργανα.
1223 1266 1250 1324 ἦ
1268 1269 1343 1323 μὲν
1363 1263 1435 1311 οὖν
1451 1267 1663 1324 πολιορκία

190 1343 264 1394 τῆς
290 1337 445 1390 πόλεως
469 1340 513 1381 ἐκ
544 1340 741 1394 διαδοχῆς
772 1340 971 1396 ἐνηργεῖτο
993 1340 1060 1381 καὶ
1081 1338 1251 1393 συνεχὴς
1267 1333 1317 1393 ἦν
1336 1338 1403 1380 καὶ
1427 1334 1663 1387 ἀδιάκοπος,

194 1405 401 1466 Θεόφιλος
425 1407 471 1450 δέ
499 1407 542 1450 ἐκ
572 1412 647 1462 τῆς
675 1413 830 1465 τροπῆς
857 1406 977 1462 μόλις
1003 1406 1213 1465 διαφυγὼν
1237 1409 1304 1449 καὶ
1327 1405 1430 1462 πρὸς
1449 1404 1495 1448 τὸ
1519 1403 1664 1462 Δορύ-

189 1480 306 1520 λαιον
339 1474 551 1533 γενόμενος
591 1477 715 1520 ἐκεῖσε
750 1477 1061 1535 προσεκαρτέρει
1089 1475 1163 1532 τὴν
1195 1475 1360 1530 ἔκβασιν
1387 1472 1659 1530 ἐκδεχόμενος.
1680 1480 1713 1516 Ι)

189 1546 434 1603 ἀπεπειρᾶτο
458 1546 503 1588 δὲ
521 1549 595 1601 τῆς
611 1550 685 1589 τοῦ
705 1545 974 1604 ἀμερμουμνῆ
990 1543 1153 1603 γνώμης
1162 1577 1176 1598 ,
1212 1545 1254 1588 εἷ’
1267 1562 1355 1596 πως
1375 1545 1568 1600 δυνηθείη
1586 1561 1663 1598 με-

134 1619 394 1671 2οταστῆσαι
422 1619 564 1658 τοῦτον
594 1620 667 1671 τῆς
699 1617 946 1674 πολιορκίας.
1015 1616 1283 1671 ἐκπέμπονται
1313 1608 1386 1657 οὖν
1416 1613 1662 1670 πρεσβευταὶ

190 1683 296 1741 μετὰ
320 1682 465 1742 δώρων
482 1685 627 1739 τιμίων
649 1686 718 1728 καὶ
739 1683 994 1741 ὑποσχέσεων
1014 1685 1087 1728 οὐκ
1105 1685 1249 1740 ὀλίγων
1265 1688 1408 1728 τοῦτον
1423 1679 1660 1735 ἕκδυσωπή-

191 1771 330 1805 σοντες
340 1785 354 1806 ,
387 1753 435 1797 οἳ
456 1753 509 1809 δὴ
537 1756 605 1797 καὶ
632 1754 679 1798 τὸ
702 1753 977 1812 στρατόπεδον
997 1752 1295 1809 καταλαβόντες
1310 1757 1392 1797 τῶν
1410 1755 1662 1809 Σαρακηνῶν

190 1825 260 1867 καὶ
290 1826 348 1874 εἰς
377 1822 476 1880 ὄψιν
506 1822 695 1875 ἐλθόντες
724 1828 783 1884 τῷ
811 1823 976 1882 ἄρχοντι
998 1824 1050 1867 τὰ
1080 1823 1192 1882 παρὰ
1216 1827 1290 1867 τοῦ
1309 1822 1510 1878 βασιλέως
1529 1837 1660 1877 μηνυ-

282 1945 307 1981 2
328 1941 478 1989 σοι’θητε
499 1944 531 1981 C
632 1945 656 1980 3
678 1941 769 1985 τοῦς
789 1940 1002 1990 α’γαρηνούς
1022 1945 1053 1981 C
1154 1945 1177 1981 7
1199 1939 1386 1988 ἅμμόριον
1407 1941 1438 1976 C
1540 1938 1584 1975 14
1606 1937 1662 1975 ἐκ·

281 1988 412 2036 ’Ψῦκως
428 1991 460 2026 C
600 1992 645 2028 17
665 1992 719 2027 τῶ
740 1992 921 2038 δορυλαία
939 1993 970 2028 C
1107 1992 1152 2028 21
1176 1986 1502 2034 ἐκδυσωπήσαντες
1523 1987 1606 2022 libri

190 2095 258 2130 iam
279 2094 411 2130 ferrum
434 2093 473 2131 in
493 2106 533 2132 se
557 2095 655 2143 ipsos
675 2095 917 2142 stringebant,
951 2107 1026 2131 cum
1057 2095 1248 2141 imperator
1276 2091 1478 2140 spectaculo
1498 2089 1558 2125 illo
1583 2088 1660 2124 ani-

190 2153 282 2177 mum
303 2140 498 2188 perculsus,
521 2154 561 2177 se
583 2142 755 2178 divinitus
776 2148 966 2188 servatum,
991 2142 1141 2189 proinde
1162 2142 1260 2188 ipsos
1283 2150 1423 2186 quoque
1443 2137 1560 2172 salvos
1581 2137 1662 2170 fore

189 2187 293 2224 dixit.
341 2193 494 2224 ceterum
520 2189 609 2225 haec
632 2189 817 2225 Persarum
841 2201 917 2224 cum
941 2189 1149 2224 Sarracenis
1166 2187 1351 2223 collocutio
1371 2183 1521 2219 inimicis
1537 2181 1659 2217 Theo-

189 2233 302 2314 rhobi
335 2233 441 2280 eique
473 2241 620 2271 mortem
652 2236 931 2271 machinantibus
962 2236 1116 2271 secunda
1145 2234 1214 2270 fuit
1245 2239 1283 2268 et
1311 2237 1508 2279 opportuna
1530 2229 1575 2264 ad
1598 2239 1660 2264 ca-

204 2279 424 2315 mutandum
445 2282 600 2318 occasio.
1082 2310 1085 2313 -

284 2325 333 2361 At
365 2337 611 2362 amermumnas
642 2339 782 2363 suorum
814 2327 956 2373 cognita
984 2327 1136 2363 victoria
1166 2325 1252 2361 nihil
1283 2323 1351 2359 iam
1381 2321 1560 2367 cunctari,
1595 2321 1659 2357 sed

190 2371 370 2407 Amorium
399 2379 524 2419 petere
550 2374 686 2409 statuit.
733 2374 879 2409 collecto
908 2374 1019 2419 igitur
1048 2386 1112 2409 suo
1140 2372 1317 2416 exercitu,
1352 2376 1389 2405 et
1409 2369 1482 2404 filio
1507 2374 1546 2403 ut
1566 2367 1659 2402 idem

191 2419 326 2454 faceret
355 2420 509 2465 monito,
540 2420 612 2455 iter
639 2420 743 2463 iniit3
776 2431 922 2466 cumque
953 2420 1072 2467 copias
1104 2419 1385 2462 coniunxissent‚
1417 2415 1543 2451 castris
1565 2413 1659 2449 vallo

189 2464 333 2501 munitis
355 2466 530 2501 Amorium
550 2467 725 2513 profunda
747 2466 844 2502 fossa
864 2466 1094 2502 circumvenit
1113 2466 1276 2511 omnique
1298 2464 1334 2499 vi
1354 2473 1558 2510 oppugnare
1575 2472 1659 2495 coe-

190 2511 264 2558 pit,
286 2511 416 2547 Turcis
441 2513 662 2548 continenter
682 2512 829 2558 sagittas
852 2513 1096 2558 iaculantibus,
1125 2517 1162 2547 et
1183 2509 1390 2548 sarracenis
1411 2508 1590 2544 machinas
1612 2506 1657 2541 ad

189 2559 461 2605 oppugnandum
485 2560 598 2594 factas
618 2559 895 2604 admoventibus,
917 2559 1086 2595 Romanis
1107 2564 1222 2594 autem
1243 2558 1306 2604 qui
1327 2557 1420 2591 intus
1444 2559 1555 2600 erant,
1579 2553 1657 2588 ani-

190 2615 288 2639 mose
310 2606 433 2640 urbem
455 2605 725 2641 defendentibus
749 2606 997 2652 machinasque
1019 2611 1181 2652 prompte
1206 2602 1462 2640 amolientibus.
1509 2601 1659 2636 durante

189 2650 242 2686 ita
264 2650 468 2697 obsidione,
490 2652 688 2698 nullamque
709 2652 1008 2700 intercapedinem
1032 2652 1256 2699 oppugnandi
1279 2649 1432 2686 faciente
1457 2649 1577 2691 hoste,
1602 2646 1660 2681 in-

188 2695 292 2732 terim
313 2698 535 2745 Theophilus
559 2710 665 2744 aegre
683 2711 727 2734 ex
745 2700 831 2745 fuga
853 2698 992 2745 elapsus
1013 2698 1224 2744 Dorylaeum
1267 2696 1416 2740 ervenit,
1438 2694 1561 2739 ibique
1579 2692 1658 2728 exi—

190 2747 263 2778 tum
285 2745 458 2791 operitur.
506 2750 542 2781 et
565 2747 713 2780 animum
734 2757 987 2781 amermumnae
1002 2745 1203 2781 tentandum
1223 2743 1292 2780 sibi
1309 2748 1407 2778 ratus
1426 2740 1562 2786 legatos
1581 2750 1658 2774 curn

190 2792 392 2827 muneribus
414 2792 582 2838 pretiosis
603 2792 789 2838 multisque
811 2791 1119 2839 pollicitationibus
1137 2791 1264 2836 mittit,
1288 2794 1414 2837 petens
1437 2794 1476 2822 ut
1500 2786 1658 2822 obsidio-

192 2847 270 2870 nem
292 2837 422 2874 solvat.
468 2838 567 2885 iique
592 2845 631 2875 ut
649 2840 687 2874 in
707 2845 824 2875 castra
840 2839 1112 2875 Saracenorum
1134 2841 1372 2885 pervenerunt
1392 2840 1429 2869 et
1450 2834 1486 2869 in
1510 2844 1661 2880 conspe-

190 2887 285 2918 ctum
313 2895 565 2922 amemumnae
595 2891 789 2933 venerunt,
823 2897 865 2922 ea
893 2896 987 2934 quae
1007 2885 1199 2932 imperator
1220 2885 1447 2921 mandaverat
1470 2886 1660 2927 exponunt.
