1916 3210
754 205 1040 252 HISTORIA.
1077 264 1079 266 a
1535 204 1633 251 659

164 318 312 372 θέντος
347 319 635 379 προχειρίζεται
665 317 688 363 ὅ
720 319 913 375 βασιλεῦς
942 316 1131 376 Ἰωάννην
1160 319 1251 364 τινὰ
1279 319 1459 376 μοναχὸν
1487 318 1530 363 ἐκ
1560 325 1634 376 τῆς

164 386 356 446 Λάμπης
373 389 451 446 μὲν
470 386 710 453 ὡρμημένον
717 421 732 444 ,
758 388 1013 446 συνασκητὴν
1033 388 1078 432 δὲ
1096 390 1163 432 καὶ
1184 387 1391 444 σῦμπονον
1409 393 1482 433 τοῦ
1504 386 1633 449 Ecqu-

164 458 292 502 λίνου.

298 524 397 570 Ἀπὸ
433 524 479 569 δὲ
517 523 645 581 μηνὸς
679 523 930 582 Ὀκτωβρίου
968 522 1087 576 νόσος
1116 524 1359 583 ἓνσκῆψασα
1390 530 1451 588 τῷ
1473 530 1640 582 βασιλεῖ

132 594 398 652 ὅκατὲτρεχεν
416 593 540 644 αὐτὸν
560 595 699 644 δεινῶς
719 593 813 651 ι’ίχρι
831 598 907 638 τοῦ
923 592 1103 645 ἐπιόντος
1121 597 1269 639 Μαΐου
1286 593 1435 651 μηνός·
1460 596 1503 639 ἓν
1522 595 1635 654 αὗτῷ

165 662 213 707 δὲ
243 668 389 708 τοῦτον
414 661 704 720 κατειργάσατο
732 664 798 705 καὶ
821 667 895 719 τῆς
917 663 1103 706 ἐντεῦθεν
1124 665 1229 719 ζωῆς
1248 663 1464 721 ἀπήγαγεν.
1532 663 1559 720 ἦ
1588 664 1633 708 δὲ

164 729 259 776 ὁσία
297 729 444 776 τούτου
481 730 555 774 οὐκ
593 729 696 775 ἔνθα
734 730 1007 788 προσεδόκησε
1046 731 1226 788 γέγονεν,
1267 732 1372 776 ἀλλὰ
1402 731 1632 784 διαπόντιος
1655 744 1684 779 Ρ
1709 744 1777 779 818

165 800 310 856 ἀχθεὶς
341 801 384 844 ἓν
414 804 466 858 τῇ
492 803 599 858 μονῇ
628 803 704 843 τοῦ
736 799 852 856 ἁγίου
879 798 1089 844 Νικολάου
1117 801 1362 858 ἓναπετέθη,
1395 801 1426 858 ἢ
1455 806 1634 846 καλεῖται

162 866 430 924 Μολιβωτόν.
497 867 612 924 ἔζησε
636 868 682 911 δὲ
708 869 752 911 ἐν
777 873 830 927 τῇ
853 870 1034 923 βασιλίδι
1058 868 1234 927 χρόνους
1261 867 1295 923 ζ’
1321 872 1389 913 καὶ
1418 875 1555 927 μῆνας
1578 872 1634 923 ἓξ.

107 944 154 982 10
163 931 269 994 ἦσαν
287 938 333 982 δὲ
353 937 463 995 αὐτῷ
482 938 624 987 παῖδες
642 937 685 988 ἐξ
702 937 904 988 Εὖδοκίας
920 942 993 993 τῆς
1011 940 1248 992 βασιλίδος,
1273 938 1325 994 ἣν
1341 937 1398 982 ἔτι
1417 938 1634 983 ἰδιωτεύων

159 1004 331 1064 ἠγάγετο
340 1037 355 1058 ,
390 1003 555 1063 ἄρρενες
576 1005 651 1060 μὲν
674 1012 804 1063 τρεῖς,
838 1006 1015 1061 Μιχαὴλ
1034 1005 1289 1064 Ἀνδρόνικος
1317 1010 1383 1051 καὶ
1409 1010 1634 1053 Κωνσταν-

160 1081 270 1126 τῖνος
298 1072 480 1129 (τούτων
512 1075 889 1132 πορφυρογέννητος
913 1069 964 1130 ἦν
991 1073 1012 1118 ὅ
1039 1076 1366 1130 Κωνσταντῖνος,
1401 1075 1556 1128 πάντας
1588 1080 1634 1121 δὲ

158 1147 341 1199 βασιλεῖς
365 1140 660 1200 ἀνηγόρευσε),
694 1141 859 1198 θήλειαι
885 1144 929 1187 δὲ
957 1149 1086 1201 τρεῖς,
1112 1143 1232 1187 ’Άννα
1263 1162 1306 1188 τε
1334 1146 1402 1188 καὶ
1435 1145 1632 1204 Θεοδώρα

157 1213 230 1256 καὶ
252 1209 367 1267 Ζωῆ.
435 1212 631 1269 Καίσαρα
655 1212 700 1255 δὲ
722 1211 793 1256 τὸν
814 1211 942 1256 αὐτοῦ
963 1212 1142 1271 ἀδελφὸν
1162 1212 1351 1270 Ἰωάννην
1370 1215 1632 1273 προχειρισά-

106 1290 283 1337 15μενος
318 1279 509 1325 κοινωνὸν
538 1278 830 1335 βουλευμάτων
856 1284 1153 1338 μυστηριωδῶν
1180 1284 1248 1325 καὶ
1277 1282 1517 1338 σκεμμάτων
1547 1285 1629 1327 ἐτί-

161 1354 278 1394 θετο.
344 1349 504 1406 μέλλων
527 1350 572 1392 δὲ
591 1353 778 1393 τελευτᾶν
798 1349 1001 1409 ἔγγραφον
1019 1349 1222 1407 ἀπῄτησεν
1242 1352 1287 1394 ἐκ
1306 1350 1469 1395 πάντων
1484 1350 1540 1404 ὥς
1555 1354 1630 1396 οὐκ

161 1418 214 1462 ἅν
239 1435 336 1462 ποτε
364 1418 478 1476 παρὰ
504 1418 602 1469 τοὺς
622 1418 749 1462 αὐτοῦ
767 1421 917 1469 παῖδας
935 1419 1107 1472 βασιλέα
1131 1420 1266 1477 ἕτερον
1286 1421 1488 1472 δέξαιντο·
1521 1422 1563 1466 ἓν
1593 1417 1626 1481 ᾧ
1649 1432 1679 1467 Β

160 1487 493 1545 καθυπέγραψαν
524 1487 717 1540 ἅπαντες,
753 1486 840 1542 ἅμα
859 1487 941 1543 μὴν
962 1489 1029 1530 καὶ
1051 1485 1078 1542 ἡ
1095 1490 1258 1541 βασιλὶς
1275 1489 1455 1533 Εὗδοκιά
1478 1487 1534 1541 ὥς
1555 1491 1629 1534 οὐκ

161 1555 215 1601 ἂν
244 1555 341 1600 οὐδὲ
368 1554 472 1610 αὐτὴ
499 1555 601 1612 πρὸς
629 1553 816 1613 δεύτερον
836 1554 1046 1612 ἓλεύσηται
1067 1557 1330 1610 συνοικέσιον,
1366 1561 1434 1601 καὶ
1454 1559 1630 1616 ἄπαρτι-

104 1626 266 1670 Ξθσθέν
293 1628 354 1684 τῷ
381 1623 613 1682 πατριάρχῃ
645 1623 860 1682 φυλάττειν
891 1622 1126 1668 δεδώκασιν.
1193 1625 1293 1669 ὅθεν
1330 1628 1397 1669 καὶ
1429 1628 1541 1685 παρὰ
1578 1633 1629 1686 τῇ

161 1695 318 1752 γυναικὶ
342 1694 411 1737 καὶ
438 1695 619 1748 βασιλίδι
642 1692 695 1737 τὰ
716 1692 849 1736 πάντα
870 1695 1081 1749 πεποίηκε,
1116 1694 1429 1754 σωφρονεστάτῃ
1450 1714 1492 1739 τε
1511 1714 1605 1752 νομι

162 1763 310 1821 ζομένῃ
342 1761 483 1820 τάνδρὶ
515 1764 582 1806 καὶ
616 1763 931 1822 παιδοτριβῆσαι
964 1761 1235 1821 άκριβεστάτῃ
1266 1765 1333 1806 καὶ
1363 1765 1466 1822 πρὸς
1496 1766 1542 1808 τὸ
1576 1767 1627 1808 τὰ

161 1831 278 1877 κοινὰ
307 1832 469 1875 διοικεῖν
496 1829 736 1890 ἱκανωτάτη.
803 1835 969 1896 τελευτᾷ
1000 1832 1046 1876 δὲ
1075 1833 1142 1876 καὶ
1175 1830 1197 1875 ὃ
1225 1834 1420 1888 βασιλεὺς
1443 1835 1543 1880 ἐτῶν
1572 1834 1629 1878 ὢν

246 1912 296 1967 ‘21
322 1926 370 1965 ἴσ.
390 1927 591 1976 πεποίηται
612 1940 730 1977 margo
752 1929 783 1965 P

158 2008 295 2056 delegit
322 2009 515 2056 imperator
545 2009 711 2045 Ioannem
742 2009 914 2056 quendam
944 2009 1145 2046 monachum
1167 2010 1417 2058 Lampensem,
1451 2010 1512 2057 qui
1535 2010 1626 2046 idem

158 2056 408 2093 monasterium
430 2067 507 2092 cum
529 2056 712 2103 Xiphilino
734 2055 903 2091 coluerat.

182 2110 184 2115 '
249 2101 282 2138 A
309 2113 431 2137 mense
460 2107 576 2137 antem
606 2102 756 2138 Octobri
785 2103 929 2137 morbus
958 2101 1077 2147 gravis
1107 2102 1352 2149 imperatorem
1375 2102 1525 2149 invasit,
1563 2103 1625 2149 qui

158 2158 238 2184 enm
269 2147 430 2194 graviter
464 2147 650 2194 affligebat
680 2159 792 2194 usque
820 2149 865 2183 ad
894 2148 1136 2194 insequentem
1170 2160 1321 2183 mensem
1359 2149 1509 2195 Maium,
1554 2160 1625 2194 quo

155 2193 271 2241 ipsum
293 2193 500 2240 profligavit
522 2200 560 2229 et
579 2194 654 2229 vita
677 2193 847 2240 privavit.
893 2194 968 2229 eius
992 2206 1078 2228 vero
1106 2195 1295 2240 exsequiae
1320 2205 1389 2229 non
1413 2195 1474 2230 ubi
1498 2206 1558 2229 exs
1587 2207 1626 2229 e-

157 2241 279 2276 ctabat
311 2239 510 2274 celebratae
541 2246 640 2284 sunt,
673 2241 736 2275 sed
768 2252 834 2286 per
862 2251 956 2275 mare
977 2240 1101 2275 ductus
1123 2240 1159 2274 in
1184 2240 1396 2275 monasterio
1419 2240 1531 2276 sancti
1593 2241 1626 2275 i-

155 2285 270 2331 colai,
305 2284 399 2331 quod
420 2284 626 2321 Molibotum
651 2291 816 2330 vocatur,
853 2286 942 2320 situs
974 2292 1042 2321 est.
1091 2286 1182 2321 vixit
1203 2287 1240 2321 in
1263 2286 1410 2333 imperio
1434 2298 1543 2322 annos
1566 2299 1626 2322 se-

155 2338 273 2380 ptem,
308 2342 444 2366 menses
465 2343 542 2366 sex.
588 2332 688 2367 fuere
709 2332 776 2378 ipsi
801 2332 904 2367 liberi
929 2344 974 2366 ex
996 2332 1155 2366 Eudocia
1176 2333 1355 2378 Augusta,
1386 2344 1489 2378 quam
1511 2333 1626 2369 adbuc

155 2378 319 2425 privatus
342 2377 491 2412 duxerat
512 2388 675 2422 uxorem,
707 2389 819 2412 mares
840 2384 933 2422 tres,
971 2377 1123 2412 Michael
1145 2378 1364 2414 Andronicus
1389 2384 1426 2414 et
1448 2379 1625 2414 Constan-

155 2425 265 2461 tinus.
315 2423 435 2459 borum
459 2423 780 2470 porphyrogenitus
801 2430 877 2459 erat
894 2424 1164 2470 Constantinus,
1188 2436 1377 2471 omnesque
1394 2425 1626 2471 imperatores

156 2469 364 2506 declaravit.
411 2470 563 2504 feminae
587 2477 700 2505 autem
723 2474 816 2515 tres,
839 2470 939 2504 Anna
962 2470 1154 2505 Theodora
1176 2476 1213 2506 et
1235 2471 1322 2505 zoe.
1374 2477 1409 2507 et
1432 2483 1506 2506 cum
1530 2473 1636 2508 Cae-v

157 2528 272 2554 sarem
295 2527 391 2551 suum
414 2516 558 2551 fratrem
581 2517 746 2551 Ioannem
769 2516 980 2562 delegisset,
1020 2516 1153 2551 socium
1175 2528 1378 2552 arcanorum
1403 2518 1624 2553 consiliorum

161 2567 198 2599 et
229 2562 519 2597 deliberationum
547 2562 687 2597 ascivit.
735 2573 811 2597 cnm
835 2562 925 2598 diem
948 2573 1046 2597 suum
1071 2563 1229 2598 obiturus
1253 2568 1368 2608 esset,
1399 2565 1442 2598 ab
1467 2565 1625 2599 omnibus

158 2608 394 2656 syngrapham
412 2609 536 2654 petiit,
558 2608 596 2643 in
619 2619 687 2654 qua
710 2608 960 2654 pollicerentur
980 2619 1155 2655 nunquam
1179 2621 1218 2644 se
1241 2614 1384 2655 praeter
1403 2610 1515 2656 ipsius
1533 2611 1623 2645 libe-

157 2666 219 2691 ros
242 2654 346 2690 alium
366 2654 610 2700 imperatorem
633 2659 877 2700 suscepturos3
905 2661 942 2690 et
965 2666 1084 2689 omnes
1105 2655 1360 2702 subscripsere.
1407 2656 1492 2702 quin
1518 2657 1623 2692 etiam

157 2700 365 2749 imperatrix
395 2700 554 2736 Eudocia
579 2712 753 2746 nunquam
776 2701 820 2736 ad
843 2702 988 2736 alterum
1011 2701 1207 2747 coniugium
1231 2714 1271 2737 se
1292 2702 1515 2738 transituram
1538 2715 1623 2749 pro-

157 2747 266 2783 misit.
313 2747 573 2794 perfectamque
605 2747 717 2794 ipsam
750 2747 984 2794 syngrapham
1017 2747 1238 2794 patriarchae
1273 2750 1478 2784 servandam
1510 2750 1621 2785 tradi-

158 2794 257 2829 dere.
305 2803 415 2839 quare
449 2798 485 2828 et
511 2794 590 2829 dnm
619 2805 709 2828 uxor
732 2800 768 2828 et
791 2794 870 2829 dnm
893 2798 1050 2839 Augusta
1075 2793 1167 2839 fuit,
1204 2794 1318 2830 omnia
1339 2795 1389 2829 ita
1414 2795 1500 2831 fecit
1522 2802 1562 2831 nt
1586 2802 1623 2832 et

158 2839 238 2876 viro
273 2839 468 2875 castissima
503 2844 538 2875 et
570 2839 607 2874 in
639 2839 863 2876 instituendis
893 2839 1014 2875 liberis
1045 2839 1312 2886 diligentissima
1342 2846 1379 2876 et
1407 2841 1442 2876 in
1473 2842 1622 2877 admini-

158 2886 303 2923 stranda
325 2897 366 2922 re
387 2886 528 2934 publica
549 2886 697 2923 maxime
718 2886 847 2926 idonea
869 2887 1068 2924 haberetur.
1115 2887 1261 2923 moritur
1291 2887 1482 2934 imperator
1513 2900 1621 2925 annos

1645 2518 1678 2670 KNNN
