1916 3210
321 142 419 190 662
714 139 942 187 IOANNIS
976 141 1373 215 CUROPALATAE

314 253 526 310 Ῥωμαίοις
553 253 820 309 διακειμένου,
854 253 916 296 ἐπὶ
946 256 1020 298 τοῦ
1042 253 1227 311 γέροντος
1249 254 1322 310 μὲν
1348 250 1522 312 Μιχαῆλ
1539 244 1771 313 αῧτομολῆ-

319 339 464 372 σαντος
496 323 563 365 καὶ
593 320 782 376 τυχόντος
811 319 996 377 μεγάλων
1027 324 1190 379 δωρεῶν
1215 325 1282 366 καὶ
1306 327 1431 378 τιμῶν
1459 325 1527 367 καὶ
1554 323 1770 376 ἀξιώσεων,

321 389 667 445 κατηγορηθέντος
698 390 741 433 δὲ
772 389 884 446 παρὰ
904 394 962 448 τῷ
983 393 1148 445 βασιλεῖ’
1164 392 1455 449 Κωνσταντίνῳ
1473 394 1533 449 τῷ
1553 390 1696 452 Δοόκᾳ
1714 389 1772 444 ὥς

319 459 536 511 μέλλοντος
563 457 684 500 αὐτὸν
715 459 897 516 μαχαίρᾳ
928 459 1278 515 διαχειρίσασθαι,
1311 460 1378 502 καὶ
1409 458 1478 516 διὰ
1503 462 1623 502 τοῦτο
1644 474 1771 505 κατα-

319 525 530 582 κριθέντος
546 524 660 583 ἆϊδίῳ
679 529 807 581 φυγῇ,
842 524 960 570 πάλιν
982 524 1030 568 δέ
1045 542 1088 582 γε
1108 524 1298 580 τυχόντος
1317 524 1571 579 ἀνακλήσεως
1583 527 1653 570 καὶ
1667 525 1805 573 duo-5

320 590 489 643 στάντος
509 592 613 636 κατὰ
633 596 715 636 τῶν
737 591 953 650 Τούρκων,
987 598 1203 648 τηνικαῦτα
1224 594 1269 637 δὲ
1290 595 1359 637 διὰ
1380 593 1524 638 σπάνιν
1544 598 1626 638 τῶν
1647 592 1774 651 ἀνοψ-

321 661 446 702 καίων
476 660 755 717 προσθεμένου
786 678 827 704 τε
855 667 940 712 τοῖς
969 660 1167 719 Τούρκοις
1185 663 1254 704 καὶ
1275 661 1348 718 τὴν
1363 660 1505 719 χώραν
1526 661 1775 714 διατιθέντος
1801 653 1803 656 V

268 734 300 768 D
324 726 507 772 κάκιστα.
574 725 774 784 γενόμενοι
793 733 889 785 γοῦν
906 726 950 772 ’ἐν
967 730 1007 772 οἵ
1025 746 1067 772 τε
1089 733 1265 787 Τοῦρκοι
1284 731 1353 773 καὶ
1372 730 1411 773 οἶ
1429 732 1679 782 Χαλεπῖται,
1698 731 1775 778 «καὶ

323 795 537 853 ὁμολογίαν
555 796 691 847 δόντες
712 795 923 852 ἀλλήλοις,
957 796 1030 852 τὴν
1053 798 1095 840 ἓν
1116 799 1247 858 Συρία
1265 796 1506 853 Ἀντιόχειαν
1525 798 1592 841 καὶ
1614 797 1668 842 τὰ
1684 799 1774 855 περὶ

321 864 447 918 αὐτὴν
470 868 604 915 κακῶς
625 865 875 918 διετίθεσαν,
909 864 1127 923 σφάζοντες
1149 870 1443 923 πυρπολοῦντες
1461 866 1774 923 ἀνδραποδίζον-
1785 872 1830 911 10

318 949 383 982 τες
396 935 677 987 λεηλατοῦντες
692 934 1048 988 αἰχμαλωτίζοντες
1065 935 1130 976 καὶ
1151 938 1230 976 πᾶν
1251 933 1291 977 εἶ’
1302 951 1340 977 τι
1355 936 1555 991 χείριστον
1573 935 1774 990 διαπρατ-

317 998 491 1054 τόμενοι.
543 1002 906 1058 συνηθροίσθησαν
924 1001 1002 1058 γὰρ
1023 1000 1306 1059 στρατεύματα
1325 1002 1393 1044 ἐπ’
1415 1002 1552 1052 αὐτοῖς
1570 1000 1775 1058 ἀξιόλογα,

318 1066 558 1127 Νικηφόρον
580 1067 694 1119 ὄντος
709 1073 783 1129 τοῦ
802 1067 1075 1114 Βοτανειάτου
1095 1071 1137 1114 ἕν
1157 1067 1284 1127 ταύτῃ
1309 1068 1476 1122 δουκός,
1508 1068 1536 1125 ἦ
1556 1070 1602 1113 δὲ
1615 1071 1774 1128 ,φειδω-

319 1137 387 1178 λιά
407 1139 474 1179 καὶ
491 1135 517 1192 ἦ
535 1135 772 1194 γλισχρότης
789 1136 975 1194 ἄπρακτα
991 1136 1112 1180 πάλιν
1131 1138 1183 1181 τὰ
1200 1137 1331 1182 πάντα
1350 1137 1564 1189 ἀπέδειξεν.
1631 1137 1679 1180 οὖ
1696 1137 1774 1195 γὰρ

319 1202 539 1262 ὁλόκληρον
558 1205 603 1249 τὸ
623 1203 799 1260 ὀψώνιον
817 1205 920 1247 ἀλλὰ
937 1205 1103 1263 μερικὸν
1121 1207 1258 1256 αὐτοῖς
1273 1207 1340 1249 καὶ
1359 1206 1521 1263 μέτριον
1539 1205 1662 1248 δοθέν
1677 1222 1776 1262 ναρ-
1786 1212 1830 1249 15

321 1277 443 1327 κῆσαι
472 1273 567 1324 τοὺς
597 1271 850 1330 στρατιώτας
878 1274 1061 1329 ἐποίησε·
1095 1272 1286 1328 λαβόντες
1311 1274 1391 1331 γὰρ
1417 1273 1464 1317 τὸ
1496 1273 1619 1317 δοθὲν
1644 1274 1700 1324 εἷς
1723 1273 1775 1316 τὰ

321 1343 444 1384 οἰκεῖα
473 1340 841 1397 διεσκεδάσθησαν,
875 1343 942 1384 καὶ
971 1340 1091 1384 πάλιν
1119 1337 1223 1397 ἦσαν
1254 1342 1292 1384 οἳ
1316 1340 1523 1399 βάρβαροι
1542 1341 1617 1397 τὴν
1635 1339 1776 1399 χώραν

182 1414 209 1446 P
233 1415 301 1450 820
324 1407 536 1465 δῃούμενοι
566 1411 632 1452 καὶ
664 1410 792 1460 ἀδεῶς
817 1410 1139 1467 κατατρέχοντες.
1204 1411 1388 1453 νεολαίαν
1407 1410 1456 1453 δέ
1475 1427 1564 1453 τινα
1583 1413 1778 1466 βραχεῖαν

320 1476 414 1532 ἄρτι
435 1482 516 1521 τῶν
538 1475 767 1532 οἰκημάτων
776 1509 790 1529 ,
816 1475 877 1528 οἷς
897 1478 1148 1535 ἐνετρέφοντο
1159 1509 1172 1530 ,
1199 1478 1516 1534 ἔκπεπηδηκυῖαν
1532 1483 1691 1534 μικροῖς
1706 1478 1775 1520 καὶ

320 1546 542 1600 ἐλαχίστοις
560 1545 826 1602 ἀθροίσαντες
845 1544 1083 1600 ἀναλώμασι
1101 1550 1158 1603 τῷ
1175 1550 1248 1600 τῆς
1263 1546 1500 1601 Ἀντιοχείας
1513 1543 1675 1601 ἡγεμόνι
1691 1546 1830 1589 {ve-20

317 1614 518 1670 χείρισαν·
553 1613 598 1655 οἳ
615 1615 763 1670 δρᾶσαι
781 1613 855 1667 μέν
874 1630 913 1656 τι
933 1617 1238 1670 προεθυμοῦντο
1260 1613 1339 1656 ἀπὸ
1362 1618 1595 1670 νεωτερικῆς
1613 1611 1777 1670 θρασύ-

320 1697 440 1735 τητος
459 1678 819 1737 στρατηγούμενοι,
850 1679 1156 1739 ἀπειροπόλεμοι
1179 1682 1222 1724 δὲ
1241 1680 1350 1732 ὄντες
1366 1683 1434 1724 καὶ
1454 1680 1649 1739 ἄφιπποι,
1682 1697 1777 1737 σχε-

322 1748 395 1791 δὸν
419 1750 486 1791 καὶ
511 1747 655 1792 ἄοπλοι
679 1750 744 1793 καὶ
770 1751 915 1805 γυμνοὶ
935 1750 1001 1792 καὶ
1020 1749 1125 1805 μηδὲ
1143 1750 1211 1794 τὸν
1231 1747 1451 1809 ἡμερήσιον
1469 1748 1590 1808 ἄρτον
1609 1747 1776 1804 ἔχοντες,

323 1927 400 1957 erat
434 1926 471 1957 et
500 1922 692 1970 imperante
713 1934 798 1959 sene
819 1922 993 1959 Michaele
1014 1923 1058 1960 ad
1082 1936 1158 1961 eum
1178 1924 1435 1970 transfugerat,
1471 1935 1664 1970 magnaque
1685 1924 1766 1960 dom

321 1974 357 2003 et
384 1968 532 2003 honores
564 1981 605 2004 ac
635 1970 790 2015 praemia
813 1975 1017 2005 consecutus
1039 1971 1167 2006 fuerat.
1214 1972 1276 2006 sed
1300 1972 1392 2017 apud
1414 1971 1657 2016 imperatorem
1679 1970 1765 2005 Con-

322 2014 509 2049 stantinum
533 2014 663 2050 Ducam
688 2021 870 2050 accusatus
894 2016 986 2060 quod
1008 2016 1120 2062 ipsum
1143 2015 1258 2062 gladio
1282 2016 1530 2051 interfecturus
1559 2020 1676 2062 esset,
1709 2016 1763 2057 lac

321 2060 366 2094 de
391 2071 496 2095 causa
518 2067 686 2106 perpetuo
710 2061 825 2096 fuerat
845 2061 967 2096 exsilio
987 2063 1246 2098 condemnatus.
1291 2074 1409 2097 verum
1432 2073 1508 2097 cum
1526 2073 1647 2096 rursus
1667 2070 1763 2096 reso·

322 2110 420 2140 catus
452 2106 621 2140 adversus
655 2106 792 2141 Turcos
828 2107 950 2142 missus
985 2112 1100 2153 esset,
1134 2113 1217 2143 tunc
1251 2109 1295 2143 ob
1327 2119 1443 2143 rerum
1467 2118 1558 2152 quae
1579 2107 1624 2142 ad
1645 2106 1763 2145 viuum

321 2152 542 2187 necessariae
564 2157 646 2186 sunt
668 2152 822 2198 inopiam
843 2164 923 2187 sese
945 2152 1075 2188 Turcis
1098 2154 1323 2198 adiunxerat,
1360 2158 1396 2188 et
1426 2152 1604 2198 regionem
1626 2149 1764 2198 pesime

320 2198 487 2231 vexabat.
532 2198 709 2232 coniuncti
741 2198 849 2244 igitur
881 2198 991 2233 Turci
1023 2205 1060 2234 et
1092 2199 1296 2245 Chalepitae
1321 2199 1410 2235 inita
1430 2199 1523 2233 inter
1545 2209 1584 2233 se
1607 2197 1763 2234 societate

321 2241 547 2277 Antiocheam
565 2243 696 2288 SyrIae
714 2244 859 2289 eiusque
876 2244 1023 2279 finitima
1038 2245 1115 2279 loca
1136 2246 1223 2280 male
1249 2249 1437 2290 vexarunt,
1472 2244 1658 2279 caedentes
1667 2252 1762 2276 com-

317 2288 485 2322 burentes
513 2288 720 2335 diripientes
741 2289 995 2335 depraedantes
1018 2291 1176 2337 captivos
1199 2291 1408 2326 abducentes
1432 2293 1468 2324 et
1487 2289 1640 2335 pessima
1654 2297 1764 2332 quae-

320 2344 389 2378 que
422 2339 678 2388 perpetrantes.
726 2347 804 2371 nam
836 2340 872 2371 et
902 2337 1069 2372 adversus
1101 2336 1197 2383 ipsos
1230 2336 1342 2371 coacti
1371 2337 1509 2370 fuerant
1533 2334 1762 2370 idoneiexer-

320 2379 411 2413 citus
443 2379 646 2425 Nicephoro
677 2380 862 2416 Botaniate
892 2381 999 2416 duce:
1034 2383 1097 2417 sed
1122 2381 1271 2418 avaritia
1293 2386 1330 2416 et
1352 2381 1519 2426 segnities
1544 2389 1649 2415 rursus
1673 2377 1764 2413 effe-

321 2436 402 2458 cere
426 2430 466 2459 ut
487 2426 598 2460 omnis
619 2425 718 2461 labor
740 2427 861 2461 irritus
886 2432 997 2471 esset,
1034 2439 1147 2473 neque
1167 2427 1261 2462 >enim
1283 2428 1422 2473 integer
1451 2430 1662 2477 commeans,
1697 2424 1763 2478 sed

321 2470 506 2505 mediocris
537 2472 705 2516 quaedam
739 2484 822 2517 pars
854 2472 923 2506 illis
954 2472 1086 2508 tradita
1107 2473 1272 2508 militibus
1295 2472 1448 2518 torporis
1469 2483 1574 2507 causa
1595 2472 1667 2512 fnt5
1700 2480 1762 2514 qul

323 2520 467 2560 accepto
490 2517 583 2561 quod
606 2517 674 2552 sibi
698 2518 813 2552 datum
833 2518 967 2563 fuerat,
992 2519 1030 2553 in
1049 2531 1145 2554 suam
1167 2518 1315 2563 quisque
1335 2517 1484 2565 patriam
1502 2514 1649 2564 dissipti
1663 2520 1760 2568 funt·

324 2572 367 2594 ac
387 2573 505 2596 rursus
528 2562 671 2597 barbari
692 2564 868 2608 regionem
891 2563 1078 2599 incendere
1102 2570 1139 2599 et
1159 2565 1236 2598 sine
1256 2570 1348 2599 metu
1367 2574 1585 2610 percurrere.
1617 2570 1761 2604 exiguas

324 2618 408 2640 vero
439 2607 600 2642 iuvenum
633 2608 774 2655 copias,
813 2608 874 2654 qui
903 2611 1004 2644 modo
1030 2623 1049 2645 e
1071 2610 1142 2644 suis
1165 2609 1341 2656 domibus,
1376 2608 1437 2643 ubi
1467 2608 1588 2642 educat
1610 2605 1760 2659 fuerant,

323 2652 546 2698 prodierant,
578 2654 697 2699 parvis
722 2666 764 2689 ac
787 2654 935 2690 minimis
958 2655 1152 2701 sumptibus
1175 2661 1312 2690 coactas
1334 2654 1540 2690 Antiochiae
1562 2649 1759 2704 ‹hcl-t-radl·

324 2697 468 2740 derunt3
504 2698 564 2742 qui
593 2698 731 2745 aliquod
763 2700 900 2746 quidem
926 2701 1059 2736 facinus
1083 2706 1287 2747 perpetrare
1311 2700 1513 2746 cupiebant,
1545 2695 1675 2734 iwemh
1696 2707 1757 2730 au—

325 2742 425 2778 dacia
454 2743 660 2788 militantes,
695 2746 756 2779 sed
788 2746 872 2780 belli
899 2746 1052 2792 imperiti
1076 2751 1111 2782 et
1133 2747 1209 2781 sine
1231 2746 1389 2791 equitatu
1411 2757 1452 2780 ac
1474 2745 1549 2779 fere
1558 2746 1702 2777 mermes
1724 2743 1760 2775 et

324 2787 429 2833 nudi,
459 2800 536 2824 cum
559 2801 603 2824 ne
626 2790 863 2835 quotidianum
887 2792 1024 2838 quidem
1048 2792 1176 2828 victum
1199 2792 1387 2837 haberent,
1417 2786 1634 2826 intolerhilia
1654 2784 1760 2822 multa
