1916 3210
657 148 1106 196 ANNOTATIONES.
1195 157 1205 163 '
1520 150 1618 196 783

144 264 203 308 id
204 265 274 305 est
299 260 491 303 Michaelis
524 261 750 313 archangeli.
808 263 1000 315 antiquam
1029 262 1165 302 exinde
1195 274 1285 314 erga
1307 261 1442 302 beatos
1470 259 1620 316 spiritus

142 320 377 401 devotieoem
392 320 540 370 collige.
599 320 738 359 GoAn.

237 399 295 440 ·Ρ·
316 387 402 431 500
423 400 460 428 V.
482 389 546 428 6.
578 383 858 440 συνάναρχον]
889 399 938 426 an
960 388 1014 426 ita
1036 387 1156 438 filius,
1185 385 1279 426 sicut
1299 390 1405 454 pater
1426 401 1621 442 αναρχρςς

122 443 221 485 'non
249 445 336 494 ita,
353 445 423 484 sed
448 443 544 482 filius
572 457 722 496 quoque
748 443 947 498 αναρχος,
976 445 1064 495 quia
1096 444 1181 484 licet
1201 445 1428 510 principium
1456 445 1621 495 originis,

8 515 47 565 {⁴¹⁵
125 508 222 599 „Gon
251 501 429 554 temporis
458 505 582 541 tamen
610 506 674 542 aut
702 501 898 543 creationis
924 501 1103 551 agnoscit.
1161 501 1368 552 Gregorius
1392 500 1620 552 Theologus.

8 573 38 601 ῃ·
186 569 286 599 mm.

257 638 297 679 p.
322 623 406 669 504
433 637 471 664 v·
497 627 535 666 1.
591 624 828 676 πανονίσαι]
859 638 1010 663 canone
1040 624 1143 663 edito
1177 631 1361 662 statuere.
1422 622 1623 678 Paphnutii

147 682 266 733 dicto,
294 683 351 722 cui
369 681 468 722 velut
482 682 636 723 'fabulae
653 682 735 734 alii,
759 683 953 723 Cedrenus
973 687 1013 722 ut
1031 682 1207 722 historiae
1223 683 1437 722 verissimae
1455 683 1623 735 perhibet

143 739 409 780 testimonium.
467 739 610 778 Gon.

258 820 301 876 p.
324 806 408 849 518
431 819 466 846 v.
489 807 526 847 1.
585 804 744 861 φόρον]
776 806 1001 846 Simocatta:
1043 803 1174 862 φόρος
1195 807 1473 862 περίλαμπρος
1495 809 1624 862 χῶρος

145 865 221 918 τῆς
240 861 408 912 πόλεως.
457 865 566 903 etiam
585 864 830 916 appellatione
848 876 872 902 a
889 863 1023 903 Latina
1043 867 1203 905 deducta
1221 865 1374 916 gaudet.
1423 865 1562 904 GOAR.

258 919 359 959 ibid.
417 920 503 959 hinc
525 921 616 960 inde
635 922 753 959 forum
775 921 961 972 stipabant
994 920 1167 975 ἐμβολοι.
1228 927 1313 960 sunt
1338 926 1463 961 autem
1486 935 1622 961 sccun-

147 978 237 1018 dum
262 977 435 1017 Anatium
458 979 640 1028 porticus
666 978 775 1016 variis
801 978 985 1016 asseribus
1006 980 1208 1018 coniunctis
1228 983 1266 1018 et
1286 979 1419 1029 tegulis
1440 980 1621 1031 superim-

146 1035 277 1087 positis
301 1035 351 1074 ad
378 1035 513 1074 caloris
535 1034 770 1074 incommoda
795 1038 834 1073 et
855 1035 991 1074 imbres
1013 1038 1228 1088 repentinos
1247 1037 1446 1084 arcendos,
1475 1037 1621 1074 umbra-

147 1105 229 1131 rum
247 1093 356 1132 etiam
373 1095 413 1131 et
431 1091 736 1131 deambulationis
754 1092 874 1141 gratia
892 1092 1127 1143 aedificatae,
1158 1094 1210 1135 sic
1225 1094 1346 1131 dictae
1361 1093 1407 1131 ab
1424 1089 1620 1145 ἐμβάλλοι,

145 1149 251 1200 quod
263 1141 315 1188 ad
333 1161 397 1188 eas
414 1154 452 1188 et
469 1161 538 1200 per
555 1161 618 1188 eas
639 1150 826 1199 ingressus
846 1154 982 1199 pateat.
1030 1151 1207 1189 Asconius
1220 1164 1268 1201 pt
1270 1149 1478 1188 evolantia
1498 1149 1619 1187 taba-

146 1204 235 1243 lata
257 1210 378 1246 vocat.
436 1204 554 1254 belle,
580 1206 612 1244 si
634 1209 758 1245 tamen
782 1206 972 1243 addideiis
991 1203 1188 1259 ἐμβόλους
1210 1220 1233 1246 a
1257 1207 1500 1246 Constantino
1521 1207 1620 1259 lapi-

146 1263 257 1302 dibus
295 1266 522 1310 exstructos,
556 1262 731 1301 columnis
769 1263 983 1300 marmoreis
1010 1264 1122 1303 fultos
1156 1269 1194 1303 et
1223 1277 1338 1316 opere
1365 1268 1618 1316 concamerato

145 1324 291 1368 tectos,
326 1319 626 1358 iucundissimum
650 1318 921 1358 ambulantibus
943 1322 1212 1370 spectaculum,
1249 1321 1343 1359 sicut
1373 1324 1411 1360 et
1441 1321 1623 1374 amplissi-

146 1381 247 1416 mum
265 1377 304 1416 in
322 1388 388 1415 eos
405 1389 447 1415 se
462 1375 722 1429 recipientibus
741 1376 901 1428 spatium
919 1378 1147 1427 praebuisse.
1205 1378 1345 1417 GOAR.

257 1457 299 1496 p.
323 1442 407 1487 519
433 1456 469 1484 v,
494 1442 533 1485 4.
591 1440 794 1494 Σενᾶτου]
829 1447 868 1481 ιιι
899 1456 994 1482 nova
1026 1451 1189 1484 veterem
1217 1445 1377 1484 Romam
1405 1445 1624 1495 imitaretur,

147 1500 199 1541 ad
225 1501 297 1540 fori
323 1500 473 1540 maximi
493 1501 588 1549 latus
607 1502 709 1540 curia
727 1502 765 1539 in
785 1505 939 1550 utraque
959 1504 1156 1540 constituta
1177 1506 1266 1542 erat.
1325 1502 1417 1541 haec
1447 1497 1626 1542 Σινάτον

147 1556 205 1598 vel
231 1552 414 1599 Σενᾶτον
441 1546 550 1617 Cpol.
580 1558 792 1606 dicebatur,
822 1558 926 1608 quod
950 1558 1120 1597 Zonaras
1146 1557 1190 1600 ἐν
1212 1562 1269 1615 τῷ
1290 1555 1455 1614 Σενάτῳ
1473 1554 1627 1600 καλού-

147 1629 271 1668 μενον
294 1612 479 1669 μέγιστον
501 1610 616 1655 οἶκον
637 1615 774 1654 scribit.
831 1614 974 1652 GoAu.

259 1681 316 1720 ἑὸ.
341 1695 379 1723 v.
406 1681 473 1723 18
530 1677 774 1735 αὖτοματοις
803 1682 994 1734 θερμοῖς]
1037 1695 1153 1734 aquas
1188 1682 1285 1721 nulla
1317 1683 1477 1722 humana
1509 1684 1623 1722 indu-

148 1739 257 1792 stria,
292 1740 362 1779 sed
387 1744 543 1779 naturae
571 1746 706 1793 sponte
731 1739 984 1798 beneficioque
1008 1740 1060 1780 ad
1083 1740 1214 1779 balnea
1242 1745 1482 1793 praeparatas
1511 1742 1624 1780 intel&

146 1796 232 1847 lige.
289 1795 430 1836 Gom.

235 1865 302 1906 ..p
323 1851 408 1894 520
430 1853 555 1895 v.1o.
612 1867 658 1893 το
678 1851 723 1893 δὲ
740 1848 908 1901 τούτους
928 1850 1224 1923 ἆναιρεθῆναι]
1254 1854 1396 1905 absque
1419 1853 1476 1893 his
1503 1855 1625 1894 verbis

148 1922 277 1950 sensus
294 1911 494 1961 integrior,
522 1909 554 1947 si
573 1911 823 1960 praemiseris:
854 1906 942 1951 ἀλλ’
963 1910 1049 1951 ἐπεὶ
1070 1908 1290 1963 ἅλ’όγιστος.
1350 1911 1487 1951 GoAn.

260 1966 317 2008 ib.
338 1979 375 2006 v.
401 1967 466 2007 17.
521 1965 581 2003 ad
587 1966 768 2017 fratrem
796 1968 1094 2018 Constantium]
1125 1968 1256 2006 salsum
1276 1968 1346 2006 hoc
1364 1973 1421 2006 est
1438 1972 1479 2007 et
1496 1972 1624 2007 contra

147 2023 324 2064 historiae
347 2024 473 2063 fidem.
532 2023 730 2063 Constanti
759 2026 856 2064 enim
881 2025 1025 2063 absenti
1048 2024 1183 2063 bellum
1206 2026 1366 2063 inferens
1386 2025 1485 2076 apud
1504 2026 1622 2076 Aqui-

147 2082 258 2121 leiam
285 2081 334 2120 ab
361 2081 439 2121 eius
467 2081 630 2120 exercitu
651 2094 779 2121 caesus
800 2082 912 2134 periit
935 2081 1212 2120 Constantinus.
1270 2085 1310 2120 et
1330 2081 1383 2120 sic
1402 2081 1512 2133 paulo
1532 2087 1622 2134 post

146 2142 251 2178 recte
267 2137 417 2188 legitur.
472 2138 580 2178 Χιτι..

261 2208 301 2248 p.
322 2195 403 2238 521
424 2207 460 2233 v.
476 2198 512 2236 1.
571 2191 767 2247 χαροπός]
798 2194 856 2233 hic
874 2207 994 2245 aeque
1010 2206 1054 2233 ac
1071 2195 1109 2233 in
1126 2194 1328 2233 Iustiniano
1347 2191 1524 2248 χαροπόν
1542 2192 1622 2248 τήν

150 2248 253 2303 ὄψιν
280 2250 473 2302 adspectu
501 2258 652 2289 trucem
678 2251 842 2290 reddidit
867 2252 1062 2303 interpres.
1110 2256 1264 2290 'constat
1280 2255 1423 2302 autem,
1451 2256 1492 2291 ιιι
1509 2254 1623 2291 mori·-

147 2309 240 2357 bus,
270 2308 324 2347 ita
351 2309 515 2360 corporis
541 2309 655 2358 signis
680 2309 919 2348 lastinianum
938 2321 1116 2348 summam
1136 2310 1452 2348 mansuetudinem
1471 2315 1624 2361 praetu-

149 2364 248 2404 lisse.
304 2366 438 2405 rectius
465 2366 592 2416 itaque
617 2377 699 2403 cum
728 2365 780 2406 lo.
810 2366 980 2416 Baptista
1007 2365 1121 2403 Porta
1149 2366 1187 2403 in
1213 2365 1412 2416 Physiogn.
1440 2363 1625 2419 χαροπόν

151 2422 292 2460 caesiis
318 2421 464 2468 oculis,
492 2422 620 2473 quales
648 2427 736 2460 sunt
765 2422 925 2471 leonini,
951 2421 1145 2459 illustrem
1173 2428 1298 2471 verto,
1326 2436 1435 2473 quem
1463 2425 1624 2462 eundem

149 2481 353 2533 περιφερῆ
380 2478 450 2520 καὶ
480 2474 773 2531 εὐόφθαλμον,
815 2478 1058 2517 volubilibus
1095 2478 1350 2531 benigni-sque
1387 2480 1624 2531 conspicuum

150 2536 287 2576 fluidas
321 2549 402 2575 cum
435 2536 550 2576 lexico
570 2534 764 2587 Anonymo
783 2536 872 2578 bibl.
890 2537 988 2587 Reg.
1007 2537 1282 2587 interpretatur,
1340 2536 1481 2576 Golia.

264 2591 320 2631 ib.
351 2606 387 2634 V.
414 2593 454 2634 8.
509 2592 748 2643 κακοδοξία]
779 2594 871 2632 favit
898 2595 995 2633 enim
1022 2593 1184 2633 Arianae
1206 2594 1398 2646 impietati.
1454 2597 1495 2632 et
1522 2597 1625 2634 recte

151 2650 190 2689 in
213 2651 382 2700 margine
403 2650 553 2688 additur
573 2645 667 2690 ουαὶ
687 2645 746 2690 ότι
763 2652 821 2705 τῷ
840 2647 1007 2691 πάντων
1025 2646 1187 2706 ἐσχάτῳ.
1244 2650 1413 2703 deplorat
1437 2663 1524 2690 eum
1551 2651 1622 2690 hoc

151 2719 226 2746 uno
246 2707 335 2746 vitio
355 2706 561 2753 laborasse,
587 2708 690 2758 quod
710 2707 872 2747 οιιιιιίιιιιι
889 2708 937 2746 sit
955 2719 1148 2747 summum.
1206 2707 1328 2749 Χῑι.

264 2761 319 2801 ib.
351 2775 386 2802 v.
413 2764 484 2804 22.
540 2763 789 2815 Macellum]
836 2765 1013 2817 scriptura
1056 2777 1242 2817 perversa.
1297 2764 1510 2804 Ammianus
1541 2777 1618 2803 non

151 2820 264 2872 longe
281 2821 330 2861 ab
347 2820 449 2861 initio
465 2820 489 2862 l.
505 2820 556 2864 15
574 2821 738 2863 Marcelli
754 2822 909 2863 fundum
927 2825 1050 2862 vocat:
1073 2821 1234 2874 legerem
1255 2835 1346 2874 ergo
1364 2823 1618 2878 Μαρκελλίῳ.
