1890 3236
354 141 356 147 ’
425 159 430 164 “
494 172 889 219 msromfflnm
931 174 1323 221 οοΜΡΕΝοῙοΜ.
1543 173 1643 224 459

113 287 118 292 ”
173 284 477 345 &flammaue
491 289 772 347 Λαρισσαίας.
806 283 905 348 ἦρξε
927 291 972 334 δὲ
992 290 1097 334 κατὰ
1115 289 1190 346 τὴν
1213 287 1258 334 ιε’
1278 293 1353 334 τοῦ·
1369 291 1646 348 Σεπτεμβρίου
1669 299 1698 335 Ρ
1722 300 1790 337 708

173 354 323 414 μηνός,
366 356 592 414 ἔπινεμήσει
623 357 689 415 ιγ’.
767 360 836 402 καὶ
867 360 972 415 μηδ’
1011 358 1106 404 ὅλον
1135 357 1435 417 ἀποπληρώσας
1468 360 1648 404 ἐνιαυτὸν

117 423 122 426 ’
173 423 411 484 σφάττεται,
446 429 503 478 εἰς
525 427 757 483 κυνηγέσιον
777 426 969 481 ἐξελθών,
1002 428 1116 486 παρὰ
1135 427 1332 472 Ἰωάννου
1351 432 1426 472 τοῦ
1443 430 1511 471 καὶ
1530 432 1647 472 Βλα-
1687 453 1691 458 -

173 492 409 549 ὁισθλάβου
429 499 505 539 τοῦ
521 495 613 539 υἶοῦ
624 494 797 554 Ἀαρών,
823 496 871 540 ὃν
893 496 1017 549 αὐτὸς
1034 494 1227 553 θνήσκειν
1244 497 1443 553 μέλλοντα
1465 501 1538 541 τοῢ
1560 502 1647 542 θα-

139 561 296 608 ῦνάτου
316 562 646 622 ἆπελυτρώσατο.

308 631 407 688 Πρὸ
428 637 502 676 τοῦ
519 634 564 677 δὲ
581 636 712 677 ταῦτα
727 631 931 689 γενέσθαι,
965 631 1259 690 Θεοφυλάκτου
1279 637 1354 677 τοῦ·
1371 632 1644 678 Βοτανειάτου

172 698 314 757 ἄρχειν
347 700 648 757 Θεσσαλονίκης
673 702 776 757 μετὰ
804 701 876 745 τὸν
901 702 1129 759 Ἀριανίτην
1162 703 1423 760 πεμφθέντος
1450 704 1591 758 Δαβὶδ
1621 702 1644 747 ὅ

171 770 458 827 Νεστορίτζης,
484 768 542 822 εἷς
558 775 640 814 τῶν
658 770 772 828 παρὰ
790 769 1049 829 Βουλγάροις
1063 771 1168 828 μέγα
1185 771 1418 826 δυναμένων
1433 770 1640 829 ὑπάρχων,

170 836 276 893 μετὰ
297 837 510 894 δυνάμεως
536 836 668 897 ἆδρᾶς
695 839 800 882 κατὰ
833 839 1132 895 Θεσσαλονίκης
1158 840 1398 896 ἐκπέμπεται
1426 841 1537 897 παρὰ
1566 846 1642 884 τοῦ

115 915 163 952 10
172 905 394 963 Σαμουήλ·
427 905 490 959 οἷς
510 906 764 964 συναντήσας
790 906 813 951 ὃ
847 906 1137 967 Θεοφύλακτος
1161 908 1236 952 σὺν
1267 913 1327 968 τῷ
1355 909 1432 967 υἱῷ
1463 910 1641 965 Μιχαὴλ

0 977 16 1030 B>
168 976 239 1020 καὶ
257 978 509 1032 συμπλακεὶς
525 977 660 1033 τρέπει
681 994 724 1019 τε
745 976 850 1019 κατὰ
868 976 1036 1034 κράτος,
1072 979 1138 1020 καὶ
1157 979 1266 1021 λείαν
1287 978 1440 1032 πολλὴν
1462 981 1528 1021 καὶ
1549 981 1642 1033 αἰχ-

0 1096 13 1113 Ιι
168 1043 388 1100 μαλώτους
409 1045 584 1100 συχνοὺς
609 1044 943 1101 προσλαβόμενος
969 1047 1189 1101 διακομίζει
1215 1050 1274 1105 τῷ
1294 1050 1460 1101 βασιλεῖ’
1473 1050 1641 1106 πολιορ-
1664 1058 1695 1093 Β

0 1109 11 1178 ᾗ
168 1116 306 1159 κοῦντι
332 1113 379 1158 τὸ
409 1115 453 1157 ἓν
481 1118 531 1171 τῇ
555 1113 770 1174 κλεισούρᾳ
791 1120 864 1158 τοῦ
888 1117 1084 1158 Κλειδιόυ
1105 1116 1223 1170 δέμα.
1290 1115 1336 1159 τὸ
1362 1116 1466 1170 δέμα
1484 1116 1552 1169 δέ,
1591 1114 1647 1168 ὡς

0 1179 6 1264 '5
170 1181 350 1240 εἴρηται,
402 1184 553 1237 διαβὰς
581 1180 602 1225 ὃ
631 1183 826 1237 βασιλεὺς
859 1184 964 1226 κατὰ
996 1182 1307 1241 Στρούμπιτζαν
1338 1186 1502 1240 γίνεται.
1579 1187 1648 1228 καὶ

0 1264 6 1282 ³
115 1255 160 1293 1⁵
169 1249 453 1308 παρεστήσατο
470 1251 545 1306 μὲν
564 1250 762 1310 φρούριον
779 1252 825 1295 τὸ
844 1250 1092 1308 καλούμενον
1103 1252 1380 1306 Ματζούκιον,
1394 1258 1445 1310 τῇ
1455 1256 1647 1311 Στρουμ-

0 1323 9 1347 ²
167 1321 286 1378 πίτζῃ
305 1320 352 1363 δὲ
373 1321 646 1377 προσεγγίζον,
680 1321 783 1375 μετὰ
805 1320 1016 1376 δυνάμεως
1043 1321 1087 1364 δ’
1119 1322 1309 1376 ἐκπέμπει
1327 1322 1397 1364 τὸν
1416 1322 1647 1365 Batanai-

167 1405 243 1444 την
275 1388 567 1446 Θεοφύλακτον
591 1390 663 1433 τὸν
696 1392 826 1432 δοῦκα
851 1390 1171 1445 Θεσσαλονίκης,
1207 1388 1433 1448 ὑπερβῆναι
1456 1389 1647 1443 κελεύσας

166 1457 265 1509 τοὺς
287 1459 330 1501 ἓν
349 1459 633 1516 Στρουμπίτζῃ
650 1457 847 1513 βουνούς,
881 1460 949 1502 καὶ
979 1459 1031 1501 τὰ
1059 1459 1102 1501 ἓν
1130 1465 1221 1510 ταῖς
1245 1459 1339 1502 κατ’
1364 1459 1511 1510 αὐτοὺς
1534 1458 1645 1511 ὁδοῖς

166 1529 428 1583 πυρπολῆσαι
445 1527 623 1582 δέματα,
658 1529 725 1570 καὶ
747 1526 987 1584 εὗπόρευτον
1015 1524 1126 1586 αὐτῷ
1153 1532 1290 1570 θεῖναι
1315 1527 1390 1583 τὴν
1410 1528 1513 1585 πρὸς
1534 1529 1643 1572 Θεσ-

110 1596 386 1652 2οσαλονίκην
411 1594 592 1652 ἄγουσαν
613 1593 723 1639 ὁδόν.
789 1594 811 1638 ὃ
834 1597 879 1639 δὲ
901 1595 1094 1640 ἀπελθὼν
1118 1594 1387 1654 συνεχωρήθη
1414 1597 1488 1651 μὲν
1515 1598 1557 1641 ἒν
1585 1602 1645 1657 τῷ

167 1663 332 1708 εἵσιέναι
358 1664 474 1722 παρὰ
505 1669 587 1709 τῶν
624 1664 1017 1722 τοποφυλακούντων
1050 1664 1304 1722 Βουλγάρων
1342 1665 1644 1721 ἀνεμποδίστως

167 1735 360 1786 διελθεῖν,
388 1736 548 1789 μέλλων
567 1734 611 1777 δὲ
631 1734 734 1791 πρὸς
755 1734 826 1777 τὸν
847 1734 1020 1789 βασιλέα
1039 1733 1160 1778 πάλιν
1181 1732 1449 1792 ὑποστρέφειν
1468 1736 1573 1790 μετὰ
1590 1736 1636 1780 τὸ
1661 1744 1693 1778 C

165 1802 219 1847 τὰ
247 1803 577 1860 προστεταγμένα
612 1807 824 1860 πληρῶσαι
851 1805 1076 1862 περιπίπτει
1105 1801 1242 1858 λόχοις
1272 1804 1339 1846 ἐπ’
1374 1804 1486 1863 αὐτῷ
1500 1803 1643 1864 τούτῳ

165 1871 524 1930 προσκαθημένοις
540 1873 608 1915 καὶ
630 1870 907 1931 ἐνεδρεύουσιν
932 1872 974 1916 ἕν
992 1890 1070 1917 τινι
1089 1871 1271 1929 ε’πιμήκει
1294 1875 1562 1935 στενοχωρία·
1598 1876 1640 1917 ἐν

258 2002 283 2040 6
303 2002 374 2039 τοῦ
396 2006 481 2039 ante
502 2002 591 2040 Βοτ.
613 2015 670 2041 om
693 2003 724 2039 C
797 2007 802 2019 ¹
861 2004 886 2041 7
907 2000 1027 2050 α’ρχὴν
1043 2003 1074 2039 P
1215 2003 1261 2041 14
1284 2003 1503 2051 στρουβίτζῃ
1527 2005 1558 2040 C

165 2116 266 2199 stiva
292 2118 441 2164 quadam
474 2118 677 2155 Larissaea.
735 2119 818 2155 iniit
849 2119 983 2155 decima
1016 2119 1139 2166 quinta
1168 2119 1410 2166 Septembris,
1448 2119 1642 2155 indictione

191 2164 303 2200 ecima
322 2165 442 2204 tertia.
490 2177 638 2212 cumque
666 2167 817 2201 nondum
851 2166 1026 2211 integrum
1056 2167 1264 2212 imperasset
1293 2177 1441 2210 annum,
1479 2171 1642 2201 venatum

166 2210 290 2245 exiens
311 2210 525 2246 interficitur
546 2224 569 2246 a
589 2213 743 2257 Ioanne,
779 2213 841 2257 qui
865 2218 902 2247 et
924 2212 1204 2257 Bladisthlabus‚
1237 2211 1310 2247 filio
1332 2211 1504 2258 Aaronis,
1538 2223 1642 2258 quem

165 2255 246 2302 ipse
269 2256 350 2291 neci
374 2256 560 2302 aliquando
582 2260 822 2293 subtraxerat.

259 2301 453 2347 Antequam
479 2302 547 2337 hoc
577 2304 701 2347 fieret,
735 2303 1005 2349 Theophylacto
1028 2303 1239 2338 Botaneiata
1263 2303 1539 2339 Thessalonicae
1561 2307 1644 2350 post

164 2347 343 2383 Davidum
366 2347 559 2383 Arianitam
583 2351 764 2396 praesecto
789 2350 972 2384 Samuelus
995 2349 1246 2394 Nestoritzam,
1270 2361 1375 2385 unum
1399 2351 1444 2385 de
1468 2351 1644 2395 potentis-

166 2394 265 2429 simis
291 2393 467 2439 Bulgaris‚
498 2406 623 2440 magno
647 2407 723 2430 cum
747 2397 906 2431 exercitu
929 2396 974 2430 ad
998 2407 1074 2430 eam
1097 2397 1217 2430 urbem
1241 2395 1348 2433 misit.
1397 2407 1499 2441 quem
1519 2396 1644 2431 Theo-

165 2440 367 2486 phylactus‚
392 2439 465 2474 filio
489 2452 552 2475 suo
570 2441 744 2476 Michaelo
768 2442 964 2486 comitatus,
1015 2453 1105 2486 ugna
1130 2453 1338 2487 congressus
1362 2442 1479 2484 fudit;
1501 2454 1645 2488 magna-

166 2497 237 2532 que
260 2486 394 2532 praeda
416 2492 517 2533 parta
540 2493 576 2521 et
598 2488 715 2522 multis
738 2488 864 2533 captis,
888 2499 964 2522 cum
988 2454 1042 2522 Eis
1067 2488 1109 2522 ad
1131 2488 1376 2534 imperatorem
1400 2493 1484 2523 tunc
1507 2495 1644 2535 septum

166 2532 205 2566 in
231 2532 404 2577 angustiis
424 2534 517 2579 apud
542 2533 716 2568 Chlidium
741 2540 998 2579 oppugnantem
1021 2533 1134 2569 venit.
1165 2534 1359 2580 imperator
1382 2534 1554 2580 angustiis
1573 2545 1644 2580 quo

166 2577 320 2613 diximus
344 2578 445 2612 modo
469 2581 659 2625 superatis,
685 2580 729 2614 ad
748 2580 997 2625 Strumpitzam
1020 2580 1176 2623 accedit3
1201 2585 1237 2615 et
1259 2580 1404 2615 castello
1429 2580 1485 2616 cui
1504 2581 1645 2616 Matzu-

167 2624 260 2658 cium
283 2635 408 2659 nomen
433 2625 580 2671 potitus,
603 2626 842 2672 Strumpitzae
863 2626 933 2661 iam
955 2638 1020 2672 pro
1047 2626 1218 2671 inquens,
1241 2626 1546 2673 Theophylactum
1570 2626 1643 2661 Bo-

166 2669 361 2705 toneiatam
392 2670 668 2707 Thessalonicae
707 2673 830 2707 ducem
859 2671 965 2707 colles
997 2639 1045 2707 ag
1071 2672 1321 2718 strumpitzam
1353 2673 1442 2710 sitos
1473 2684 1642 2719 superare

165 2716 268 2751 iubet
290 2721 329 2751 et
347 2721 450 2763 septa
471 2719 578 2753 obvia
599 2718 808 2763 incendere,
841 2718 982 2772 sibique
1016 2718 1084 2753 hoc
1117 2719 1219 2753 modo
1251 2718 1322 2753 iter
1353 2719 1642 2754 Thessalonicam

167 2762 301 2797 ducens
313 2762 493 2808 expedire.
517 2765 797 2810 proficiscentem
815 2764 1038 2811 praesndiarii
1055 2764 1143 2800 nihil
1160 2766 1340 2800 obstantes
1351 2765 1404 2800 ire
1417 2777 1484 2812 quo
1501 2766 1644 2801 volebat

169 2808 268 2863 passi
291 2814 386 2843 sunt·
419 2810 482 2846 sed
504 2823 581 2846 cum
605 2810 778 2846 mandatis
801 2811 956 2857 peractis
980 2811 1024 2845 ad
1047 2811 1292 2865 imperatorem
1313 2812 1430 2847 redire
1454 2811 1580 2855 vellet,
1604 2811 1642 2846 in

168 2853 318 2891 insidiiis
341 2855 388 2891 ad
409 2854 477 2891 hoc
498 2857 611 2906 ipsum
631 2858 820 2895 collocatas
844 2857 883 2893 in
902 2857 1074 2906 porrectis
1098 2869 1136 2894 m
1155 2856 1295 2905 longum
1314 2857 1485 2904 angustiis
1505 2858 1642 2904 incidit,
