1890 3236
330 192 427 239 306
800 188 1038 233 GEORGII
1065 188 1309 234 CEDRENI

327 305 547 362 βιωμένων.
614 299 789 357 σήμερον
806 299 1018 359 ὓπάρχεις,
1061 304 1127 345 καὶ
1150 301 1290 359 αὔριον
1317 302 1372 353 εἷς
1393 299 1774 363 κόνινδιαλυθῆοζη.

330 379 364 418 εἲ
382 372 554 417 πλούτου
574 371 675 427 ἐρῶν
694 373 821 412 ταῦτα
846 377 970 421 ποιεῖς
982 401 996 421 ,
1031 368 1108 426 ἐγώ
1127 387 1171 414 σε
1191 369 1333 413 τούτου
1354 369 1546 426 ἐμπλήσω
1564 373 1623 424 εἷς
1638 370 1775 432 κόρον.

331 442 452 500 μόνον
482 439 662 483 danaum
693 437 766 493 τὴν
787 434 945 495 εἰρήνην
966 439 1034 481 καὶ
1055 436 1263 495 ἀγάπησον
1285 438 1357 494 τὴν
1378 437 1582 493 ὁμόνοιαν,
1610 441 1683 485 *ἕνα
1705 443 1776 485 καὶ

282 524 313 559 Β
335 510 456 560 αὐτὸς
483 509 572 562 βίον
601 504 730 561 ζήσεις
754 506 950 562 εἰρηνικὸν
976 508 1044 550 καὶ
1077 507 1335 562 ἀναίμακτον,
1368 509 1451 550 καὶ
1468 508 1507 551 οἳ
1534 510 1776 566 Χριστιανοὶ

330 576 566 623 παῦσωνταί
578 592 673 617 ποτε
693 575 786 617 κατ’
809 573 993 630 ἀλλήλων
1019 573 1125 618 ὅπλα
1148 579 1358 626 κινοῦντες.
1366 575 1392 592 ”
1461 577 1529 620 καὶ
1547 580 1682 620 ταῦτα.
1699 578 1807 631 {stirs

331 646 436 692 εἶπεν
457 643 478 688 ὅ
497 641 708 699 βασιλεύς,
753 644 956 694 αἰδεσθεὶς
975 644 1019 686 δὲ
1039 641 1061 686 ὃ
1081 644 1249 698 Συμεὼν
1276 644 1352 699 τὴν
1373 640 1517 687 τούτου
1541 645 1780 688 ταπείνωσιν,

327 715 520 769 ὑπέσχετο
550 712 623 766 τὴν
656 709 813 769 εἰρήνην
840 709 1107 767 ποιήσασθαι.
1174 713 1241 755 καὶ
1273 710 1549 767 ἀσπασάμενοι
1581 710 1778 768 ἀλλήλους

330 783 666 838 διεχωρίσθησαν,
691 784 762 822 τοῦ
777 780 978 834 βασιλέως
993 778 1141 837 δώροις.
1150 781 1465 837 μεγαλοπρεπέσι
1484 780 1776 836 δεξιωσαμένου

329 853 400 896 τὸν
417 848 598 905 Συμεών.
664 849 892 903 συμβέβηκε
912 849 959 891 δέ
974 866 1012 891 τι
1028 848 1235 906 τεράστιον
1251 847 1362 900 τότε,
1391 846 1446 899 ὥς
1465 848 1577 900 ἄξιον
1593 846 1692 892 εἶναι
1708 850 1777 893 καὶ

331 918 623 976 διηγήσασθαι.
689 914 763 958 δύο
785 919 909 973 φασὶν
926 917 1067 967 ἀετοὺς
1089 921 1168 960 τῶν
1186 918 1386 972 βασιλέων
1408 915 1654 971 ὁμιλούντων
1667 915 1831 962 ἅνω-10

330 994 408 1033 θεν
436 987 568 1030 αὐτῶν
594 983 864 1041 ὑπερπτῆναι,
898 984 1064 1041 κλάγξαι
1096 1003 1137 1028 τε
1153 988 1234 1028 ’καὶ
1267 985 1455 1041 ἀλλήλοις
1481 988 1682 1041 συμμῖξαι
1707 987 1777 1029 καὶ

329 1056 560 1113 παραυτίκα
585 1055 891 1108 διαζευχθῆναι,
940 1055 1008 1096 καὶ
1029 1054 1098 1096 τὸν
1122 1055 1195 1108 μὲν
1215 1055 1277 1096 ἐπὶ
1297 1054 1370 1109 τὴν
1388 1052 1502 1098 πόλιν
1526 1055 1674 1106 ἐλθεῖν,
1705 1053 1776 1097 τὸν

331 1127 376 1168 δὲ
397 1126 460 1167 ἐπὶ
479 1123 551 1178 τὴν
581 1121 747 1182 Θρᾴκην
766 1122 1004 1177 ἀποπτῆναι.
1070 1126 1188 1165 τοῦτο
1210 1123 1254 1164 δὲ
1277 1122 1315 1164 οἷ
1335 1124 1424 1180 περὶ
1444 1122 1518 1173 τὰς
1528 1121 1775 1179 ὅρνιθοσκο-

331 1195 425 1243 πίας
444 1191 677 1246 ἐπτοημένοι
697 1190 770 1233 οὐκ
790 1191 919 1233 αἶσιον
937 1189 1095 1246 ἔκριναν
1117 1190 1279 1233 οἰωνόν·
1307 1188 1568 1245 ἀσυμβάτους
1587 1189 1665 1246 γὰρ
1683 1191 1776 1232 δια-

276 1273 307 1308 c
332 1260 591 1316 λυθήσεσθαι
624 1260 686 1301 ἐπὶ
715 1263 766 1317 τῇ
798 1257 933 1316 εῗρήνῃ
962 1258 1217 1316 ἀμφοτέρους
1243 1258 1413 1316 ἔφησαν.
1478 1257 1500 1300 ὃ
1532 1258 1577 1300 δὲ
1605 1258 1774 1312 Συμεὼν
1787 1267 1829 1303 15

328 1329 593 1386 ὑποστρέψας
614 1333 698 1378 τοῖς
721 1328 878 1378 οἰκείοις
901 1326 1071 1384 ἄρχουσι
1097 1328 1170 1383 τὴν
1193 1331 1266 1370 τοῦ
1287 1326 1486 1381 βασιλέως
1509 1327 1682 1382 ἐξηγεῖτο
1700 1342 1776 1381 με-

329 1397 520 1456 τριότητα
542 1397 610 1439 καὶ
633 1396 679 1438 τὸ
702 1396 802 1453 πρὸς
821 1396 872 1438 τὰ
885 1394 1077 1452 χρήματα
1095 1394 1301 1452 προετικόν
1317 1413 1359 1439 τε
1376 1397 1442 1438 καὶ
1460 1395 1702 1452 ἐλευθέριον.

469 1465 590 1508 Κατὰ
620 1465 663 1506 δὲ
690 1465 763 1519 τὴν
794 1462 936 1520 ἑορτὴν
965 1469 1044 1507 τῶν
1062 1464 1403 1522 Χριστουγέννων,
1450 1465 1693 1514 ῗνὸικτιῶνος
1719 1459 1777 1516 β’,

325 1533 539 1590 Ῥωμανὸς
561 1532 582 1575 ὅ
601 1532 791 1586 βασιλεὺς
812 1532 948 1590 στέφει
967 1532 1061 1582 τοὺς
1080 1532 1152 1575 δύο
1172 1532 1285 1583 υἱοὺς
1303 1532 1426 1576 αῧτοῦ
1436 1564 1449 1584 ,
1483 1531 1691 1589 Στέφανον
1709 1532 1778 1574 καὶ

332 1605 650 1652 Κωνσταντῖνον,
684 1601 727 1643 ἓν
747 1604 799 1657 τῇ
817 1598 971 1658 μεγάλῃ
991 1601 1199 1661 ἐκκλησία·
1233 1600 1303 1643 τὸν
1322 1601 1367 1644 δὲ
1387 1599 1526 1643 λοιπὸν
1544 1600 1633 1642 υἱὸν
1650 1599 1831 1644 αὖτοῦἓθ

334 1669 622 1728 Θεοφύλακτον
649 1667 671 1710 ὃ
698 1668 947 1726 πατριάρχης
968 1668 1145 1726 ἀπέκειρε
1167 1667 1367 1726 κληρικόν,
1396 1666 1682 1727 χειροτονήσας
1701 1667 1778 1710 αι’·-

329 1740 400 1782 τόν
418 1737 697 1789 ὖποδιάκονον,
742 1735 1093 1794 προχειρισάμενος
1111 1739 1177 1780 καὶ
1194 1737 1421 1794 σύγκελλον,
1454 1735 1649 1794 πρότερον
1670 1738 1778 1778 διελ-

330 1806 462 1850 θόντα
480 1809 535 1857 εἷς
554 1806 605 1850 τὰ
625 1805 719 1861 ἅγια
740 1806 843 1859 μετὰ
864 1809 936 1848 τοῦ
956 1803 1158 1861 τάγματος
1180 1811 1258 1849 τῶν
1279 1803 1568 1849 ὖποδιακόνιον.
1618 1806 1778 1859 ἐτίμησε

328 1877 374 1919 δὲ
402 1879 470 1919 καὶ
498 1875 569 1918 τὸν
595 1874 789 1929 μυστικὸν
817 1872 1001 1929 Ἰωάννην
1033 1876 1101 1917 καὶ
1134 1871 1540 1932 παραὸνναστεύοντα
1572 1874 1778 1931 πατρίκιον

421 1961 463 1995 11
483 1956 635 2004 κλάγξαι
648 1978 692 1984 -
710 1959 753 1994 13
767 1955 980 2003 ἆποπτῆναι
1002 1970 1056 1993 om
1079 1959 1110 1993 C
1244 1960 1290 1995 21
1313 1956 1570 2003 θεοφύλακτος
1592 1958 1623 1992 C

331 2027 538 2064 mercedem.
583 2027 688 2062 hodie
709 2026 814 2071 vivis,
845 2032 882 2061 et
903 2039 978 2061 cras
1001 2027 1037 2061 in
1061 2028 1235 2073 pulverem
1258 2026 1472 2065 dissolveris.
1519 2027 1552 2062 si
1579 2026 1779 2062 divitiarum

330 2073 504 2121 cupiditas
528 2078 564 2107 te
587 2074 630 2107 ad
654 2073 739 2107 haec
760 2073 894 2117 agenda
917 2073 1082 2119 impellit,
1125 2086 1191 2119 ego
1224 2074 1269 2108 ad
1299 2073 1494 2108 satietatem
1523 2083 1634 2117 usque
1664 2076 1701 2107 te
1734 2072 1779 2106 iis

331 2120 502 2174 opplebo:
526 2123 658 2153 tantum
681 2130 800 2164 pacem
822 2118 1032 2164 amplectere
1051 2124 1086 2154 et
1108 2119 1326 2154 concordiam
1348 2119 1468 2164 dilige,
1490 2123 1530 2153 ut
1549 2118 1628 2163 ipse
1641 2128 1780 2162 quoque

332 2171 439 2201 vitam
463 2170 621 2210 pacatam
641 2165 749 2209 degas
771 2175 813 2198 ac
834 2164 1059 2207 incruentam,
1085 2171 1120 2200 et
1142 2166 1279 2200 tandem
1298 2163 1490 2200 Christiani
1511 2163 1673 2199 desinant
1694 2174 1780 2198 con-

330 2216 388 2247 tra
410 2222 449 2245 se
470 2210 621 2245 invicem
644 2222 737 2245 arma
760 2207 892 2244 ferre-’³
936 2210 990 2244 his
1013 2211 1130 2245 verbis
1153 2212 1287 2256 hacque
1309 2210 1538 2247 submissione
1557 2209 1780 2255 imperatoris

330 2257 376 2292 ad
399 2256 642 2291 verecundiam
664 2256 786 2291 ductus
812 2256 953 2290 Simeon
975 2257 1133 2301 promisit
1155 2269 1195 2291 se
1217 2267 1335 2302 pacem
1357 2258 1546 2298 facturum3
1579 2260 1616 2291 et
1638 2259 1780 2300 peracta

328 2302 537 2337 salutatione
559 2302 747 2336 discessum
768 2307 839 2346 est,
871 2313 947 2336 cum
980 2302 1116 2347 quidem
1147 2302 1485 2348 magnificentissima
1513 2302 1604 2336 dona
1625 2300 1780 2336 Simeoni

330 2348 519 2393 imperator
553 2347 719 2383 dedisset.
770 2348 911 2392 dignum
942 2353 997 2382 est
1025 2348 1138 2383 relatu
1165 2349 1359 2393 prodigium
1391 2348 1484 2394 quod
1521 2352 1604 2382 tunc
1636 2345 1779 2381 accidit.

330 2405 409 2428 nam
439 2394 558 2428 ferunt
584 2393 857 2439 colloquentibus
885 2393 1101 2439 principibus
1124 2395 1208 2429 duas
1232 2394 1366 2439 aquilas
1388 2404 1494 2439 supra
1516 2404 1576 2428 eos
1598 2391 1780 2434 volitasse,

331 2444 368 2474 et
391 2450 467 2474 cum
492 2439 654 2484 clangore
677 2451 716 2473 se
739 2440 972 2484 coniunxisse,
998 2451 1144 2484 moxque
1166 2440 1318 2475 divulsas
1340 2440 1462 2483 fuisse,
1485 2439 1535 2473 ita
1553 2442 1593 2472 ut
1609 2437 1779 2482 alteralad

330 2486 450 2519 urbem
475 2484 583 2519 altera
605 2485 641 2519 in
665 2485 850 2520 Thraciam
873 2485 1042 2520 avolaret.
1088 2486 1136 2530 id,
1159 2485 1219 2531 qui
1245 2486 1390 2531 augurio
1414 2483 1546 2529 aliquid
1567 2482 1778 2527 tribuebant,

330 2530 464 2574 signum
485 2530 735 2576 inauspicatum
756 2531 979 2576 interpretati
1002 2536 1102 2575 sunt,
1125 2537 1164 2566 et
1184 2531 1314 2566 infecta
1337 2543 1423 2577 pace
1445 2531 1633 2565 discessum
1655 2527 1701 2562 iri
1723 2528 1780 2562 iu-

331 2575 503 2610 dicarunt.
532 2576 673 2611 Simeon
695 2576 739 2611 ad
760 2588 841 2612 suos
863 2588 1025 2612 reversus
1044 2577 1247 2622 proceribus
1267 2576 1536 2613 moderationem
1560 2574 1780 2620 imperatoris

332 2626 370 2655 et
391 2621 631 2656 liberalitatem
655 2623 824 2659 narravit.

423 2667 532 2701 Festo
549 2667 682 2703 Christi
696 2668 865 2713 natalitio,
886 2668 1077 2704 indictione
1099 2668 1264 2711 secunda,
1286 2667 1460 2702 Romanus
1475 2665 1568 2700 -duos
1585 2676 1667 2700 suos
1688 2664 1781 2700 filios

331 2709 546 2755 Stephanum
570 2718 605 2747 et
628 2714 890 2749 constantinum
912 2719 1056 2749 coronat
1079 2714 1116 2748 in
1140 2725 1262 2758 magno
1284 2712 1430 2758 templo:
1466 2711 1635 2756 reliquum
1658 2711 1780 2745 Theo-

330 2757 530 2801 phylactum
552 2759 754 2803 patriarcha
774 2759 866 2795 radit
888 2771 930 2795 ac
950 2760 1111 2794 clericum
1136 2759 1232 2803 facit,
1254 2764 1291 2793 et
1310 2758 1557 2793 subdiaconum
1581 2768 1623 2792 ac
1639 2756 1780 2800 syncel-

330 2802 399 2837 lum
421 2802 602 2848 designat‚
635 2815 710 2840 cum
741 2805 839 2851 prius
867 2805 904 2840 in
934 2805 1166 2840 sanctuarium
1196 2804 1361 2839 intrasset
1392 2804 1543 2838 officium
1577 2800 1780 2837 subdiaconi

328 2859 469 2893 gerens.
514 2849 678 2886 Ioannem
707 2863 813 2897 porro
844 2851 1026 2896 mysticum
1049 2856 1086 2887 et
1105 2850 1403 2896 gubernandarum
1424 2861 1539 2885 rerum
1562 2849 1692 2884 socium
1714 2859 1779 2893 pa*

1037 2977 1095 3030 ἡ·
