1916 3210
267 157 367 204 856
691 152 988 200 XYLANDRI
1019 155 1093 198 ET
1128 154 1306 200 GOARI

267 281 290 307 a
307 266 511 318 patriarcha
533 263 691 312 habitus,
719 277 767 303 ne
788 264 856 303 iuri
880 277 947 302 suo
965 265 1193 304 renuntiaret
1214 267 1279 304 aut
1299 266 1509 317 oppositum
1527 269 1726 309 sentientes

269 324 494 370 offenderet,
533 333 662 372 preces
684 321 847 360 facturus
870 325 910 360 et
928 322 1040 360 sacris
1060 326 1255 373 utcumque
1273 322 1512 362 interfuturus
1526 317 1728 368 ,secedebat

268 381 476 432 imperator.
532 377 664 416 GoAn.

380 438 406 471 t.
424 433 456 470 11
483 445 523 483 p.
541 432 621 473 265
642 444 676 470 v.
697 432 760 473 10.
789 428 1150 486 παρακοιμῶμενον
1168 433 1333 472 intimum
1347 434 1441 472 verti
1457 433 1725 486 cubicularium,

268 491 330 541 qui
358 502 476 541 prope
504 489 760 539 imperatorem
786 489 954 536 cubaret3
997 494 1108 540 atque
1128 490 1181 528 sie
1203 489 1291 528 alibi
1311 490 1420 528 etiam
1437 503 1583 531 versum
1599 492 1727 533 vellem

270 547 476 585 evidentiae
495 557 616 585 causa.
670 547 937 613 Γαλακρηνῶν
959 545 1064 584 lactis
1086 547 1208 585 fontes
1231 550 1350 585 sonat.
1405 546 1511 586 Χῑι..
1725 578 1730 586 .

382 606 409 640 t.
427 601 459 638 ΙΙ
489 614 527 651 p.
544 603 626 642 266
645 613 680 641 v,
702 601 739 642 1.
793 597 893 643 κατὰ
913 599 1056 643 ταυτόν
1081 607 1140 641 est
1156 600 1272 641 simul.
1316 614 1387 652 ego
1405 607 1528 643 autem
1544 615 1637 644 sane
1652 616 1733 648 non
1795 653 1798 655 ¹

267 661 357 710 puto
373 657 443 695 hoc
461 657 619 696 voluisse
637 656 821 723 Leonem,
865 661 908 695 ut
932 659 1038 696 simul
1067 662 1126 697 tot
1150 671 1304 708 uxores,
1343 659 1412 698 sed
1431 663 1474 698 ut
1493 672 1567 701 una
1584 665 1731 702 mortua

270 714 387 752 altera
406 714 610 754 duceretur.
661 714 790 764 quod‘
781 726 899 766 ipsum
917 714 1050 754 fecisse
1071 719 1183 764 atque
1202 715 1288 753 ideo
1305 715 1375 753 ut
1365 709 1513 766 impium
1532 729 1565 756 a.
1571 717 1730 769 patriar-

267 770 336 810 cha
357 770 470 808 fuisse
489 771 836 809 excommunicatum
855 775 1023 836 apparet.
1078 771 1166 809 nihil
1186 759 1308 810 tamen
1325 771 1423 810 volui
1440 776 1595 814 mutare.
1649 773 1730 812 Zo-

268 838 376 865 naras
397 826 507 864 habet
526 821 617 865 κατ’
643 819 781 877 αυτόν,
809 827 944 878 ipsius,
973 826 1033 865 vel
1052 840 1117 864 suo
1137 826 1322 878 exemplo:
1350 827 1390 866 id
1410 832 1490 876 est,
1519 833 1562 867 ut
1577 834 1731 880 quartae

267 882 407 921 Leonis
437 883 586 933 nuptiae
610 895 685 920 non
701 881 821 922 Leoni
846 883 959 922 modo
986 895 1061 920 non
1088 884 1176 921 vitio
1200 884 1395 931 darentur,
1432 885 1499 923 sed
1528 885 1628 926 idem
1649 886 1728 925 aliis

269 938 405 976 imitari
431 939 579 990 impune
605 939 746 978 liceret.
803 943 891 991 post
911 934 1110 991 κηδεστήν
1134 939 1282 978 affinem
1301 941 1415 980 verti:
1443 941 1545 992 quod
1565 954 1731 993 geneme

267 1007 318 1034 an
338 1007 442 1033 socer
460 999 523 1032 aut
540 995 628 1045 quid
644 996 796 1034 tandem
813 996 935 1044 fuerit,
962 996 1182 1045 ignorarem.
1237 995 1341 1035 Xn..

379 1054 410 1089 t.
428 1050 463 1089 ΙΙ
490 1064 527 1102 p.
545 1054 628 1093 267
650 1064 685 1090 v.
704 1053 772 1092 22.
827 1054 900 1092 τοῦ
919 1051 1187 1105 πραιτωρίου]
1213 1064 1288 1102 quo
1309 1052 1364 1092 rei
1382 1052 1420 1091 in
1440 1053 1643 1092 carceribus
1661 1065 1731 1094 nee

268 1119 344 1146 non
363 1107 537 1146 Saraceni
562 1108 610 1146 ob
638 1108 830 1159 profanam
861 1107 1075 1159 religionem
1095 1109 1376 1158 detinebantur,
1403 1110 1535 1148 utiam
1553 1110 1628 1149 iam
1643 1123 1732 1150 nar-

269 1164 365 1203 rabit
385 1168 523 1202 auctor.
582 1164 712 1202 GoAR.

381 1223 411 1260 t.
432 1219 466 1257 11
490 1233 530 1271 p.
548 1222 632 1262 270
651 1232 686 1260 v,
708 1221 773 1262 17.
829 1206 883 1272 μὴ
903 1215 1070 1272 ἀθέατα]
1100 1219 1183 1271 lege
1203 1214 1398 1261 ευθέαται
1427 1220 1468 1260 id
1485 1221 1583 1261 enim
1599 1234 1729 1262 sensus

267 1275 414 1315 videtur
437 1277 597 1326 exigere.
652 1275 815 1326 Megisto
836 1277 1058 1317 Coetonitae
1083 1277 1234 1330 propria
1260 1277 1361 1316 duxi.
1417 1276 1511 1317 alias
1530 1278 1622 1319 verti
1641 1291 1731 1331 pus-

268 1336 371 1381 sent,
400 1333 557 1371 maximo
573 1332 803 1373 cubiculario.
858 1333 963 1374 ΧΠ..

378 1392 407 1428 t.
432 1388 466 1427 11
494 1403 531 1442 p.
550 1390 634 1430 271
658 1401 697 1428 v.
721 1388 786 1439 15.
845 1386 990 1444 στολὴν
1017 1384 1238 1442 κοσμικήν]
1279 1401 1389 1441 quam
1414 1389 1549 1430 Latina
1577 1390 1735 1431 ecclesia

267 1443 513 1482 saecularem
527 1449 645 1483 vocat.
703 1434 842 1485 GOAR.

380 1504 409 1538 t.
430 1501 465 1539 11
493 1515 530 1552 p
550 1504 634 1544 272
650 1514 687 1542 V.
710 1501 778 1543 19.
834 1496 1056 1552 πιττάκιον]
1085 1499 1245 1547 charta,
1272 1500 1482 1548 schedula,
1509 1502 1666 1542 maxime
1683 1514 1730 1542 ex

267 1555 365 1608 pelle
385 1557 576 1595 chartacea
597 1558 673 1596 sive
688 1569 926 1609 pergameno.
981 1558 1110 1596 Gom.

381 1617 409 1651 t.
427 1613 462 1650 ΙΙ
490 1626 528 1664 p.
544 1614 627 1654 273
646 1626 684 1654 v.
706 1616 770 1654 13.
828 1610 900 1664 τήν
921 1609 1084 1664 συνήθη
1104 1610 1399 1665 προσηγορίαν]
1428 1624 1536 1663 quam
1552 1611 1598 1651 L.
1609 1613 1730 1652 Verus

267 1668 367 1719 apud
388 1668 638 1708 Herodianum
650 1698 663 1717 ,
701 1669 858 1708 Iulianus
878 1670 979 1720 apud
996 1669 1269 1717 Marcellinum,
1302 1669 1474 1708 Tiberius
1492 1669 1592 1720 apud
1609 1669 1731 1708 Simo-

267 1728 427 1774 cattam,
467 1726 568 1777 apud
598 1724 688 1764 alios
718 1725 779 1764 alii
808 1726 1044 1777 imperatores
1072 1724 1147 1764 leto
1176 1725 1333 1777 proximi
1352 1724 1522 1776 leguntur
1545 1725 1731 1766 habuisse.

269 1780 398 1818 Gom.

379 1840 407 1874 t.
424 1836 458 1875 11
486 1849 522 1887 p.
545 1834 627 1879 274
657 1848 692 1875 v.
715 1837 780 1877 19.
825 1835 945 1888 sacto
974 1836 1152 1887 silentio]
1185 1836 1328 1883 edicto,
1364 1836 1543 1885 arbitror,
1582 1840 1624 1874 ut
1643 1835 1733 1875 alibi

268 1905 427 1943 quoque.
456 1892 561 1931 Xn.
617 1905 693 1931 non
713 1892 837 1930 edicto
858 1894 919 1932 vel
936 1892 1109 1939 silentio,
1131 1893 1198 1931 sed
1218 1891 1382 1930 concilio
1404 1892 1617 1945 ponendum
1634 1893 1731 1931 arbi-

268 1953 360 1997 tror,
388 1952 429 1986 ut
445 1949 530 1987 alibi
548 1961 706 1999 quoque.
762 1949 892 1989 GoAR.

383 2008 412 2045 t
431 2005 465 2042 ll
493 2018 530 2055 p-
550 2005 632 2047 275
653 2017 689 2043 v.
713 2007 751 2047 8.
806 1999 1008 2058 κληρικός]
1039 2003 1212 2044 ecclesiae
1233 2015 1390 2054 magnae
1406 2002 1464 2042 vel
1483 2003 1730 2054 cuiuscunque

271 2060 514 2111 metropoleos
543 2060 637 2099 clero
659 2061 867 2112 adscriptus
897 2065 935 2101 et
956 2060 1198 2100 ecclesiastica
1221 2060 1401 2110 dignitate
1422 2059 1478 2097 vel
1499 2060 1650 2098 officio·
1640 2061 1730 2098 msi-

271 2118 395 2167 gnitus
416 2121 474 2156 est
491 2113 690 2168 κληρικός;
718 2130 741 2155 3
763 2131 836 2167 quo
858 2114 906 2158 τοὶ
927 2112 1143 2171 κληρικατα
1162 2111 1337 2168 ὄφφίκια
1353 2116 1455 2168 apud
1471 2116 1733 2157 Balsamonem

267 2175 307 2213 in
323 2173 395 2225 Epi
398 2177 445 2212 st.
464 2174 590 2212 Basilii
611 2174 661 2212 ad
679 2173 979 2225 Amphilochium.
1036 2174 1164 2212 GoAR.

382 2228 437 2266 z'b.
469 2242 505 2270 v.
535 2233 605 2273 20.
664 2229 882 2284 ραίκτωρα]
912 2236 1098 2268 rectorem
1119 2229 1259 2267 domus
1285 2227 1382 2267 hunc
1403 2230 1511 2267 vocat
1531 2222 1730 2281 Luitpran-

271 2286 341 2324 dus
361 2285 388 2329 5
409 2298 440 2324 c.
459 2285 525 2324 ult.
582 2286 718 2324 GoAR.

383 2346 413 2382 t.
434 2342 518 2382 276
542 2354 576 2383 V.
600 2344 666 2384 18.
698 2343 904 2394 στοιχεῖον]
935 2343 986 2380 sic
1005 2344 1112 2380 vocat
1129 2353 1218 2389 rem,
1246 2353 1343 2391 quae
1358 2340 1580 2392 magicarum
1594 2339 1732 2381 artium,

271 2398 308 2435 vi
339 2398 486 2436 alicuius
512 2399 666 2436 hominis
695 2399 878 2437 fortunam
903 2399 1105 2449 gubernet,
1145 2396 1261 2448 qualis
1285 2397 1409 2447 (verbi
1426 2397 1570 2447 gratia)
1593 2397 1630 2434 in
1649 2397 1729 2435 Ro-

271 2466 380 2492 mano
400 2454 595 2505 Lacapeno
619 2455 782 2494 Simeoni
801 2455 961 2505 Bulgaro
986 2458 1108 2494 statua
1131 2454 1169 2492 in
1187 2453 1404 2505 Xerolopho
1425 2454 1508 2501 fuit,
1537 2465 1612 2503 qua
1625 2456 1731 2491 trun-

272 2515 354 2548 cata
373 2511 404 2547 is
422 2512 543 2562 periit.
601 2510 679 2549 fere
705 2511 820 2549 simile
846 2511 984 2562 aliquid
1014 2515 1147 2563 poetae
1177 2510 1313 2548 habent
1342 2510 1389 2548 de
1417 2508 1522 2548 fatali
1552 2507 1730 2558 Meleagri

273 2566 418 2616 stipite,
449 2571 488 2605 et
506 2566 718 2618 Apollonius
740 2569 778 2605 in
798 2566 1046 2617 Argonautico
1068 2567 1227 2605 carmine
1250 2567 1298 2604 de
1316 2565 1602 2615 Hamadryade,
1634 2564 1733 2603 libro-

274 2623 447 2671 secundo.
505 2623 605 2662 unde
625 2624 959 2674 στοιχειωματικοί
977 2624 1076 2674 magi
1094 2623 1200 2668 dicti,
1226 2623 1289 2672 qui
1309 2624 1346 2660 in
1367 2634 1425 2660 res
1443 2622 1550 2659 certis
1573 2621 1670 2658 notis
1690 2623 1730 2659 et

273 2668 579 2717 incantationibus
598 2680 671 2718 vim
691 2681 875 2729 quandam
898 2682 947 2718 ad
967 2680 1105 2730 aliquid
1123 2680 1382 2730 praestandum
1402 2678 1623 2729 putabantur
1641 2689 1730 2714 con-

275 2732 408 2772 ciliare.
466 2739 503 2772 et
524 2739 820 2787 στοιχειοῦσθαι
840 2737 1002 2783 verbnm,
1030 2736 1182 2785 magicis
1204 2736 1340 2773 artibus
1361 2733 1497 2783 aliquid
1516 2733 1647 2772 moliri.
1691 2734 1732 2770 et

274 2790 420 2840 passive
451 2791 548 2829 infra
582 2792 630 2830 de
658 2805 702 2831 ea
731 2796 852 2831 statua
878 2788 1027 2845 ταύτην
1057 2789 1132 2846 γάρ
1164 2786 1272 2846 αὐτῷ
1301 2790 1616 2842 ἐστοιχειῶσθαι;
1645 2799 1730 2827 nam
