1890 3236
309 202 407 248 932
463 183 469 188 ’
914 199 1159 245 mmmm

311 313 411 363 gium
432 311 613 350 Graecum
642 306 738 358 Aug.
764 309 837 350 31.
879 306 923 348 ἕν
955 307 1086 363 ἐκείνῃ
1118 304 1193 362 γὰρ
1225 310 1275 364 τῇ
1304 305 1417 349 νυκτὶ
1450 307 1668 362 ἔμφανεῒσα
1696 309 1754 364 τῷ

310 368 496 420 ῥἀίκτωρι
526 365 593 405 καὶ
623 364 817 412 νεανίσκῳ
839 363 918 404 τινὶ
946 367 1019 405 τοῦ
1048 365 1279 416 ραἰκτωρος.
1334 377 1371 408 Υ.
1402 369 1483 408 not.
1521 366 1750 418 posteriores.

311 424 470 463 meminit
486 422 631 461 rectoris
648 421 716 459 loci
732 420 774 459 P.
794 420 924 459 Walaf.
945 421 993 459 de
1013 426 1107 471 gest.
1124 421 1169 459 L.
1193 424 1218 463 6
1246 420 1314 463 24.

422 477 618 548 ῥεγμεών
635 477 751 527 regio.
806 477 1017 515 Eustathius
1049 477 1098 515 ad
1127 477 1263 528 Odyss.
1285 480 1340 516 θ.
1391 473 1511 516 κατα
1523 491 1618 524 τους
1630 473 1753 546 παραὶ

308 536 470 581 πολλοῖς
497 534 538 585 ῥ’
527 534 692 587 γεῶνας
710 529 739 583 ἢ
762 529 833 580 τοὶς
854 529 1055 584 Κρητικιὶς
1073 529 1236 585 ιᾷ-ὁρμας,
1266 528 1293 584 ἦ
1289 528 1381 572 καὶ
1400 547 1498 572 κατα
1520 548 1616 581 τους
1630 528 1754 574 ’Atu-

306 605 402 661 ξονς
422 585 1085 657 671510129.Concil.Chalcedonense
1107 594 1179 627 act.
1207 590 1281 631 13:
1311 586 1427 628 xal‘
1397 605 1423 640 η
1443 584 1635 640 πρότερον
1653 581 1754 627 ουσα

306 643 456 699 ῥἐγεῶν
482 641 605 685 πάλιν
631 641 726 695 μετὰ
757 646 879 684 ταῦτα
902 643 1052 697 ἐγένετο
1070 643 1198 692 πόλις.
1253 645 1454 696 Gregorius
1474 645 1527 684 M.
1549 646 1588 682 in
1607 644 1753 694 dialogo
1777 648 1780 651 ’

305 702 464 753 quodam
495 714 602 752 quem
627 700 766 739 Graece
793 702 902 739 vertit
930 701 1125 739 Zacharias
1147 701 1329 753 pontifex.
1367 702 1420 757 τῇ
1446 703 1528 741 τῶν
1551 699 1754 753 Ῥωμαίων

306 754 422 798 πόλει
442 757 485 797 ἕν
502 760 552 812 τῇ
572 757 735 810 ρεγεῶνι
754 759 806 811 τῇ
824 755 1075 812 ἐπιλεγομένῃ
1097 758 1322 809 Σουβοῦρα.
1682 778 1684 781 ·

421 809 531 864 ῥ’ήξ,
563 813 734 879 ῥἠγας.
792 825 868 852 rex.
924 814 1095 864 Synodus
1127 814 1279 852 Oecum.
1311 814 1338 855 8
1372 815 1444 854 act.
1466 816 1513 856 δε
1556 809 1624 852 καὶ
1651 806 1755 863 πρὸς

307 884 378 910 τον
399 869 501 920 ῥῆγα
522 864 799 915 λςινθανὸντως
817 867 1085 938 ἐκπέμψαντα.
1115 869 1267 908 Nicetas
1267 869 1504 935 Paphlago
1495 881 1532 906 ιιι
1551 869 1626 906 vita
1643 867 1754 915 lgna-

308 927 350 964 tii
369 926 591 978 patriarchae
616 925 644 961 Γ
647 925 741 976 pol
772 921 915 976 δώροις
938 922 1013 978 γὰρ
1040 928 1236 993 λαμπροῖς
1266 920 1330 965 ὅτε
1359 920 1539 994 μάλιστα
1552 921 1620 964 τᾶν
1649 923 1754 975 ρἥα

311 949 511 1034 (Dobyyt'ag
529 977 736 1033 Λοδόηχον
753 980 821 1021 καὶ
836 979 1072 1034 Ἰγγιβέργαν
1093 979 1136 1021 δὲ
1153 977 1229 1033 τὴν
1248 977 1375 1021 αυτοῦ
1393 995 1564 1035 γαμετην
1581 978 1755 1020 ὑποποι-

306 1035 490 1090 ούμενος.
547 1038 748 1087 Gregorius
771 1037 826 1075 M.
855 1039 893 1075 in
919 1038 1068 1088 dialogo
1101 1050 1209 1088 quem
1244 1037 1385 1076 Graece
1414 1037 1524 1075 vertit
1558 1035 1754 1074 Zacharias

306 1096 492 1145 pontifex:
518 1089 787 1162 Ἐομινγίλδος
806 1091 831 1133 ὅ
849 1090 924 1145 ρηξ
941 1091 1031 1143 υἱός
1048 1089 1240 1146 νποὶρχων
1257 1094 1527 1145 Λουβιλγίὁου
1545 1107 1616 1132 του
1628 1088 1755 1158 ῤἠγός

305 1152 381 1190 τοῦ
411 1152 491 1190 τῶν
518 1147 796 1201 Ουίσιγότθων
829 1149 987 1197 ἔθνους.
1045 1151 1097 1189 Io.
1123 1151 1396 1188 Gantacuzenus
1427 1149 1450 1189 l.
1483 1149 1529 1191 4.
1573 1143 1756 1196 Καρολος

308 1202 398 1258 ρήξ.
456 1206 566 1243 utitur
582 1211 619 1243 et
637 1205 905 1257 Theophanes,
933 1206 1192 1244 Constantinus
1213 1208 1239 1246 2
1263 1206 1311 1245 de
1330 1206 1460 1244 Them.
1482 1218 1515 1244 c.
1539 1205 1613 1252 11,
1643 1203 1756 1241 Codi-

307 1274 375 1299 nus
395 1263 432 1299 in
451 1261 726 1313 παρεκβολαῖς.
782 1262 951 1300 dixerunt
971 1268 1008 1301 et
1027 1257 1163 1314 ρηγας.
1222 1262 1391 1311 Synodus
1413 1261 1644 1312 Florentinu-
1685 1257 1753 1300 καὶ

306 1317 349 1358 οἱ
365 1314 528 1381 μεγάλοι
546 1314 738 1364 αυθὲντες
755 1316 823 1357 καὶ
843 1315 1016 1383 ρηγάδες
1028 1318 1094 1358 καὶ
1116 1314 1319 1366 δουκᾶὃες.

419 1371 568 1426 ῥ’όγα,
598 1369 861 1426 ρογεύειν,
890 1370 1188 1427 ῤὀγάτορες.
1244 1387 1347 1424 roga,
1377 1373 1618 1424 stipendium,-
1635 1371 1753 1410 dona-

304 1430 438 1477 tivum,
469 1431 569 1480 quod
591 1429 762 1468 militibus
783 1430 840 1469 vel
864 1431 1002 1482 populo
1022 1431 1079 1469 vel
1097 1430 1191 1470 clero
1212 1431 1260 1468 ab
1277 1431 1495 1481 imperatore
1511 1428 1567 1466 vel
1585 1428 1754 1466 Romano

304 1459 480 1537 pontifice
507 1487 564 1524 vel
591 1485 797 1537 patriarcha
819 1487 1015 1554 Cpolitano
1039 1487 1269 1552 erogabatur.
1327 1486 1435 1524 Anna
1461 1485 1650 1522 Comnena
1670 1483 1754 1523 Ale-

304 1542 434 1580 xiados
456 1541 476 1578 l
499 1543 544 1582 8·
583 1541 649 1581 καὶ
676 1542 842 1591 δωρεαῖς
867 1538 1066 1592 οἷκινήτων
1095 1541 1162 1582 καὶ
1183 1537 1372 1591 αὖξήσεσι
1393 1541 1522 1592 ῤὀγῶν
1542 1537 1610 1579 καὶ
1631 1550 1753 1592 προσ-

302 1592 454 1648 θήκαις
475 1592 634 1636 δόσεων.
691 1597 799 1636 Iulius
824 1599 980 1636 Pollux'
971 1612 1007 1637 ιιι
1029 1599 1224 1637 Chronico:
1262 1595 1383 1651 ῥ’όγαν
1404 1594 1447 1636 δὲ
1467 1592 1677 1647 χοημᾶτων
1697 1597 1756 1634 τω·

303 1655 454 1707 στρατῷ
474 1651 685 1704 διανέμων.
742 1654 922 1703 Georgius
946 1653 1209 1693 Alexandrinus
1238 1655 1275 1692 in
1305 1655 1381 1692 vita
1414 1653 1454 1690 S.
1484 1638 1752 1702 chrysostomi·

302 1694 505 1749 ἐπίσταται
532 1724 558 1759 η
588 1706 637 1759 ση
667 1705 824 1749 ευκλεια
850 1725 905 1757 ως
923 1707 1049 1750 πολλα
1069 1706 1308 1760 α’ναλωματα
1326 1712 1435 1749 ποιεῖ
1449 1706 1478 1756 ἦ
1498 1708 1675 1759 βασίλεια
1696 1706 1752 1753 εἴς

302 1778 343 1804 τε
362 1761 432 1812 τοὶς
453 1759 573 1816 ῥόγας
591 1767 671 1804 τῶν
691 1765 978 1818 στρατοπέδων.
1037 1766 1162 1804 Const.
1190 1767 1238 1804 de
1265 1766 1401 1804 admin.
1433 1763 1523 1814 Imp.
1547 1777 1584 1815 p.
1609 1765 1689 1804 137
1715 1767 1753 1801 et

306 1818 407 1868 140,
446 1824 483 1858 et
503 1820 539 1857 Γ
540 1825 608 1859 act
631 1834 670 1872 p.
693 1822 757 1860 16.
814 1821 983 1862 Anastas.
1011 1822 1174 1860 biblioth.
1198 1822 1234 1859 in
1264 1822 1358 1859 Hist.
1387 1820 1505 1858 Ecel.:
1543 1820 1752 1856 exercitam

303 1889 402 1926 roga
427 1875 635 1925 priunum
657 1875 836 1914 deseruit.
897 1879 994 1916 idem
1020 1878 1068 1916 ‹le
1091 1878 1153 1915 vit.
1181 1877 1286 1916 Pont.
1319 1879 1356 1915 in
1384 1876 1619 1914 Deusdedit..
1655 1874 1753 1912 ᾰὰία

304 1945 403 1982 roga
424 1931 615 1968 militibus
628 1946 716 1982 pax
728 1934 851 1984 sacta
874 1941 943 1971 est.
1003 1937 1041 1972 et
1067 1934 1103 1971 in
1125 1933 1221 1972 Hist.
1247 1933 1366 1971 Ech:
1404 1931 1500 1969 dum
1518 1945 1617 1982 roga
1629 1944 1753 1981 penes

309 1988 559 2025 strumonem
582 2002 738 2026 amnem
755 1989 906 2040 populo
934 1988 1241 2027 distribueretur.
1301 1989 1398 2027 idem
1432 1988 1560 2026 Anast.
1590 1988 1638 2025 de
1670 1988 1751 2025 vitis

304 2043 386 2081 PP:
415 2042 481 2080 hic
502 2057 591 2080 vero
611 2058 768 2096 rogam,
796 2046 1035 2096 stipendium
1053 2046 1216 2090 scilicet,
1245 2044 1346 2081 clero
1366 2057 1436 2081 suo
1455 2045 1498 2080 in
1515 2041 1751 2094 presbyterio

305 2100 475 2136 maxime
492 2101 661 2150 ampliat
665 2103 716 2138 it.
777 2109 812 2140 et
829 2103 865 2140 in
884 2103 1072 2141 Bonifacio
1093 2102 1137 2143 5.
1165 2101 1231 2138 hio
1249 2100 1396 2138 clerum
1414 2101 1583 2146 ammit,
1611 2112 1752 2150 rogam

308 2156 504 2206 integtam
535 2156 636 2193 clero
666 2171 736 2195 sno
769 2158 888 2195 dedit.
949 2158 1167 2197 scholiastes
1195 2157 1353 2223 Synops.
1383 2156 1551 2195 Basilic..
1596 2170 1644 2195 τα
1679 2152 1752 2207 μὲν

309 2225 390 2250 των
411 2212 631 2252 πεκουλίων
650 2213 797 2265 λέγεται
816 2212 1022 2264 καστρέσια
1044 2211 1133 2266 ἡτοι
1154 2208 1368 2265 ἰδιόκτητα.
1424 2214 1548 2251 ταῦτα
1577 2210 1622 2251 δέ
1647 2210 1752 2251 ἔστιν

310 2263 386 2306 ὅσα
416 2263 495 2307 α’πὸ
523 2265 643 2321 ρόγας
675 2273 847 2324 κληρικῷ
873 2269 950 2309 τινὶ
979 2287 1004 2321 η
1040 2269 1305 2323 χαρτουλαρίῳ
1335 2263 1555 2321 ὖπαρχοντι
1585 2267 1750 2307 δίδοται.

309 2322 392 2360 hinc
417 2323 616 2389 ῥογεύειν,
656 2327 757 2376 quod
784 2332 842 2365 est
868 2339 1042 2375 erogare,
1071 2325 1317 2366 Nove11.130
1336 2337 1367 2363 c.
1389 2324 1427 2364 1.
1483 2323 1751 2373 Theophanes·

310 2376 502 2430 ῤὀγεύσας
526 2376 716 2432 χρήματα.
764 2387 803 2420 et
824 2379 1043 2433 ρογάτωοες
1062 2386 1275 2432 erogatores
1290 2381 1449 2432 Synops.
1463 2379 1550 2420 Bas.
1571 2378 1625 2419 57
1644 2380 1701 2417 tit.
1723 2381 1752 2420 4

302 2436 488 2483 rogatarii.
545 2437 698 2488 Papias:
729 2440 954 2489 rogatorias
969 2439 1127 2488 petitor,
1159 2435 1400 2474 distributor.
1460 2437 1561 2486 quod
1580 2436 1611 2473 si
1628 2447 1750 2473 verum

307 2495 381 2538 est,
411 2493 613 2540 rogatarius
641 2498 697 2532 est
726 2498 798 2532 tam
830 2495 889 2545 qui
911 2499 1019 2544 rogat
1047 2507 1156 2545 quam
1180 2494 1241 2543 qui
1267 2496 1407 2542 erogat.
1464 2491 1522 2530 vel
1543 2491 1750 2540 erogaturii.

306 2545 477 2594 Synodus
499 2547 779 2597 pontigonensis
804 2564 834 2590 c
860 2549 928 2590 14:
968 2564 1051 2601 erob
1037 2550 1181 2587 ‹rac-arii·
1203 2556 1240 2585 et
1258 2548 1551 2599 eleemosynarii
1568 2545 1752 2583 eeclesia-

304 2601 405 2637 stici.
466 2602 598 2641 Graeci
621 2605 729 2643 hodie
747 2620 894 2656 quoque
915 2607 956 2644 iis
945 2607 1040 2645 dem
1062 2607 1180 2645 verbis
1198 2609 1364 2650 utuntur;
1397 2611 1434 2642 et
1450 2603 1611 2642 Lexicon
1630 2603 1749 2639 Grae-

306 2655 414 2694 colat.
438 2653 537 2710 ῥ’όγα
555 2660 811 2709 stipendiQum
838 2662 1046 2707 salarium.
1101 2660 1311 2715 ῥογεμένος
1328 2659 1620 2710 stipendiarius.
1680 2657 1750 2710 ῥὀ·

305 2707 409 2762 γεύου
430 2727 511 2749 mer
512 2715 642 2752 cedem
656 2718 801 2766 pendo.

418 2766 666 2817 ῥὀυσσιον
706 2786 885 2812 russeum.
938 2786 1008 2812 vox
1038 2777 1156 2813 exstat
1181 2773 1280 2824 apud
1311 2772 1492 2810 Graecum
1521 2769 1748 2808 scholiastem

306 2822 463 2873 Oppiani
484 2838 523 2876 p.
547 2828 607 2867 18
