1916 3210
331 193 427 245 574
635 176 660 183 ”
801 194 1033 242 GEoRGn
1063 195 1302 241 cunnum

327 309 416 362 υἱὸς
443 308 511 353 καὶ
536 310 609 351 τοῦ
634 305 896 366 Προυσιάνου
922 305 1120 367 ἀδελφός,
1153 309 1210 365 μὴ
1242 308 1462 366 ἀξιόμαχον
1489 313 1603 365 εἲδὼς
1629 311 1771 358 ἑαυτὸν

328 378 431 434 μηδὲ
469 374 687 430 δυνάμενον
727 375 958 432 ἀντιστῆναι
998 377 1101 434 πρὸς
1138 377 1337 434 τοσαύτην
1374 377 1568 436 Τοῦρκων
1594 379 1771 438 πληθύν,

327 444 547 502 γράμματα
576 444 762 499 ἐκπέμπει
787 444 888 502 πρὸς
913 444 984 487 τὸν
1005 444 1152 500 βέστην
1171 451 1406 490 κατακαλῶν
1430 448 1499 490 τὸν
1519 449 1773 504 Κεκαυμένον

327 514 398 556 τὸν
412 512 541 555 Ἀνίου
558 514 625 554 καὶ
641 515 714 566 τῆς
726 512 905 570 Ἰβηρίας
918 511 1194 570 κατάρχοντα,
1223 516 1290 557 καὶ
1310 513 1436 571 ὃπόση
1455 513 1624 570 δύναμις
1638 532 1774 575 παρα-

327 584 445 624 καλεῖ
458 583 640 634 βοηθεῖν.
707 577 729 622 ὅ
754 581 798 623 δὲ
817 581 869 623 τὰ
889 579 1110 638 γράμματα
1129 579 1364 636 δεξάμενος,
1397 585 1463 626 καὶ
1479 587 1634 627 θᾶττον
1654 583 1683 640 ἢ
1701 583 1805 628 λό-5

325 665 396 705 γος
415 647 484 690 τὸν
507 647 615 704 ἀμφ’
640 647 762 691 αὐτὸν
785 649 946 706 ἀγείρας
964 647 1085 701 λαόν,
1120 648 1253 696 ἄπεισι
1272 651 1342 693 διὰ
1362 651 1514 706 ταχέων
1532 653 1600 695 καὶ
1618 649 1774 696 ἑνοῦται
1806 673 1809 677 >

330 720 388 775 τῷ
424 712 595 772 Ἀαρών.
661 716 729 757 καὶ
770 719 1003 772 συμβουλῆς
1041 719 1303 774 προτεθείσης
1340 716 1507 776 πότερον
1531 721 1782 780 νυκτομαχίιὲιΔ

329 783 525 840 χρηστέον
551 781 580 837 ἢ
607 783 783 840 φανερὰν
800 783 936 839 μάχην
953 784 1209 839 ἀναδεκτέον,
1237 786 1339 844 πρὸς
1356 787 1561 845 οὐδέτερον
1576 786 1598 831 ὅ
1617 789 1779 831 Κεκαυ-

331 852 450 906 μένος
476 851 702 904 κατένευεν,
735 850 893 909 ἐγνώκει
915 853 958 895 δὲ
979 851 1127 910 τρόπον
1149 853 1271 896 ἄλλον
1292 859 1667 913 καταστρατηγῆσαι
1683 855 1780 906 τοὺς

281 925 312 959 Β
336 918 530 977 ἐχθρούς·
561 916 819 974 συνεβούλευε
840 920 919 978 γὰρ
941 920 1014 976 τὴν
1033 923 1292 978 παρεμβολὴν
1315 922 1604 975 καταλιπόντας
1625 921 1680 975 ὥς
1701 921 1775 979 εἶχε
1788 928 1832 965 10

334 988 437 1046 μετὰ
465 991 546 1032 τῶν
575 992 731 1046 σκηνῶν
761 990 829 1033 καὶ
854 993 935 1034 τῶν
958 987 1178 1046 ὑποζυγίων
1203 992 1268 1033 καὶ
1293 996 1365 1046 τῆς
1394 991 1518 1047 ἄλλης
1542 991 1779 1048 ἀποσκευῆς,

335 1056 481 1112 λόχους
509 1058 650 1109 νυκτὸς
678 1058 719 1101 ἓν
752 1058 1067 1117 ἐπικαιροτάτοις
1103 1065 1247 1117 στῆσαι
1279 1060 1464 1118 χωρίοις,
1510 1058 1703 1103 κάπειδὰν
1741 1060 1781 1102 οἱ

340 1130 517 1184 Τοῦρκοι
540 1126 759 1184 ἀφίκωνται
777 1129 845 1171 καὶ
862 1127 1011 1186 ἔρημον
1032 1128 1191 1184 ἀνδρῶν
1212 1127 1390 1186 εὑρόντες
1410 1128 1479 1172 τὸν
1495 1126 1659 1186 χάρακα
1679 1127 1782 1186 πρὸς

337 1194 564 1252 διαρπαγὰς
580 1198 660 1239 τῶν
675 1193 789 1239 ἔνδον
802 1195 1039 1254 χωρήσωσι,
1073 1195 1161 1240 τότε
1182 1196 1233 1252 δὴ
1250 1201 1321 1253 τῆς
1341 1197 1504 1254 ἐνέδρας
1524 1194 1780 1240 ἀπαναστάν-

334 1280 408 1313 τας
431 1263 650 1307 ἐπιθέσθαι
671 1263 820 1315 αὗτοῖς.
871 1265 942 1307 καί
963 1281 1006 1321 γε
1031 1264 1079 1308 οὔ
1102 1263 1326 1320 διεψεύσθη
1347 1269 1419 1308 τοῦ
1439 1269 1603 1308 σκοποῦ.
1655 1265 1781 1307 ἕωθεν
1794 1270 1837 1307 15

334 1331 413 1387 γὰρ
434 1329 456 1372 ὅ
472 1332 593 1375 Ἀσὰν
611 1331 788 1383 ἀναστὰς
806 1333 849 1375 ἐκ
867 1337 939 1387 τῆς
960 1334 1105 1384 οἶκείας
1122 1337 1380 1390 παρεμβολῆς
1396 1334 1498 1376 κατὰ
1513 1334 1582 1376 τὸν
1598 1330 1785 1389 Στράκγνα

337 1398 516 1454 κειμένης
533 1399 714 1454 ποταμὸν
733 1399 888 1443 ἄπεισιν
908 1399 963 1450 ὦς
980 1401 1082 1457 πρὸς
1099 1399 1293 1455 πόλεμον·
1328 1399 1383 1452 ὥς
1404 1402 1449 1444 δὲ
1467 1401 1597 1452 οὐδεὶς
1615 1398 1785 1456 ὑπήντα,

339 1467 552 1522 ἐπλησίασε
583 1468 627 1510 δὲ
657 1469 723 1510 καὶ
757 1472 814 1526 τῷ
836 1466 986 1525 χάρακι
1017 1473 1096 1511 τῶν
1123 1468 1330 1523 Ῥωμαίων
1339 1471 1356 1521 ,’
1387 1471 1452 1511 καὶ
1484 1468 1574 1512 οὕτε
1601 1468 1788 1527 φυλακὴν

343 1532 441 1589 εἶχεν
477 1534 568 1578 οὕτε
599 1536 712 1593 φωνὴ
747 1534 974 1591 ἓξηκούετο,
1022 1535 1126 1579 ἀλλὰ
1165 1537 1276 1587 κενὸς
1313 1531 1363 1592 ἦν
1396 1535 1527 1592 πάσης
1567 1534 1787 1590 δυνάμεως,

293 1616 325 1651 c
345 1601 434 1646 τότε
461 1602 512 1658 δὴ
542 1610 680 1660 φυγεῖν
701 1601 928 1658 ὑπονοήσας
948 1604 1042 1654 τοὺς
1056 1602 1278 1658 Ῥωμαίους
1296 1602 1464 1662 ῥήγνυσί
1479 1621 1519 1648 τε
1541 1604 1609 1646 διὰ
1630 1607 1787 1648 πολλῶν
1796 1613 1842 1649 20

341 1669 476 1714 τόπων
505 1670 578 1726 τὴν
609 1671 866 1727 παρεμβολὴν
898 1674 965 1714 καὶ
998 1673 1223 1728 διαρπαγὴν
1251 1677 1454 1716 ποιεῖσθαι
1483 1676 1564 1715 τῶν
1594 1670 1789 1730 λαφύρων

344 1735 504 1782 κελεύει.
570 1738 609 1780 οἳ
629 1739 673 1782 δὲ
684 1738 873 1793 Ῥωμαῖοι
890 1741 979 1796 περὶ
999 1740 1132 1795 δείλην
1150 1740 1275 1794 ὀψίαν
1295 1739 1535 1790 ἀναστάντες
1550 1745 1631 1783 τῶν
1647 1738 1790 1795 λόχων,

346 1804 607 1857 ἀσυντάκτοις
644 1807 943 1864 συντεταγμένοι
979 1805 1298 1866 προσρήγνυνται
1333 1816 1416 1860 τοῖς
1455 1807 1653 1865 Τούρκοις
1664 1839 1679 1860 ,
1723 1809 1791 1850 καὶ

436 1925 461 1959 2
482 1922 639 1969 δύναμιν
661 1923 828 1970 τούρκων
849 1926 880 1960 C
1023 1927 1047 1962 6
1068 1924 1225 1972 στρατόν
1248 1926 1280 1962 C
1415 1927 1459 1963 10
1481 1924 1738 1972 συνεβούλευσε
1761 1926 1792 1960 0

442 1972 486 2010 17
508 1971 673 2015 κείμενον
694 1972 744 2017 P,
769 1971 936 2017 κειμένην
954 1972 987 2007 0

349 2073 442 2108 filius
464 2072 626 2108 Prusiani
648 2073 771 2108 frater.
816 2075 877 2119 qui
899 2085 974 2109 cum
996 2073 1064 2110 sibi
1086 2086 1155 2110 non
1175 2075 1269 2117 satia·
1284 2085 1361 2109 esse
1383 2074 1428 2110 ad
1449 2076 1579 2110 tantam
1599 2074 1794 2110 Tur-corum

348 2118 597 2154 multitudinem
631 2119 863 2154 sustinendam
891 2120 1017 2155 virium
1040 2121 1206 2164 sentiret,
1243 2120 1484 2155 Catacalonem
1505 2121 1644 2156 Beatam
1665 2121 1794 2156 Ambu-

348 2170 438 2200 stum
468 2164 551 2199 Anii
580 2169 684 2210 atque
713 2165 851 2200 Iberiae
877 2167 1090 2213 praefectum
1110 2166 1220 2200 literis
1244 2165 1357 2200 missis
1378 2165 1536 2201 hortatur
1558 2171 1596 2201 ut
1617 2165 1687 2200 sibi
1708 2177 1794 2212 sup·

346 2210 461 2256 petias
493 2210 740 2255 quamprimum
773 2212 876 2249 ferat.
924 2212 1110 2247 Ambustus
1139 2212 1249 2246 literis
1283 2212 1436 2257 acceptis
1466 2212 1560 2247 dicto
1588 2210 1690 2246 citius
1710 2222 1795 2246 snos

349 2255 500 2300 excitat,
524 2267 670 2300 cumque
691 2257 736 2291 iis
759 2258 803 2292 ad
827 2257 995 2292 Aaronem
1018 2269 1057 2292 se
1077 2259 1226 2293 confert.
1272 2257 1464 2292 coniunctis
1484 2257 1595 2303 copiis
1615 2268 1690 2291 cum
1708 2256 1797 2291 deli-

348 2302 532 2336 beraretur
567 2308 782 2337 nocturnone
813 2314 856 2338 an
889 2308 1009 2348 aperto
1042 2303 1171 2350 praelio
1202 2315 1275 2338 cum
1298 2303 1426 2338 Turcis
1452 2307 1546 2338 esset
1566 2301 1797 2349 pugnandum,

349 2353 509 2382 neutrum
533 2347 736 2383 Catacaloni
759 2350 941 2394 probatum
963 2354 1037 2394 est,
1067 2349 1130 2384 sed
1152 2349 1219 2383 alia
1242 2353 1317 2384 arte
1339 2349 1459 2384 hostes
1481 2347 1799 2383 circumveniendos

349 2393 461 2427 duxit.
509 2398 645 2438 castra,
677 2394 782 2438 inque
803 2394 848 2429 iis
870 2395 1037 2439 tentoria,
1061 2399 1101 2429 ut
1123 2399 1240 2439 erant,
1266 2406 1307 2429 ao
1327 2394 1480 2429 iumenta
1501 2398 1535 2428 et
1556 2394 1800 2439 impedimenta

352 2438 465 2472 omnia
486 2439 636 2484 relinqui
659 2439 780 2484 voluit,
805 2445 841 2474 et
859 2440 1002 2475 insidias
1027 2451 1091 2486 per
1114 2445 1247 2474 noctem
1269 2439 1568 2486 opportunissimis
1590 2438 1675 2474 locis
1697 2438 1798 2484 poni=

351 2489 422 2518 tum
447 2483 574 2518 Turcis
599 2485 884 2530 advenientibus,
918 2491 954 2521 et
974 2491 1164 2520 castrorum
1185 2486 1380 2520 hominibus
1402 2496 1586 2520 vacuorum
1610 2483 1799 2531 direptioni

351 2529 518 2574 intentis,
552 2532 836 2576 prorumpendum
863 2543 906 2565 ex
930 2531 1066 2566 insidiis
1090 2537 1127 2566 et
1149 2532 1187 2565 in
1213 2543 1273 2566 eos
1298 2531 1489 2566 faciendum
1513 2530 1689 2575 impetum.
1735 2541 1799 2564 ne-

355 2585 422 2618 que
444 2575 481 2609 id
504 2586 579 2609 eum
603 2577 780 2611 consilium
803 2577 939 2612 fefellit.
985 2588 1084 2612 mane
1104 2577 1194 2612 enim
1215 2577 1307 2611 Asan
1331 2589 1351 2611 e
1373 2577 1496 2612 castris
1519 2577 1591 2611 suis
1614 2575 1800 2610 secundum

358 2620 539 2664 Sti-agnam
563 2621 705 2656 fluvium
728 2627 888 2667 tanquam
913 2623 957 2657 ad
978 2634 1127 2668 pugnam
1147 2622 1399 2667 proficiscitur,
1433 2633 1576 2667 cumque
1604 2624 1801 2655 occurreret

358 2676 469 2709 nemo,
492 2666 553 2700 ubi
579 2667 623 2700 ad
646 2672 757 2702 castra
779 2668 1008 2703 Romanorum
1031 2668 1203 2714 pervenit,
1225 2668 1343 2714 ibique
1365 2678 1478 2713 neque
1500 2678 1569 2701 vox
1591 2666 1660 2702 ulla
1682 2666 1801 2700 audita

360 2716 415 2744 est
444 2722 556 2755 neque
583 2717 698 2747 custos
728 2713 816 2747 ullus
848 2714 967 2758 visus,
1001 2714 1063 2748 sed
1096 2713 1209 2748 omnia
1230 2714 1267 2748 in
1289 2724 1352 2748 sua
1375 2724 1451 2749 esse
1471 2716 1644 2758 potestate
1666 2710 1803 2757 putavit

359 2756 601 2801 Romanosque
631 2758 763 2802 fugisse
797 2759 966 2805 credidit,
1004 2759 1119 2794 multis
1148 2759 1236 2794 locis
1265 2763 1379 2794 castra
1406 2758 1598 2803 perrumpit
1627 2757 1802 2802 diripique

360 2801 521 2846 praedam
552 2803 661 2837 iubet.
709 2809 745 2837 at
771 2805 917 2838 Romani
949 2806 1013 2840 sub
1041 2816 1220 2849 vesperam
1244 2817 1287 2839 ex
1309 2804 1445 2839 insidiis
1466 2803 1643 2850 progressi
1664 2811 1803 2846 compo-

362 2846 429 2881 sito
452 2846 588 2892 agmine
609 2848 796 2896 dissipatos
819 2849 956 2887 Turcos
978 2850 1199 2897 adoriuntur,
1235 2850 1415 2898 primoque
1436 2856 1624 2896 congressu
1645 2847 1804 2891 fundunt,
