1890 3236
468 189 872 237 msToRlffltJM
903 187 1297 234 COMPENDIUM.
1524 186 1625 236 433

147 302 446 363 ἀπολλύμενοι,
487 304 664 362 μηδενὸς
693 302 810 356 ὄντος
837 306 914 347 τοῦ·
942 300 1173 354 διώκοντος.
1239 306 1361 347 τοῦτο
1394 303 1573 348 κατιδών
1604 302 1626 347 ὁ

151 379 306 428 Φωκᾶς
325 374 409 420 ἀπὸ
427 379 503 420 τοῦ
520 373 677 433 λόφου,
711 375 780 417 καὶ
800 376 916 416 θεῖον
935 371 1052 431 ἔργον
1072 379 1178 423 εἶναι
1197 372 1245 416 τὸ
1267 376 1456 430 πρᾶγμα,
1491 372 1627 430 ὥσπερ

146 439 203 503 ἦν
218 443 339 499 εἰκός,
365 443 644 496 ὖποτοπάσας,
671 440 827 486 κάτεισι
846 441 951 497 μετὰ
966 446 1049 485 τῶν
1069 439 1282 485 συνόντων
1297 441 1631 495 ἐπιδιώκων-τούς

151 513 379 575 φεύγοντας
396 511 471 558 ὑπ’
496 511 685 568 ἀλλήλων
705 510 1068 567 συμπατουμένους
1095 512 1162 553 καὶ
1191 511 1318 566 ἀλκῆς
1346 510 1451 563 ὅλως
1473 511 1531 568 μὴ
1552 529 1627 567 με-

116 585 408 641 σμνημένους,
454 584 524 627 καὶ
552 581 651 633 τοὺς
673 581 747 637 μέν
778 581 956 637 ἀναιρῶν
984 579 1082 630 τοὺς
1109 580 1154 622 δὲ
1177 578 1452 637 χειρούμενος.
1534 579 1557 625 ὃ
1585 582 1631 624 δὲ

152 653 339 712 Σκληρὸς
351 652 448 708 μετ’
470 653 605 709 ὀλίγον
628 650 852 700 διασωθεὶς
871 646 1011 706 φεύγει
1029 649 1133 705 πρὸς
1152 647 1494 706 Μαρτυρόπολιν.
1527 651 1629 694 ἕκεῖ-

150 727 230 768 θεν
255 724 302 766 δὲ
329 720 582 781 πρεσβευτὴν
609 720 800 774 ἐκπέμπει
830 717 903 761 τὸν
932 715 1082 761 ἑαυτοῦ
1110 717 1291 775 ἀδελφὸν
1319 719 1626 763 Κωνσταντῒνον
1647 728 1680 763 1)

151 792 256 850 πρὸς
273 789 474 849 Χοσρόην
488 790 560 834 τὸν
577 793 651 844 τῆς
670 791 918 842 Βαβυλῶνος
935 785 1139 843 ἄρχοντα,
1181 787 1415 844 ἐπικουρίαν
1435 790 1501 830 καὶ
1523 806 1630 844 συμ-

150 862 306 918 μαχίαν
325 861 465 903 αἰτῶν.
532 858 804 914 παρέλκοντος
824 856 868 899 δ’
891 857 1043 899 ἐκείνου
1067 858 1136 898 καὶ
1153 855 1256 911 μήτε
1283 861 1335 914 τῇ
1359 854 1470 900 δόσει
1492 875 1631 901 συντι-

97 930 329 986 1οθεμένου
352 927 456 984 μήτ’
487 926 836 981 ἀπαναινομένου,
881 928 948 968 καὶ
978 929 1053 968 τοῦ
1073 926 1385 969 Κωνσταντίνου
1413 943 1631 983 χρονοτρι-

149 1002 344 1055 βοῦντος,
382 993 630 1053 ἠναγκάσθη
657 998 726 1038 καὶ
756 993 880 1045 αὐτὸς
908 991 931 1037 ὅ
961 993 1148 1054 Σκληρὸς
1177 994 1281 1050 μετὰ
1312 999 1395 1039 τῶν
1428 994 1632 1040 συνόντων

150 1065 343 1112 ἁπάντων
362 1065 467 1124 πρὸς
486 1062 686 1122 λὀσρόην
707 1067 916 1122 φοιτῆσαι.

292 1139 382 1191 Τῆς
409 1135 453 1178 δὲ
476 1139 550 1178 τοῦ
578 1137 770 1192 Σκληροῦ
802 1136 955 1191 τροπῆς
982 1131 1249 1190 ἀγγελθείσης
1281 1137 1341 1193 τῷ
1371 1138 1539 1188 βασιλεῖ
1562 1134 1631 1178 διὰ

151 1203 406 1264 γραμμάτων
435 1208 510 1248 τοῦ
547 1205 679 1246 (Danai
689 1235 704 1256 ,
752 1204 819 1245 καὶ
850 1206 925 1257 τῆς
957 1204 1014 1253 εἷς
1045 1205 1282 1258 Βαβυλῶνα
1322 1202 1631 1262 ἀναχωρήσεως,

98 1280 299 1320 15τοῦτον
336 1274 412 1330 μὲν
441 1271 464 1316 ὃ
495 1273 690 1329 βασιλεὺς
728 1269 1029 1326 ἀποδεξάμενος
1061 1271 1184 1323 ἀξίως
1214 1273 1375 1328 ἐτίμησε
1385 1304 1398 1325 ,
1447 1273 1551 1330 πρὸς
1588 1275 1632 1316 δὲ

150 1341 350 1402 Χοσρόην
375 1343 447 1386 τὸν
465 1346 540 1398 τῆς
561 1345 815 1399 Βαβυλῶνος
845 1341 1138 1398 ἀμερμουμνῆν
1164 1341 1416 1400 πρεσβευτὴν
1443 1342 1632 1397 ἐκπέμπει

150 1413 223 1459 τὸν
241 1413 402 1469 Βέστην
420 1408 665 1470 Νικηφόρον
684 1410 755 1454 τὸν
775 1408 977 1468 Οὐρανόν,
1011 1408 1198 1454 ἶκετεύων
1217 1413 1423 1466 μηδεμιᾶς
1442 1412 1643 1470 ἓπιστρο·

152 1486 237 1541 φῆς
257 1481 430 1534 ἀξιῶσαι
450 1480 522 1524 τὸν
542 1477 791 1535 ἀποστάτην,
825 1479 930 1535 μηδὲ
957 1482 1135 1536 θελῆσαι
1155 1478 1416 1538 παράδειγμα
1441 1481 1633 1537 γενέσθαι

152 1557 240 1603 τοῖς
260 1547 472 1608 ὃψιγόνοις
489 1554 664 1607 φαῦλον,
699 1546 910 1604 ἀμελήσας
940 1549 1015 1604 μὲν
1039 1549 1243 1604 βασιλέως
1262 1549 1531 1605 ἀδικουμένου
1550 1556 1631 1606 βα-

94 1619 291 1672 watstein,-
315 1621 385 1664 καὶ
413 1618 538 1671 αὐτὸς
561 1617 632 1672 ῶν,
667 1618 948 1677 προσθέμενος
976 1619 1021 1661 δὲ
1047 1616 1236 1678 τυράννῳ
1268 1618 1396 1679 ἀδίκῳ
1427 1621 1495 1662 καὶ
1526 1620 1632 1664 ἀπο·
1655 1632 1686 1668 Ρ
1709 1634 1778 1671 694

152 1687 298 1749 στάτῃ.
364 1689 575 1747 ἐνεχείρισε
595 1689 642 1732 δὲ
657 1690 725 1731 καὶ
743 1686 969 1746 γράμματα
983 1688 1180 1743 βασιλικὰ
1196 1689 1542 1745 ἕνσεσημασμένα,
1573 1691 1630 1733 δι’

151 1754 211 1804 ὧν
230 1759 494 1815 συμπαθείας
513 1755 675 1814 ἁπάσης
694 1761 830 1801 κακῶν
849 1757 966 1813 ἠξίου
987 1757 1058 1801 τὸν
1075 1757 1262 1816 Σκληρὸν
1290 1760 1358 1801 καὶ
1375 1758 1472 1810 τοὺς
1489 1758 1634 1803 συνόν-

154 1846 230 1881 τας
248 1828 385 1890 asinii,
421 1829 457 1873 εἲ
485 1825 798 1885 μεταμαθόντες
824 1826 872 1871 τὸ
903 1827 996 1872 δέον
1014 1825 1085 1872 τόν
1110 1844 1154 1872 τε
1174 1825 1330 1872 ἑαυτῶν
1351 1828 1541 1885 ἕπιγνῶσι
1564 1831 1634 1873 δε-

243 1959 270 1997 3
289 1955 538 2006 ὑποτοπήσας
559 1959 605 2007 C,
625 1955 848 2005 ὑπονοήσας
869 1970 990 2006 margo
1083 1959 1130 1996 12
1151 1959 1416 2006 προσχωρῆσαι
1436 1957 1577 2008 χοσρόῃ
1600 1961 1631 1996 C

151 2073 288 2110 cientes
311 2084 354 2108 ac
373 2071 526 2120 turpiter
547 2077 761 2120 pereuntes,·
777 2074 916 2110 nemine
938 2073 1162 2120 insequente.
1209 2074 1304 2120 quod
1328 2074 1374 2109 de
1396 2074 1486 2110 colle
1508 2074 1634 2110 videns

151 2121 304 2164 Phocus,
327 2119 458 2166 deique
480 2119 548 2154 hoc
570 2121 661 2165 fieri,
687 2126 726 2154 ut
745 2133 831 2156 sane
849 2122 971 2166 fiebat,
995 2127 1082 2155 nutu
1102 2120 1271 2166 sentiens,
1297 2132 1374 2156 cum
1394 2122 1467 2156 suis
1486 2120 1636 2156 descen-

152 2167 208 2202 dit
231 2173 268 2202 et
287 2166 506 2212 fugientibus
528 2165 651 2210 instat,
671 2179 751 2202 sese
774 2168 925 2202 invicem
951 2167 1236 2202 conculcantibus
1260 2171 1297 2202 et
1318 2167 1431 2202 omnis
1454 2167 1637 2203 defensio-

153 2213 210 2248 nis
234 2212 366 2258 oblitis,
390 2223 582 2259 eorumque
604 2213 691 2248 alios
714 2213 885 2249 interficit
906 2214 994 2249 alios
1016 2214 1126 2260 capit.
1173 2214 1291 2248 Durus
1316 2225 1391 2247 cum
1415 2213 1538 2259 paucis
1562 2213 1637 2249 ela-

152 2269 239 2306 psus
262 2259 533 2314 Martyropolim
555 2259 727 2305 confugit.
762 2260 846 2295 inde
867 2261 1012 2296 fratrem
1036 2271 1135 2295 suum
1159 2259 1427 2294 Constantinum
1451 2261 1495 2294 ad
1520 2260 1636 2295 Chos-

153 2317 242 2341 roen
264 2303 457 2350 B'abyloms
480 2305 675 2351 principem
698 2306 818 2351 mittit,
841 2308 1046 2342 societatem
1070 2311 1106 2340 et
1126 2305 1256 2340 auxilia
1277 2305 1440 2350 petitum.
1489 2318 1638 2352 cumque

151 2351 184 2387 is
206 2362 322 2386 moras
344 2356 490 2386 nectens
511 2362 628 2396 neque
652 2359 824 2388 annueret
846 2365 961 2399 neque
984 2353 1179 2396 denegaret
1199 2353 1294 2397 quod
1318 2353 1517 2400 petebatur,
1537 2353 1636 2387 ideo-

153 2409 224 2444 que
246 2397 502 2432 Constantinus
533 2397 668 2434 diutius
700 2399 863 2446 abesset,
897 2404 1042 2435 coactus
1075 2399 1156 2446 ipse
1186 2409 1329 2445 quoque
1366 2410 1445 2435 cum
1477 2400 1637 2435 omnibus

150 2445 226 2482 suis
246 2444 372 2479 eodem
398 2443 487 2479 abit.

245 2513 444 2560 Imperator
465 2512 608 2549 Phocae
637 2512 752 2549 literis
784 2512 829 2548 de
849 2513 940 2548 Duri
971 2513 1070 2550 clade
1104 2516 1141 2549 et
1167 2513 1390 2559 Babylonica
1411 2513 1634 2560 profectione

154 2560 288 2597 certior
309 2560 443 2604 factus,
467 2559 587 2605 dignis
610 2560 803 2595 honoribus
824 2560 977 2595 Phocam
1000 2566 1259 2605 remuneratus,
1283 2561 1329 2595 ad
1351 2559 1535 2596 Chosroen
1559 2561 1633 2596 Ba-

153 2606 297 2653 bylonis
317 2616 585 2642 amermumnam
606 2606 728 2642 literas
752 2606 872 2651 mittit,
893 2606 1010 2652 legato
1033 2608 1079 2642 ad
1101 2618 1178 2642 eam
1201 2618 1274 2642 rem
1293 2607 1403 2642 Besta
1417 2606 1634 2653 Nicephoro,

155 2654 214 2690 cui
238 2653 381 2688 Uranus
414 2651 477 2697 (id
510 2657 566 2688 est
596 2653 752 2698 Coelus)
785 2665 996 2698 cognomen3
1032 2656 1076 2689 ab
1107 2666 1149 2688 eo
1177 2665 1222 2688 ue
1253 2653 1435 2689 contendit
1460 2665 1506 2689 ne
1529 2665 1634 2699 qnam

154 2698 346 2748 perduellis
381 2698 554 2736 rationem
588 2699 739 2744 habeat,
771 2711 886 2745 neque
919 2701 1074 2746 posteris
1103 2700 1187 2735 mai
1223 2699 1374 2746 exempli
1405 2705 1527 2736 auctor
1553 2712 1632 2735 esse

155 2745 266 2791 velit,
288 2757 352 2780 rex
373 2745 452 2791 ipse
474 2745 552 2792 regi
576 2744 723 2781 iniurias
746 2746 862 2781 factas
883 2746 1066 2792 negligens
1079 2773 1090 2791 ‚
1125 2752 1277 2791 tyranno
1301 2751 1416 2782 autem
1438 2746 1569 2782 iniusto
1594 2751 1632 2781 et

155 2791 329 2841 perduelli
349 2791 536 2838 opitularis.
583 2792 645 2828 dat
666 2793 786 2838 legato
810 2793 915 2828 etiam
938 2792 1060 2828 literas
1091 2794 1134 2828 ab
1160 2793 1374 2839 imperatore
1395 2792 1631 2838 consignatas,

156 2838 284 2885 quibus
306 2838 440 2873 Durum
472 2845 511 2874 et
540 2849 630 2885 quos
651 2850 769 2874 secum
792 2839 823 2873 is
847 2839 1001 2875 habebat
1027 2840 1178 2875 omnium
1201 2845 1422 2886 peccatorum
1443 2839 1551 2875 venia
1573 2839 1629 2873 di-

156 2886 350 2932 gnabatur,
382 2884 556 2931 siquidem
588 2885 843 2933 resipiscerent
872 2897 914 2923 ac
936 2897 1035 2923 suum
1055 2886 1230 2922 dominum
1251 2891 1486 2932 agnoscerent
1507 2890 1545 2922 et
1564 2885 1630 2921 do-

214 2938 349 2986 Georg.
379 2939 555 2976 Cedrenus
582 2943 669 2977 tom.
698 2939 750 2977 11.
1297 2936 1352 2979 28
