<?xml version="1.0" encoding="UTF-8"?>
<!DOCTYPE html PUBLIC "-//W3C//DTD XHTML 1.0 Transitional//EN"
    "http://www.w3.org/TR/xhtml1/DTD/xhtml1-transitional.dtd">
<html xmlns="http://www.w3.org/1999/xhtml" xml:lang="en" lang="en">
 <head>
  <title>
</title>
<meta http-equiv="Content-Type" content="text/html;charset=utf-8" />
  <meta name='ocr-system' content='tesseract 3.04.00' />
  <meta name='ocr-capabilities' content='ocr_page ocr_carea ocr_par ocr_line ocrx_word'/>
</head>
<body>
  <div class='ocr_page' id='page_1' title='image "./corpusscriptorum14niebuoft/corpusscriptorum14niebuoft_0881.png"; bbox 0 0 1916 3210; ppageno 0'>
   <div class='ocr_carea' id='block_1_1' title="bbox 0 0 97 1123">
    <p class='ocr_par' dir='ltr' id='par_1_1' title="bbox 0 0 97 1123">
     <span class='ocr_line' id='line_1_1' title="bbox 0 0 97 1123; baseline 0 0"><span class='ocrx_word' id='word_1_1' title='bbox 0 0 97 1123; x_wconf 95' lang='lat' dir='ltr'><strong> </strong></span> 
     </span>
    </p>
   </div>
   <div class='ocr_carea' id='block_1_2' title="bbox 717 155 1678 208">
    <p class='ocr_par' dir='ltr' id='par_1_2' title="bbox 717 155 1678 208">
     <span class='ocr_line' id='line_1_2' title="bbox 717 155 1678 208; baseline 0.006 -6"><span class='ocrx_word' id='word_1_2' title='bbox 717 155 1167 204; x_wconf 82' lang='lat' dir='ltr'><strong>ANNOTATIONES.</strong></span> <span class='ocrx_word' id='word_1_3' title='bbox 1581 161 1678 208; x_wconf 89' lang='grc'><strong>871</strong></span> 
     </span>
    </p>
   </div>
   <div class='ocr_carea' id='block_1_3' title="bbox 189 266 1680 2875">
    <p class='ocr_par' dir='ltr' id='par_1_3' title="bbox 205 266 1680 490">
     <span class='ocr_line' id='line_1_3' title="bbox 208 266 1680 336; baseline 0.003 -28"><span class='ocrx_word' id='word_1_4' title='bbox 208 278 406 309; x_wconf 78' lang='lat' dir='ltr'>memnone</span> <span class='ocrx_word' id='word_1_5' title='bbox 426 269 533 336; x_wconf 83' lang='lat' dir='ltr'><strong>apud</strong></span> <span class='ocrx_word' id='word_1_6' title='bbox 552 267 758 308; x_wconf 82' lang='lat' dir='ltr'><strong>Homerum</strong></span> <span class='ocrx_word' id='word_1_7' title='bbox 774 266 930 309; x_wconf 80' lang='lat' dir='ltr'><strong>Achilles</strong></span> <span class='ocrx_word' id='word_1_8' title='bbox 957 266 1051 310; x_wconf 70' lang='lat' dir='ltr'><strong>“clm</strong></span> <span class='ocrx_word' id='word_1_9' title='bbox 1072 267 1117 310; x_wconf 82' lang='grc' dir='ltr'><strong>δέ</strong></span> <span class='ocrx_word' id='word_1_10' title='bbox 1135 285 1204 323; x_wconf 86' lang='grc' dir='ltr'><strong>μιν</strong></span> <span class='ocrx_word' id='word_1_11' title='bbox 1223 270 1267 313; x_wconf 77' lang='grc' dir='ltr'><strong>ἐν</strong></span> <span class='ocrx_word' id='word_1_12' title='bbox 1287 285 1411 322; x_wconf 81' lang='grc' dir='ltr'><strong><em>καρος</em></strong></span> <span class='ocrx_word' id='word_1_13' title='bbox 1431 266 1562 326; x_wconf 82' lang='grc' dir='ltr'>αἰ’σῃ.”</span> <span class='ocrx_word' id='word_1_14' title='bbox 1617 274 1680 312; x_wconf 89' lang='lat' dir='ltr'><strong>ubi</strong></span> 
     </span>
     <span class='ocr_line' id='line_1_4' title="bbox 208 320 1678 380; baseline 0.004 -17"><span class='ocrx_word' id='word_1_15' title='bbox 208 325 359 375; x_wconf 79' lang='lat' dir='ltr'><strong>qnidam</strong></span> <span class='ocrx_word' id='word_1_16' title='bbox 388 320 556 378; x_wconf 70' lang='grc' dir='ltr'><strong><em>ἔγκαρός</em></strong></span> <span class='ocrx_word' id='word_1_17' title='bbox 582 324 709 375; x_wconf 82' lang='lat' dir='ltr'><strong>legunt</strong></span> <span class='ocrx_word' id='word_1_18' title='bbox 733 323 853 376; x_wconf 82' lang='grc' dir='ltr'>υφέν.</span> <span class='ocrx_word' id='word_1_19' title='bbox 912 327 980 366; x_wconf 85' lang='lat' dir='ltr'><strong>sed</strong></span> <span class='ocrx_word' id='word_1_20' title='bbox 1007 327 1126 365; x_wconf 82' lang='lat' dir='ltr'><strong>varias</strong></span> <span class='ocrx_word' id='word_1_21' title='bbox 1151 328 1229 368; x_wconf 86' lang='lat' dir='ltr'><strong>eius</strong></span> <span class='ocrx_word' id='word_1_22' title='bbox 1258 329 1402 367; x_wconf 88' lang='lat' dir='ltr'><strong>dicterii</strong></span> <span class='ocrx_word' id='word_1_23' title='bbox 1430 329 1678 380; x_wconf 80' lang='lat' dir='ltr'>expositiones</span> 
     </span>
     <span class='ocr_line' id='line_1_5' title="bbox 207 381 1677 436; baseline 0.004 -16"><span class='ocrx_word' id='word_1_24' title='bbox 207 381 281 420; x_wconf 84' lang='lat' dir='ltr'><strong>huc</strong></span> <span class='ocrx_word' id='word_1_25' title='bbox 302 381 436 421; x_wconf 82' lang='lat' dir='ltr'><strong>afferre</strong></span> <span class='ocrx_word' id='word_1_26' title='bbox 461 394 537 420; x_wconf 89' lang='lat' dir='ltr'><strong>non</strong></span> <span class='ocrx_word' id='word_1_27' title='bbox 565 381 678 431; x_wconf 78' lang='lat' dir='ltr'><strong>hbet,</strong></span> <span class='ocrx_word' id='word_1_28' title='bbox 710 395 790 421; x_wconf 86' lang='lat' dir='ltr'><strong>cum</strong></span> <span class='ocrx_word' id='word_1_29' title='bbox 813 383 960 436; x_wconf 75' lang='lat' dir='ltr'><strong>possint</strong></span> <span class='ocrx_word' id='word_1_30' title='bbox 989 396 1035 422; x_wconf 87' lang='lat' dir='ltr'><strong>ex</strong></span> <span class='ocrx_word' id='word_1_31' title='bbox 1063 383 1259 424; x_wconf 85' lang='lat' dir='ltr'><strong>scholiasta</strong></span> <span class='ocrx_word' id='word_1_32' title='bbox 1275 389 1312 425; x_wconf 88' lang='lat' dir='ltr'><strong>et</strong></span> <span class='ocrx_word' id='word_1_33' title='bbox 1327 385 1519 424; x_wconf 81' lang='lat' dir='ltr'><strong>Eustathio</strong></span> <span class='ocrx_word' id='word_1_34' title='bbox 1536 398 1580 426; x_wconf 88' lang='lat' dir='ltr'><strong>ac</strong></span> <span class='ocrx_word' id='word_1_35' title='bbox 1598 387 1677 426; x_wconf 87' lang='lat' dir='ltr'><strong>aliis</strong></span> 
     </span>
     <span class='ocr_line' id='line_1_6' title="bbox 205 437 500 490; baseline 0.004 -13"><span class='ocrx_word' id='word_1_36' title='bbox 205 438 336 490; x_wconf 85' lang='lat' dir='ltr'><strong>repeti.</strong></span> <span class='ocrx_word' id='word_1_37' title='bbox 396 437 500 478; x_wconf 71' lang='grc' dir='ltr'>ΧΠ..</span> 
     </span>
    </p>

    <p class='ocr_par' dir='ltr' id='par_1_4' title="bbox 206 489 1676 604">
     <span class='ocr_line' id='line_1_7' title="bbox 319 489 1676 551; baseline 0.005 -19"><span class='ocrx_word' id='word_1_38' title='bbox 319 497 348 536; x_wconf 89' lang='lat' dir='ltr'><strong>t.</strong></span> <span class='ocrx_word' id='word_1_39' title='bbox 367 494 403 532; x_wconf 90' lang='lat'><strong>11</strong></span> <span class='ocrx_word' id='word_1_40' title='bbox 430 508 470 546; x_wconf 89' lang='lat' dir='ltr'><strong>p.</strong></span> <span class='ocrx_word' id='word_1_41' title='bbox 481 494 565 538; x_wconf 83' lang='lat'><strong>439</strong></span> <span class='ocrx_word' id='word_1_42' title='bbox 584 495 700 535; x_wconf 79' lang='lat' dir='ltr'><strong>v-12.</strong></span> <span class='ocrx_word' id='word_1_43' title='bbox 755 489 836 536; x_wconf 80' lang='grc' dir='ltr'><strong>απὸ</strong></span> <span class='ocrx_word' id='word_1_44' title='bbox 854 497 935 536; x_wconf 70' lang='grc' dir='ltr'><strong>τῶν</strong></span> <span class='ocrx_word' id='word_1_45' title='bbox 953 491 1069 550; x_wconf 76' lang='grc' dir='ltr'><strong>ἑῴων</strong></span> <span class='ocrx_word' id='word_1_46' title='bbox 1094 493 1310 551; x_wconf 72' lang='grc' dir='ltr'><strong><em>Τούρκων]</em></strong></span> <span class='ocrx_word' id='word_1_47' title='bbox 1340 498 1441 538; x_wconf 89' lang='lat' dir='ltr'><strong>unde</strong></span> <span class='ocrx_word' id='word_1_48' title='bbox 1457 496 1572 539; x_wconf 81' lang='lat' dir='ltr'><strong>Turci</strong></span> <span class='ocrx_word' id='word_1_49' title='bbox 1590 500 1676 539; x_wconf 93' lang='lat' dir='ltr'><strong>red-</strong></span> 
     </span>
     <span class='ocr_line' id='line_1_8' title="bbox 206 550 1181 604; baseline -0.001 -14"><span class='ocrx_word' id='word_1_50' title='bbox 206 550 278 590; x_wconf 78' lang='lat' dir='ltr'><strong>diti</strong></span> <span class='ocrx_word' id='word_1_51' title='bbox 297 551 507 591; x_wconf 59' lang='lat' dir='ltr'><strong>Orientale,</strong></span> <span class='ocrx_word' id='word_1_52' title='bbox 525 551 676 603; x_wconf 81' lang='lat' dir='ltr'><strong>exponit</strong></span> <span class='ocrx_word' id='word_1_53' title='bbox 693 555 821 590; x_wconf 83' lang='lat' dir='ltr'><strong>auctor</strong></span> <span class='ocrx_word' id='word_1_54' title='bbox 840 565 880 604; x_wconf 90' lang='lat' dir='ltr'><strong>p.</strong></span> <span class='ocrx_word' id='word_1_55' title='bbox 899 553 994 594; x_wconf 86' lang='grc'>768.</span> <span class='ocrx_word' id='word_1_56' title='bbox 1051 553 1181 592; x_wconf 62' lang='lat' dir='ltr'><strong>Gom.</strong></span> 
     </span>
    </p>

    <p class='ocr_par' dir='ltr' id='par_1_5' title="bbox 201 606 1678 1004">
     <span class='ocr_line' id='line_1_9' title="bbox 316 606 1677 663; baseline 0.001 -14"><span class='ocrx_word' id='word_1_57' title='bbox 316 610 346 647; x_wconf 75' lang='lat' dir='ltr'><strong>t.</strong></span> <span class='ocrx_word' id='word_1_58' title='bbox 364 607 400 647; x_wconf 83' lang='lat' dir='ltr'><strong>II</strong></span> <span class='ocrx_word' id='word_1_59' title='bbox 426 619 468 660; x_wconf 97' lang='grc' dir='ltr'><strong>Ρ.</strong></span> <span class='ocrx_word' id='word_1_60' title='bbox 487 606 571 649; x_wconf 90' lang='grc'><strong>446</strong></span> <span class='ocrx_word' id='word_1_61' title='bbox 595 621 628 648; x_wconf 83' lang='lat' dir='ltr'><strong>v,</strong></span> <span class='ocrx_word' id='word_1_62' title='bbox 647 610 689 650; x_wconf 87' lang='lat'><strong>7.</strong></span> <span class='ocrx_word' id='word_1_63' title='bbox 745 608 1001 659; x_wconf 67' lang='lat' dir='ltr'><strong>seiromasta]</strong></span> <span class='ocrx_word' id='word_1_64' title='bbox 1033 608 1147 663; x_wconf 82' lang='grc' dir='ltr'><em>σειροῖ</em></span> <span class='ocrx_word' id='word_1_65' title='bbox 1171 614 1227 650; x_wconf 85' lang='lat' dir='ltr'><strong>est</strong></span> <span class='ocrx_word' id='word_1_66' title='bbox 1250 612 1371 653; x_wconf 87' lang='lat' dir='ltr'><strong>restis.</strong></span> <span class='ocrx_word' id='word_1_67' title='bbox 1429 611 1495 651; x_wconf 85' lang='lat' dir='ltr'><strong>sed</strong></span> <span class='ocrx_word' id='word_1_68' title='bbox 1518 611 1610 662; x_wconf 90' lang='lat' dir='ltr'><strong>quid</strong></span> <span class='ocrx_word' id='word_1_69' title='bbox 1629 613 1677 651; x_wconf 90' lang='lat' dir='ltr'><strong>sit</strong></span> 
     </span>
     <span class='ocr_line' id='line_1_10' title="bbox 205 659 1678 720; baseline 0.001 -16"><span class='ocrx_word' id='word_1_70' title='bbox 205 659 489 716; x_wconf 78' lang='grc' dir='ltr'><strong><em>σειρομᾶστης,</em></strong></span> <span class='ocrx_word' id='word_1_71' title='bbox 513 664 650 703; x_wconf 77' lang='lat' dir='ltr'><strong>neseio·</strong></span> <span class='ocrx_word' id='word_1_72' title='bbox 709 677 807 715; x_wconf 88' lang='lat' dir='ltr'><strong>pene</strong></span> <span class='ocrx_word' id='word_1_73' title='bbox 837 666 1012 704; x_wconf 79' lang='lat' dir='ltr'>scuticam</span> <span class='ocrx_word' id='word_1_74' title='bbox 1042 668 1604 720; x_wconf 66' lang='lat' dir='ltr'><strong>converteram.XY1..quid</strong></span> <span class='ocrx_word' id='word_1_75' title='bbox 1625 670 1678 706; x_wconf 72' lang='lat' dir='ltr'><strong>sic</strong></span> 
     </span>
     <span class='ocr_line' id='line_1_11' title="bbox 205 717 1676 777; baseline 0.003 -17"><span class='ocrx_word' id='word_1_76' title='bbox 205 717 490 773; x_wconf 79' lang='grc' dir='ltr'><strong><em>σειρομοὶστης,</em></strong></span> <span class='ocrx_word' id='word_1_77' title='bbox 519 721 658 759; x_wconf 83' lang='lat' dir='ltr'><strong>docent</strong></span> <span class='ocrx_word' id='word_1_78' title='bbox 673 719 900 772; x_wconf 84' lang='lat' dir='ltr'><strong>Hesychius:</strong></span> <span class='ocrx_word' id='word_1_79' title='bbox 929 718 1036 771; x_wconf 80' lang='grc' dir='ltr'><strong><em>εἶδος</em></strong></span> <span class='ocrx_word' id='word_1_80' title='bbox 1055 718 1207 777; x_wconf 81' lang='grc' dir='ltr'>λόγχης.</span> <span class='ocrx_word' id='word_1_81' title='bbox 1243 724 1397 763; x_wconf 89' lang='lat' dir='ltr'><strong>Suidas:</strong></span> <span class='ocrx_word' id='word_1_82' title='bbox 1428 721 1582 772; x_wconf 64' lang='lat' dir='ltr'><strong>siffog’</strong></span> <span class='ocrx_word' id='word_1_83' title='bbox 1555 740 1676 766; x_wconf 83' lang='grc' dir='ltr'><strong><em>ακον-</em></strong></span> 
     </span>
     <span class='ocr_line' id='line_1_12' title="bbox 201 771 1676 829; baseline 0.002 -11"><span class='ocrx_word' id='word_1_84' title='bbox 201 776 304 818; x_wconf 79' lang='grc' dir='ltr'>τίου.</span> <span class='ocrx_word' id='word_1_85' title='bbox 350 776 533 816; x_wconf 74' lang='lat' dir='ltr'><strong>Tzetzes:</strong></span> <span class='ocrx_word' id='word_1_86' title='bbox 561 771 764 818; x_wconf 65' lang='grc' dir='ltr'>ἀκόντιον.</span> <span class='ocrx_word' id='word_1_87' title='bbox 810 776 945 829; x_wconf 85' lang='lat' dir='ltr'><strong>legitur</strong></span> <span class='ocrx_word' id='word_1_88' title='bbox 965 779 1075 818; x_wconf 91' lang='lat' dir='ltr'><strong>Num.</strong></span> <span class='ocrx_word' id='word_1_89' title='bbox 1096 782 1152 823; x_wconf 84' lang='lat'><strong>25</strong></span> <span class='ocrx_word' id='word_1_90' title='bbox 1174 780 1331 820; x_wconf 88' lang='lat' dir='ltr'><strong>Phinees</strong></span> <span class='ocrx_word' id='word_1_91' title='bbox 1352 781 1554 820; x_wconf 85' lang='lat' dir='ltr'><strong>Israelitam</strong></span> <span class='ocrx_word' id='word_1_92' title='bbox 1576 795 1676 821; x_wconf 86' lang='lat' dir='ltr'><strong>scor-</strong></span> 
     </span>
     <span class='ocr_line' id='line_1_13' title="bbox 201 831 1673 902; baseline 0.003 -30"><span class='ocrx_word' id='word_1_93' title='bbox 201 838 356 884; x_wconf 79' lang='lat' dir='ltr'><strong>tumque</strong></span> <span class='ocrx_word' id='word_1_94' title='bbox 372 834 530 901; x_wconf 78' lang='lat' dir='ltr'><strong>turpiter</strong></span> <span class='ocrx_word' id='word_1_95' title='bbox 548 833 740 886; x_wconf 85' lang='lat' dir='ltr'><strong>copulatos</strong></span> <span class='ocrx_word' id='word_1_96' title='bbox 762 831 1000 902; x_wconf 77' lang='grc' dir='ltr'><strong><em>σειρομᾶστῃ</em></strong></span> <span class='ocrx_word' id='word_1_97' title='bbox 1017 838 1236 887; x_wconf 82' lang='lat' dir='ltr'><strong>confecisse3</strong></span> <span class='ocrx_word' id='word_1_98' title='bbox 1268 850 1336 889; x_wconf 87' lang='lat' dir='ltr'><strong>pro</strong></span> <span class='ocrx_word' id='word_1_99' title='bbox 1356 851 1431 888; x_wconf 91' lang='lat' dir='ltr'><strong>quo</strong></span> <span class='ocrx_word' id='word_1_100' title='bbox 1450 836 1583 889; x_wconf 87' lang='lat' dir='ltr'><strong>Aquila</strong></span> <span class='ocrx_word' id='word_1_101' title='bbox 1602 852 1673 891; x_wconf 92' lang='lat' dir='ltr'><strong>po-</strong></span> 
     </span>
     <span class='ocr_line' id='line_1_14' title="bbox 202 876 1674 961; baseline 0.003 -32"><span class='ocrx_word' id='word_1_102' title='bbox 202 891 260 929; x_wconf 81' lang='lat' dir='ltr'><strong>nit</strong></span> <span class='ocrx_word' id='word_1_103' title='bbox 278 885 446 941; x_wconf 80' lang='grc' dir='ltr'><strong><em>κοντόν,</em></strong></span> <span class='ocrx_word' id='word_1_104' title='bbox 474 890 713 940; x_wconf 78' lang='lat' dir='ltr'><strong>Symmachus</strong></span> <span class='ocrx_word' id='word_1_105' title='bbox 733 887 855 961; x_wconf 80' lang='grc' dir='ltr'><strong><em>δόρυ,</em></strong></span> <span class='ocrx_word' id='word_1_106' title='bbox 885 876 1044 943; x_wconf 78' lang='lat' dir='ltr'><strong>Vulgata</strong></span> <span class='ocrx_word' id='word_1_107' title='bbox 1060 895 1291 945; x_wconf 73' lang='lat' dir='ltr'><strong>pugionem.</strong></span> <span class='ocrx_word' id='word_1_108' title='bbox 1348 893 1513 934; x_wconf 86' lang='lat' dir='ltr'><strong>Lexicon</strong></span> <span class='ocrx_word' id='word_1_109' title='bbox 1530 907 1674 948; x_wconf 81' lang='lat' dir='ltr'><strong>anony-</strong></span> 
     </span>
     <span class='ocr_line' id='line_1_15' title="bbox 201 943 1414 1004; baseline 0.001 -17"><span class='ocrx_word' id='word_1_110' title='bbox 201 960 302 987; x_wconf 87' lang='lat' dir='ltr'><strong>mum</strong></span> <span class='ocrx_word' id='word_1_111' title='bbox 324 946 443 986; x_wconf 84' lang='lat' dir='ltr'><strong>alibi</strong></span> <span class='ocrx_word' id='word_1_112' title='bbox 432 959 507 986; x_wconf 78' lang='lat' dir='ltr'><strong>ram</strong></span> <span class='ocrx_word' id='word_1_113' title='bbox 527 948 678 986; x_wconf 82' lang='lat' dir='ltr'><strong>citatum</strong></span> <span class='ocrx_word' id='word_1_114' title='bbox 700 943 806 996; x_wconf 71' lang='grc' dir='ltr'><strong><em>εἶδος</em></strong></span> <span class='ocrx_word' id='word_1_115' title='bbox 826 944 1039 999; x_wconf 65' lang='grc' dir='ltr'><strong><em>ἀκοντίου,</em></strong></span> <span class='ocrx_word' id='word_1_116' title='bbox 1067 948 1225 1004; x_wconf 83' lang='grc' dir='ltr'>λόγχης.</span> <span class='ocrx_word' id='word_1_117' title='bbox 1282 950 1414 991; x_wconf 65' lang='lat' dir='ltr'><strong>Gom.</strong></span> 
     </span>
    </p>

    <p class='ocr_par' dir='ltr' id='par_1_6' title="bbox 193 1002 1673 1795">
     <span class='ocr_line' id='line_1_16' title="bbox 314 1002 1673 1058; baseline 0.004 -18"><span class='ocrx_word' id='word_1_118' title='bbox 314 1002 369 1044; x_wconf 73' lang='lat' dir='ltr'><strong>ib.</strong></span> <span class='ocrx_word' id='word_1_119' title='bbox 379 1016 413 1044; x_wconf 83' lang='lat' dir='ltr'><strong>v.</strong></span> <span class='ocrx_word' id='word_1_120' title='bbox 426 1004 491 1044; x_wconf 90' lang='grc'><strong>10.</strong></span> <span class='ocrx_word' id='word_1_121' title='bbox 540 1005 644 1054; x_wconf 88' lang='lat' dir='ltr'><strong>quod</strong></span> <span class='ocrx_word' id='word_1_122' title='bbox 660 1005 709 1043; x_wconf 86' lang='lat' dir='ltr'><strong>de</strong></span> <span class='ocrx_word' id='word_1_123' title='bbox 726 1018 832 1044; x_wconf 87' lang='lat' dir='ltr'><strong>cruce</strong></span> <span class='ocrx_word' id='word_1_124' title='bbox 850 1009 888 1045; x_wconf 86' lang='lat' dir='ltr'><strong>et</strong></span> <span class='ocrx_word' id='word_1_125' title='bbox 905 1006 1107 1046; x_wconf 80' lang='lat' dir='ltr'><strong>ventilabro</strong></span> <span class='ocrx_word' id='word_1_126' title='bbox 1127 1008 1260 1046; x_wconf 86' lang='lat' dir='ltr'><strong>dicitur</strong></span> <span class='ocrx_word' id='word_1_127' title='bbox 1278 1009 1384 1058; x_wconf 86' lang='lat' dir='ltr'><strong>qnasi</strong></span> <span class='ocrx_word' id='word_1_128' title='bbox 1403 1007 1554 1058; x_wconf 83' lang='lat' dir='ltr'><strong>adagio,</strong></span> <span class='ocrx_word' id='word_1_129' title='bbox 1576 1007 1673 1047; x_wconf 90' lang='lat' dir='ltr'><strong>hunc</strong></span> 
     </span>
     <span class='ocr_line' id='line_1_17' title="bbox 201 1060 1672 1116; baseline 0.003 -18"><span class='ocrx_word' id='word_1_130' title='bbox 201 1060 369 1112; x_wconf 88' lang='lat' dir='ltr'><strong>suspicor</strong></span> <span class='ocrx_word' id='word_1_131' title='bbox 398 1060 536 1099; x_wconf 85' lang='lat' dir='ltr'><strong>habere</strong></span> <span class='ocrx_word' id='word_1_132' title='bbox 565 1073 734 1111; x_wconf 87' lang='lat' dir='ltr'><strong>sensum,</strong></span> <span class='ocrx_word' id='word_1_133' title='bbox 761 1063 865 1112; x_wconf 86' lang='lat' dir='ltr'><strong>quod</strong></span> <span class='ocrx_word' id='word_1_134' title='bbox 893 1076 980 1102; x_wconf 85' lang='lat' dir='ltr'><strong>crux</strong></span> <span class='ocrx_word' id='word_1_135' title='bbox 1008 1065 1111 1116; x_wconf 84' lang='lat' dir='ltr'><strong>apud</strong></span> <span class='ocrx_word' id='word_1_136' title='bbox 1141 1064 1234 1103; x_wconf 88' lang='lat' dir='ltr'><strong>istos</strong></span> <span class='ocrx_word' id='word_1_137' title='bbox 1259 1076 1382 1103; x_wconf 86' lang='lat' dir='ltr'><strong>rerum</strong></span> <span class='ocrx_word' id='word_1_138' title='bbox 1408 1065 1672 1116; x_wconf 85' lang='lat' dir='ltr'><strong>pretiosissima</strong></span> 
     </span>
     <span class='ocr_line' id='line_1_18' title="bbox 199 1118 1669 1171; baseline 0.001 -15"><span class='ocrx_word' id='word_1_139' title='bbox 199 1118 372 1168; x_wconf 78' lang='lat' dir='ltr'><strong>adeoque</strong></span> <span class='ocrx_word' id='word_1_140' title='bbox 414 1118 643 1156; x_wconf 87' lang='lat' dir='ltr'><strong>sanctissima</strong></span> <span class='ocrx_word' id='word_1_141' title='bbox 677 1131 737 1156; x_wconf 89' lang='lat' dir='ltr'><strong>res</strong></span> <span class='ocrx_word' id='word_1_142' title='bbox 771 1118 992 1168; x_wconf 76' lang='lat' dir='ltr'><strong>haberetur,</strong></span> <span class='ocrx_word' id='word_1_143' title='bbox 1035 1121 1278 1159; x_wconf 84' lang='lat' dir='ltr'><strong>ventilabrum</strong></span> <span class='ocrx_word' id='word_1_144' title='bbox 1313 1120 1474 1171; x_wconf 86' lang='lat' dir='ltr'><strong>vulgaris</strong></span> <span class='ocrx_word' id='word_1_145' title='bbox 1505 1124 1543 1160; x_wconf 93' lang='lat' dir='ltr'><strong>et</strong></span> <span class='ocrx_word' id='word_1_146' title='bbox 1574 1121 1669 1159; x_wconf 88' lang='lat' dir='ltr'><strong>vilis.</strong></span> 
     </span>
     <span class='ocr_line' id='line_1_19' title="bbox 199 1173 1671 1229; baseline 0.002 -17"><span class='ocrx_word' id='word_1_147' title='bbox 199 1173 286 1212; x_wconf 81' lang='lat' dir='ltr'><strong>hnic</strong></span> <span class='ocrx_word' id='word_1_148' title='bbox 308 1187 400 1224; x_wconf 84' lang='lat' dir='ltr'><strong>ergo</strong></span> <span class='ocrx_word' id='word_1_149' title='bbox 421 1173 659 1223; x_wconf 83' lang='lat' dir='ltr'><strong>maledicum,</strong></span> <span class='ocrx_word' id='word_1_150' title='bbox 686 1174 735 1212; x_wconf 86' lang='lat' dir='ltr'><strong>illi</strong></span> <span class='ocrx_word' id='word_1_151' title='bbox 754 1176 961 1214; x_wconf 87' lang='lat' dir='ltr'><strong>modestum</strong></span> <span class='ocrx_word' id='word_1_152' title='bbox 984 1178 1223 1229; x_wconf 85' lang='lat' dir='ltr'><strong>comparabat</strong></span> <span class='ocrx_word' id='word_1_153' title='bbox 1238 1178 1390 1227; x_wconf 83' lang='lat' dir='ltr'><strong>fratres,</strong></span> <span class='ocrx_word' id='word_1_154' title='bbox 1418 1178 1506 1228; x_wconf 87' lang='lat' dir='ltr'><strong>quia</strong></span> <span class='ocrx_word' id='word_1_155' title='bbox 1522 1181 1562 1215; x_wconf 90' lang='lat' dir='ltr'><strong>et</strong></span> <span class='ocrx_word' id='word_1_156' title='bbox 1578 1177 1671 1215; x_wconf 88' lang='lat' dir='ltr'><strong>haec</strong></span> 
     </span>
     <span class='ocr_line' id='line_1_20' title="bbox 199 1230 1672 1284; baseline 0.001 -14"><span class='ocrx_word' id='word_1_157' title='bbox 199 1243 245 1270; x_wconf 75' lang='lat' dir='ltr'><strong>ex</strong></span> <span class='ocrx_word' id='word_1_158' title='bbox 273 1231 405 1270; x_wconf 85' lang='lat' dir='ltr'><strong>eodem</strong></span> <span class='ocrx_word' id='word_1_159' title='bbox 433 1243 582 1282; x_wconf 87' lang='lat' dir='ltr'><strong>quoqne</strong></span> <span class='ocrx_word' id='word_1_160' title='bbox 603 1231 704 1281; x_wconf 87' lang='lat' dir='ltr'><strong>ligno</strong></span> <span class='ocrx_word' id='word_1_161' title='bbox 727 1230 806 1269; x_wconf 89' lang='lat' dir='ltr'><strong>fieri</strong></span> <span class='ocrx_word' id='word_1_162' title='bbox 823 1245 935 1284; x_wconf 86' lang='lat' dir='ltr'><strong>posse</strong></span> <span class='ocrx_word' id='word_1_163' title='bbox 955 1233 1054 1272; x_wconf 86' lang='lat' dir='ltr'><strong>nulla</strong></span> <span class='ocrx_word' id='word_1_164' title='bbox 1074 1238 1133 1272; x_wconf 91' lang='lat' dir='ltr'><strong>est</strong></span> <span class='ocrx_word' id='word_1_165' title='bbox 1150 1234 1302 1284; x_wconf 87' lang='lat' dir='ltr'><strong>religio,</strong></span> <span class='ocrx_word' id='word_1_166' title='bbox 1330 1238 1370 1273; x_wconf 89' lang='lat' dir='ltr'><strong>et</strong></span> <span class='ocrx_word' id='word_1_167' title='bbox 1389 1238 1479 1272; x_wconf 92' lang='lat' dir='ltr'><strong>nota</strong></span> <span class='ocrx_word' id='word_1_168' title='bbox 1500 1234 1595 1271; x_wconf 84' lang='lat' dir='ltr'><strong>vatis</strong></span> <span class='ocrx_word' id='word_1_169' title='bbox 1614 1235 1672 1271; x_wconf 91' lang='lat' dir='ltr'><strong>di-</strong></span> 
     </span>
     <span class='ocr_line' id='line_1_21' title="bbox 198 1287 1669 1342; baseline 0.002 -17"><span class='ocrx_word' id='word_1_170' title='bbox 198 1287 287 1326; x_wconf 75' lang='lat' dir='ltr'><strong>vina</strong></span> <span class='ocrx_word' id='word_1_171' title='bbox 305 1288 500 1326; x_wconf 84' lang='lat' dir='ltr'><strong>sententia.</strong></span> <span class='ocrx_word' id='word_1_172' title='bbox 528 1288 622 1326; x_wconf 64' lang='grc' dir='ltr'>ΧΠ..</span> <span class='ocrx_word' id='word_1_173' title='bbox 679 1300 826 1327; x_wconf 85' lang='lat' dir='ltr'><strong>sensum</strong></span> <span class='ocrx_word' id='word_1_174' title='bbox 846 1290 1009 1340; x_wconf 89' lang='lat' dir='ltr'><strong>quidem,</strong></span> <span class='ocrx_word' id='word_1_175' title='bbox 1031 1303 1106 1329; x_wconf 85' lang='lat' dir='ltr'><strong>non</strong></span> <span class='ocrx_word' id='word_1_176' title='bbox 1123 1291 1235 1330; x_wconf 83' lang='lat' dir='ltr'><strong>verba</strong></span> <span class='ocrx_word' id='word_1_177' title='bbox 1251 1291 1463 1342; x_wconf 83' lang='lat' dir='ltr'><strong>paroemiae</strong></span> <span class='ocrx_word' id='word_1_178' title='bbox 1480 1290 1669 1341; x_wconf 88' lang='lat' dir='ltr'><strong>Xylander</strong></span> 
     </span>
     <span class='ocr_line' id='line_1_22' title="bbox 198 1344 1670 1398; baseline 0.003 -16"><span class='ocrx_word' id='word_1_179' title='bbox 198 1349 390 1395; x_wconf 81' lang='lat' dir='ltr'><strong>assecutus</strong></span> <span class='ocrx_word' id='word_1_180' title='bbox 407 1348 478 1384; x_wconf 84' lang='lat' dir='ltr'><strong>est.</strong></span> <span class='ocrx_word' id='word_1_181' title='bbox 526 1344 615 1394; x_wconf 91' lang='lat' dir='ltr'><strong>quid</strong></span> <span class='ocrx_word' id='word_1_182' title='bbox 634 1345 730 1383; x_wconf 89' lang='lat' dir='ltr'><strong>enim</strong></span> <span class='ocrx_word' id='word_1_183' title='bbox 747 1345 786 1383; x_wconf 86' lang='lat' dir='ltr'><strong>in</strong></span> <span class='ocrx_word' id='word_1_184' title='bbox 806 1345 1028 1384; x_wconf 71' lang='lat' dir='ltr'><strong>ventilabro</strong></span> <span class='ocrx_word' id='word_1_185' title='bbox 1047 1346 1132 1396; x_wconf 87' lang='lat' dir='ltr'><strong>vile,</strong></span> <span class='ocrx_word' id='word_1_186' title='bbox 1160 1350 1223 1385; x_wconf 93' lang='lat' dir='ltr'><strong>aut</strong></span> <span class='ocrx_word' id='word_1_187' title='bbox 1239 1347 1329 1398; x_wconf 90' lang='lat' dir='ltr'><strong>quid</strong></span> <span class='ocrx_word' id='word_1_188' title='bbox 1347 1361 1371 1385; x_wconf 90' lang='lat' dir='ltr'><strong>a</strong></span> <span class='ocrx_word' id='word_1_189' title='bbox 1388 1360 1492 1386; x_wconf 89' lang='lat' dir='ltr'><strong>cruce</strong></span> <span class='ocrx_word' id='word_1_190' title='bbox 1511 1347 1562 1385; x_wconf 89' lang='lat' dir='ltr'><strong>sic</strong></span> <span class='ocrx_word' id='word_1_191' title='bbox 1579 1347 1670 1386; x_wconf 90' lang='lat' dir='ltr'><strong>alie-</strong></span> 
     </span>
     <span class='ocr_line' id='line_1_23' title="bbox 197 1401 1670 1455; baseline 0 -15"><span class='ocrx_word' id='word_1_192' title='bbox 197 1414 307 1448; x_wconf 84' lang='lat' dir='ltr'><strong>num,</strong></span> <span class='ocrx_word' id='word_1_193' title='bbox 337 1405 379 1439; x_wconf 87' lang='lat' dir='ltr'><strong>ut</strong></span> <span class='ocrx_word' id='word_1_194' title='bbox 405 1413 489 1439; x_wconf 85' lang='lat' dir='ltr'><strong>cum</strong></span> <span class='ocrx_word' id='word_1_195' title='bbox 519 1401 568 1440; x_wconf 87' lang='lat' dir='ltr'><strong>de</strong></span> <span class='ocrx_word' id='word_1_196' title='bbox 596 1402 718 1453; x_wconf 87' lang='lat' dir='ltr'><strong>pretio</strong></span> <span class='ocrx_word' id='word_1_197' title='bbox 741 1402 785 1439; x_wconf 87' lang='lat' dir='ltr'><strong>fit</strong></span> <span class='ocrx_word' id='word_1_198' title='bbox 805 1415 946 1452; x_wconf 91' lang='lat' dir='ltr'><strong>sermo,</strong></span> <span class='ocrx_word' id='word_1_199' title='bbox 974 1408 1176 1442; x_wconf 86' lang='lat' dir='ltr'><strong>extremum</strong></span> <span class='ocrx_word' id='word_1_200' title='bbox 1205 1404 1416 1455; x_wconf 88' lang='lat' dir='ltr'><strong>oppositum</strong></span> <span class='ocrx_word' id='word_1_201' title='bbox 1447 1403 1602 1442; x_wconf 68' lang='lat' dir='ltr'><strong>teneat?</strong></span> <span class='ocrx_word' id='word_1_202' title='bbox 1628 1407 1670 1441; x_wconf 92' lang='lat' dir='ltr'><strong>at</strong></span> 
     </span>
     <span class='ocr_line' id='line_1_24' title="bbox 197 1457 1671 1512; baseline 0.001 -16"><span class='ocrx_word' id='word_1_203' title='bbox 197 1458 337 1496; x_wconf 82' lang='lat' dir='ltr'><strong>tenebit</strong></span> <span class='ocrx_word' id='word_1_204' title='bbox 357 1461 478 1506; x_wconf 86' lang='lat' dir='ltr'><strong>certe,</strong></span> <span class='ocrx_word' id='word_1_205' title='bbox 510 1457 541 1495; x_wconf 88' lang='lat' dir='ltr'><strong>si</strong></span> <span class='ocrx_word' id='word_1_206' title='bbox 561 1470 738 1508; x_wconf 86' lang='lat' dir='ltr'><strong>germano</strong></span> <span class='ocrx_word' id='word_1_207' title='bbox 761 1459 800 1496; x_wconf 87' lang='lat' dir='ltr'><strong>in</strong></span> <span class='ocrx_word' id='word_1_208' title='bbox 823 1459 1031 1510; x_wconf 82' lang='lat' dir='ltr'><strong>significatu</strong></span> <span class='ocrx_word' id='word_1_209' title='bbox 1046 1473 1114 1512; x_wconf 91' lang='lat' dir='ltr'><strong>pro</strong></span> <span class='ocrx_word' id='word_1_210' title='bbox 1133 1460 1264 1512; x_wconf 80' lang='lat' dir='ltr'><strong>ligneo</strong></span> <span class='ocrx_word' id='word_1_211' title='bbox 1285 1459 1442 1506; x_wconf 80' lang='lat' dir='ltr'><strong>batillo,</strong></span> <span class='ocrx_word' id='word_1_212' title='bbox 1473 1473 1548 1511; x_wconf 93' lang='lat' dir='ltr'><strong>quo</strong></span> <span class='ocrx_word' id='word_1_213' title='bbox 1571 1464 1671 1499; x_wconf 87' lang='lat' dir='ltr'><strong>terra</strong></span> 
     </span>
     <span class='ocr_line' id='line_1_25' title="bbox 196 1514 1669 1566; baseline 0.001 -13"><span class='ocrx_word' id='word_1_214' title='bbox 196 1515 334 1553; x_wconf 83' lang='lat' dir='ltr'><strong>rudera</strong></span> <span class='ocrx_word' id='word_1_215' title='bbox 366 1515 495 1552; x_wconf 84' lang='lat' dir='ltr'><strong>sordes</strong></span> <span class='ocrx_word' id='word_1_216' title='bbox 528 1515 713 1564; x_wconf 86' lang='lat' dir='ltr'><strong>exportari</strong></span> <span class='ocrx_word' id='word_1_217' title='bbox 741 1514 801 1553; x_wconf 82' lang='lat' dir='ltr'><strong>vel</strong></span> <span class='ocrx_word' id='word_1_218' title='bbox 831 1518 967 1555; x_wconf 84' lang='lat' dir='ltr'><strong>moveri</strong></span> <span class='ocrx_word' id='word_1_219' title='bbox 997 1517 1138 1566; x_wconf 88' lang='lat' dir='ltr'><strong>solent,</strong></span> <span class='ocrx_word' id='word_1_220' title='bbox 1165 1521 1341 1556; x_wconf 84' lang='lat' dir='ltr'><strong>sumatur.</strong></span> <span class='ocrx_word' id='word_1_221' title='bbox 1398 1530 1544 1555; x_wconf 89' lang='lat' dir='ltr'><strong>sensum</strong></span> <span class='ocrx_word' id='word_1_222' title='bbox 1571 1517 1669 1555; x_wconf 91' lang='lat' dir='ltr'><strong>hunc</strong></span> 
     </span>
     <span class='ocr_line' id='line_1_26' title="bbox 195 1571 1670 1624; baseline 0 -14"><span class='ocrx_word' id='word_1_223' title='bbox 195 1572 271 1610; x_wconf 80' lang='lat' dir='ltr'><strong>ium</strong></span> <span class='ocrx_word' id='word_1_224' title='bbox 295 1571 345 1610; x_wconf 81' lang='lat' dir='ltr'><strong>ab</strong></span> <span class='ocrx_word' id='word_1_225' title='bbox 371 1571 525 1621; x_wconf 79' lang='lat' dir='ltr'><strong>antiquo</strong></span> <span class='ocrx_word' id='word_1_226' title='bbox 549 1571 721 1610; x_wconf 85' lang='lat' dir='ltr'><strong>habuisse</strong></span> <span class='ocrx_word' id='word_1_227' title='bbox 739 1574 898 1610; x_wconf 88' lang='lat' dir='ltr'><strong>testatur</strong></span> <span class='ocrx_word' id='word_1_228' title='bbox 914 1573 1206 1624; x_wconf 84' lang='lat' dir='ltr'><strong>Euchologium&#39;</strong></span> <span class='ocrx_word' id='word_1_229' title='bbox 1196 1586 1235 1612; x_wconf 86' lang='lat' dir='ltr'><strong>m</strong></span> <span class='ocrx_word' id='word_1_230' title='bbox 1259 1575 1515 1612; x_wconf 84' lang='lat' dir='ltr'><strong>defunctorum</strong></span> <span class='ocrx_word' id='word_1_231' title='bbox 1534 1572 1670 1621; x_wconf 84' lang='lat' dir='ltr'><strong>officio,</strong></span> 
     </span>
     <span class='ocr_line' id='line_1_27' title="bbox 195 1626 1668 1683; baseline 0.002 -19"><span class='ocrx_word' id='word_1_232' title='bbox 195 1641 272 1678; x_wconf 87' lang='lat' dir='ltr'><strong>qno</strong></span> <span class='ocrx_word' id='word_1_233' title='bbox 291 1627 464 1667; x_wconf 77' lang='lat' dir='ltr'><strong>sacerdos</strong></span> <span class='ocrx_word' id='word_1_234' title='bbox 480 1631 617 1666; x_wconf 82' lang='lat' dir='ltr'><strong>terram</strong></span> <span class='ocrx_word' id='word_1_235' title='bbox 636 1628 835 1666; x_wconf 89' lang='lat' dir='ltr'><strong>iniecturus</strong></span> <span class='ocrx_word' id='word_1_236' title='bbox 857 1630 1026 1668; x_wconf 86' lang='lat' dir='ltr'><strong>cadaveri</strong></span> <span class='ocrx_word' id='word_1_237' title='bbox 1045 1626 1175 1670; x_wconf 74' lang='grc' dir='ltr'><strong><em>πτύον</em></strong></span> <span class='ocrx_word' id='word_1_238' title='bbox 1191 1643 1377 1669; x_wconf 84' lang='lat' dir='ltr'><strong>assumere</strong></span> <span class='ocrx_word' id='word_1_239' title='bbox 1397 1634 1437 1668; x_wconf 89' lang='lat' dir='ltr'><strong>et</strong></span> <span class='ocrx_word' id='word_1_240' title='bbox 1454 1626 1568 1683; x_wconf 79' lang='grc' dir='ltr'><strong><em>πτύῳ</em></strong></span> <span class='ocrx_word' id='word_1_241' title='bbox 1585 1641 1668 1667; x_wconf 84' lang='lat' dir='ltr'><strong>eam</strong></span> 
     </span>
     <span class='ocr_line' id='line_1_28' title="bbox 194 1680 1668 1739; baseline 0.001 -17"><span class='ocrx_word' id='word_1_242' title='bbox 194 1696 414 1736; x_wconf 83' lang='lat' dir='ltr'><strong>respergere</strong></span> <span class='ocrx_word' id='word_1_243' title='bbox 437 1684 585 1735; x_wconf 84' lang='lat' dir='ltr'><strong>legitur.</strong></span> <span class='ocrx_word' id='word_1_244' title='bbox 641 1680 841 1736; x_wconf 73' lang='grc' dir='ltr'><strong><em>πτυοὶριον</em></strong></span> <span class='ocrx_word' id='word_1_245' title='bbox 863 1689 912 1724; x_wconf 87' lang='lat' dir='ltr'><strong>et</strong></span> <span class='ocrx_word' id='word_1_246' title='bbox 922 1688 1127 1739; x_wconf 85' lang='lat' dir='ltr'><strong>corruptius</strong></span> <span class='ocrx_word' id='word_1_247' title='bbox 1148 1682 1296 1739; x_wconf 77' lang='grc' dir='ltr'><strong><em>πτυᾶρι</em></strong></span> <span class='ocrx_word' id='word_1_248' title='bbox 1316 1687 1483 1725; x_wconf 89' lang='lat' dir='ltr'><strong>moderni</strong></span> <span class='ocrx_word' id='word_1_249' title='bbox 1502 1699 1668 1737; x_wconf 88' lang='lat' dir='ltr'><strong>pronun-</strong></span> 
     </span>
     <span class='ocr_line' id='line_1_29' title="bbox 193 1740 1610 1809; baseline -0.001 -29"><span class='ocrx_word' id='word_1_250' title='bbox 193 1742 302 1780; x_wconf 84' lang='lat' dir='ltr'><strong>tiant.</strong></span> <span class='ocrx_word' id='word_1_251' title='bbox 330 1741 384 1779; x_wconf 82' lang='lat' dir='ltr'><strong>ita</strong></span> <span class='ocrx_word' id='word_1_252' title='bbox 399 1740 563 1780; x_wconf 87' lang='lat' dir='ltr'><strong>Lexicon</strong></span> <span class='ocrx_word' id='word_1_253' title='bbox 578 1751 798 1792; x_wconf 78' lang='lat' dir='ltr'><strong>anonymum</strong></span> <span class='ocrx_word' id='word_1_254' title='bbox 814 1742 902 1782; x_wconf 89' lang='lat' dir='ltr'><strong>bibl.</strong></span> <span class='ocrx_word' id='word_1_255' title='bbox 921 1744 1019 1809; x_wconf 86' lang='lat' dir='ltr'><strong>Reg.</strong></span> <span class='ocrx_word' id='word_1_256' title='bbox 1036 1740 1185 1793; x_wconf 80' lang='grc' dir='ltr'><strong><em>πτύον,</em></strong></span> <span class='ocrx_word' id='word_1_257' title='bbox 1210 1740 1419 1795; x_wconf 79' lang='grc' dir='ltr'>πτυᾶριον.</span> <span class='ocrx_word' id='word_1_258' title='bbox 1477 1743 1610 1780; x_wconf 79' lang='lat' dir='ltr'><strong>GoAn.</strong></span> 
     </span>
    </p>

    <p class='ocr_par' dir='ltr' id='par_1_7' title="bbox 192 1794 1667 1951">
     <span class='ocr_line' id='line_1_30' title="bbox 307 1794 1667 1852; baseline 0.002 -17"><span class='ocrx_word' id='word_1_259' title='bbox 307 1801 336 1836; x_wconf 86' lang='lat' dir='ltr'><strong>t.</strong></span> <span class='ocrx_word' id='word_1_260' title='bbox 353 1797 387 1835; x_wconf 92' lang='lat'><strong>11</strong></span> <span class='ocrx_word' id='word_1_261' title='bbox 415 1811 452 1847; x_wconf 88' lang='lat' dir='ltr'><strong>p.</strong></span> <span class='ocrx_word' id='word_1_262' title='bbox 470 1796 553 1838; x_wconf 86' lang='lat'><strong>447</strong></span> <span class='ocrx_word' id='word_1_263' title='bbox 574 1810 609 1836; x_wconf 86' lang='lat' dir='ltr'><strong>v.</strong></span> <span class='ocrx_word' id='word_1_264' title='bbox 630 1799 668 1838; x_wconf 90' lang='lat'><strong>7.</strong></span> <span class='ocrx_word' id='word_1_265' title='bbox 726 1794 1085 1852; x_wconf 82' lang='grc' dir='ltr'><strong><em>ἒνασχολούμενοι]</em></strong></span> <span class='ocrx_word' id='word_1_266' title='bbox 1113 1800 1206 1840; x_wconf 88' lang='lat' dir='ltr'><strong>haec</strong></span> <span class='ocrx_word' id='word_1_267' title='bbox 1227 1813 1296 1839; x_wconf 86' lang='lat' dir='ltr'><strong>vox</strong></span> <span class='ocrx_word' id='word_1_268' title='bbox 1317 1800 1588 1851; x_wconf 87' lang='lat' dir='ltr'><strong>quantumlibet</strong></span> <span class='ocrx_word' id='word_1_269' title='bbox 1609 1812 1667 1838; x_wconf 89' lang='lat' dir='ltr'><strong>re-</strong></span> 
     </span>
     <span class='ocr_line' id='line_1_31' title="bbox 194 1854 1667 1908; baseline -0.001 -15"><span class='ocrx_word' id='word_1_270' title='bbox 194 1854 375 1893; x_wconf 84' lang='lat' dir='ltr'><strong>clamante</strong></span> <span class='ocrx_word' id='word_1_271' title='bbox 400 1854 591 1904; x_wconf 89' lang='lat' dir='ltr'><strong>Xylandro</strong></span> <span class='ocrx_word' id='word_1_272' title='bbox 616 1855 834 1903; x_wconf 88' lang='lat' dir='ltr'><strong>retinenda,</strong></span> <span class='ocrx_word' id='word_1_273' title='bbox 871 1861 909 1894; x_wconf 88' lang='lat' dir='ltr'><strong>et</strong></span> <span class='ocrx_word' id='word_1_274' title='bbox 938 1858 1058 1896; x_wconf 86' lang='lat' dir='ltr'><strong>versio</strong></span> <span class='ocrx_word' id='word_1_275' title='bbox 1085 1858 1154 1896; x_wconf 90' lang='lat' dir='ltr'><strong>hoc</strong></span> <span class='ocrx_word' id='word_1_276' title='bbox 1181 1861 1291 1908; x_wconf 91' lang='lat' dir='ltr'><strong>pacto</strong></span> <span class='ocrx_word' id='word_1_277' title='bbox 1318 1857 1557 1906; x_wconf 86' lang='lat' dir='ltr'><strong>corrigenda.</strong></span> <span class='ocrx_word' id='word_1_278' title='bbox 1596 1857 1667 1907; x_wconf 81' lang='lat' dir='ltr'><strong>qui</strong></span> 
     </span>
     <span class='ocr_line' id='line_1_32' title="bbox 192 1909 1601 1959; baseline 0.001 -10"><span class='ocrx_word' id='word_1_279' title='bbox 192 1909 474 1950; x_wconf 75' lang='lat' dir='ltr'><strong>rebellionibus</strong></span> <span class='ocrx_word' id='word_1_280' title='bbox 491 1911 641 1948; x_wconf 78' lang='lat' dir='ltr'><strong>assueti</strong></span> <span class='ocrx_word' id='word_1_281' title='bbox 657 1917 694 1947; x_wconf 74' lang='lat' dir='ltr'><strong>et</strong></span> <span class='ocrx_word' id='word_1_282' title='bbox 713 1913 928 1958; x_wconf 77' lang='lat' dir='ltr'><strong>exercitati,</strong></span> <span class='ocrx_word' id='word_1_283' title='bbox 957 1913 1055 1950; x_wconf 82' lang='lat' dir='ltr'><strong>data</strong></span> <span class='ocrx_word' id='word_1_284' title='bbox 1074 1915 1294 1959; x_wconf 72' lang='lat' dir='ltr'><strong>occasione,</strong></span> <span class='ocrx_word' id='word_1_285' title='bbox 1325 1920 1397 1949; x_wconf 77' lang='lat' dir='ltr'><strong>etc.</strong></span> <span class='ocrx_word' id='word_1_286' title='bbox 1460 1914 1601 1953; x_wconf 67' lang='lat' dir='ltr'><strong>GoAli.</strong></span> 
     </span>
    </p>

    <p class='ocr_par' dir='ltr' id='par_1_8' title="bbox 191 1965 1666 2191">
     <span class='ocr_line' id='line_1_33' title="bbox 306 1965 1666 2020; baseline 0.001 -15"><span class='ocrx_word' id='word_1_287' title='bbox 306 1966 362 2005; x_wconf 85' lang='lat' dir='ltr'><strong>ib.</strong></span> <span class='ocrx_word' id='word_1_288' title='bbox 387 1981 423 2008; x_wconf 86' lang='lat' dir='ltr'><strong>v.</strong></span> <span class='ocrx_word' id='word_1_289' title='bbox 448 1969 513 2008; x_wconf 85' lang='lat'><strong>18.</strong></span> <span class='ocrx_word' id='word_1_290' title='bbox 570 1967 661 2005; x_wconf 74' lang='lat' dir='ltr'><strong>Dat</strong></span> <span class='ocrx_word' id='word_1_291' title='bbox 665 1968 731 2005; x_wconf 79' lang='lat' dir='ltr'><strong>idi</strong></span> <span class='ocrx_word' id='word_1_292' title='bbox 743 1968 902 2020; x_wconf 76' lang='lat' dir='ltr'><strong>fratre]</strong></span> <span class='ocrx_word' id='word_1_293' title='bbox 934 1965 1114 2020; x_wconf 82' lang='grc' dir='ltr'><strong><em>αδελφόν</em></strong></span> <span class='ocrx_word' id='word_1_294' title='bbox 1137 1971 1264 2010; x_wconf 86' lang='lat' dir='ltr'><strong>deest:</strong></span> <span class='ocrx_word' id='word_1_295' title='bbox 1295 1970 1361 2008; x_wconf 90' lang='lat' dir='ltr'><strong>sed</strong></span> <span class='ocrx_word' id='word_1_296' title='bbox 1386 1973 1425 2008; x_wconf 89' lang='lat' dir='ltr'><strong>et</strong></span> <span class='ocrx_word' id='word_1_297' title='bbox 1447 1982 1575 2008; x_wconf 88' lang='lat' dir='ltr'><strong>sensus</strong></span> <span class='ocrx_word' id='word_1_298' title='bbox 1595 1970 1666 2007; x_wconf 90' lang='lat' dir='ltr'><strong>hoc</strong></span> 
     </span>
     <span class='ocr_line' id='line_1_34' title="bbox 194 2024 1664 2078; baseline -0.001 -14"><span class='ocrx_word' id='word_1_299' title='bbox 194 2025 420 2075; x_wconf 81' lang='lat' dir='ltr'><strong>suggerebat</strong></span> <span class='ocrx_word' id='word_1_300' title='bbox 437 2028 474 2063; x_wconf 89' lang='lat' dir='ltr'><strong>et</strong></span> <span class='ocrx_word' id='word_1_301' title='bbox 491 2024 605 2063; x_wconf 87' lang='lat' dir='ltr'><strong>habet</strong></span> <span class='ocrx_word' id='word_1_302' title='bbox 622 2025 803 2063; x_wconf 84' lang='lat' dir='ltr'><strong>Zonaras.</strong></span> <span class='ocrx_word' id='word_1_303' title='bbox 862 2026 932 2063; x_wconf 90' lang='lat' dir='ltr'><strong>hoc</strong></span> <span class='ocrx_word' id='word_1_304' title='bbox 951 2040 996 2064; x_wconf 87' lang='lat' dir='ltr'><strong>ex</strong></span> <span class='ocrx_word' id='word_1_305' title='bbox 1015 2026 1096 2064; x_wconf 89' lang='lat' dir='ltr'><strong>loco</strong></span> <span class='ocrx_word' id='word_1_306' title='bbox 1115 2031 1271 2078; x_wconf 77' lang='lat' dir='ltr'><strong>apparet</strong></span> <span class='ocrx_word' id='word_1_307' title='bbox 1290 2026 1436 2076; x_wconf 84' lang='lat' dir='ltr'><strong>regulos</strong></span> <span class='ocrx_word' id='word_1_308' title='bbox 1453 2026 1563 2073; x_wconf 63' lang='lat' dir='ltr'><strong>istm,</strong></span> <span class='ocrx_word' id='word_1_309' title='bbox 1597 2038 1664 2063; x_wconf 88' lang='lat' dir='ltr'><strong>seu</strong></span> 
     </span>
     <span class='ocr_line' id='line_1_35' title="bbox 191 2081 1665 2136; baseline -0.001 -16"><span class='ocrx_word' id='word_1_310' title='bbox 191 2082 384 2132; x_wconf 82' lang='lat' dir='ltr'><strong>regionum</strong></span> <span class='ocrx_word' id='word_1_311' title='bbox 416 2081 596 2120; x_wconf 88' lang='lat' dir='ltr'><strong>Romanis</strong></span> <span class='ocrx_word' id='word_1_312' title='bbox 627 2082 824 2120; x_wconf 86' lang='lat' dir='ltr'><strong>vicinarum</strong></span> <span class='ocrx_word' id='word_1_313' title='bbox 849 2082 1037 2131; x_wconf 84' lang='lat' dir='ltr'><strong>dominos,</strong></span> <span class='ocrx_word' id='word_1_314' title='bbox 1065 2085 1185 2121; x_wconf 85' lang='lat' dir='ltr'><strong>vocari</strong></span> <span class='ocrx_word' id='word_1_315' title='bbox 1209 2082 1461 2136; x_wconf 84' lang='lat' dir='ltr'><strong>curopalatas,</strong></span> <span class='ocrx_word' id='word_1_316' title='bbox 1489 2086 1528 2121; x_wconf 88' lang='lat' dir='ltr'><strong>et</strong></span> <span class='ocrx_word' id='word_1_317' title='bbox 1551 2094 1665 2134; x_wconf 86' lang='lat' dir='ltr'><strong>supra</strong></span> 
     </span>
     <span class='ocr_line' id='line_1_36' title="bbox 193 2138 1433 2191; baseline -0.001 -14"><span class='ocrx_word' id='word_1_318' title='bbox 193 2151 344 2190; x_wconf 88' lang='lat' dir='ltr'><strong>quoque</strong></span> <span class='ocrx_word' id='word_1_319' title='bbox 358 2139 456 2177; x_wconf 82' lang='lat' dir='ltr'><strong>faeta</strong></span> <span class='ocrx_word' id='word_1_320' title='bbox 473 2144 530 2176; x_wconf 88' lang='lat' dir='ltr'><strong>est</strong></span> <span class='ocrx_word' id='word_1_321' title='bbox 546 2138 676 2177; x_wconf 90' lang='lat' dir='ltr'><strong>alicubi</strong></span> <span class='ocrx_word' id='word_1_322' title='bbox 697 2138 839 2177; x_wconf 79' lang='lat' dir='ltr'><strong>iberiae</strong></span> <span class='ocrx_word' id='word_1_323' title='bbox 858 2139 1095 2191; x_wconf 87' lang='lat' dir='ltr'><strong>curopalatae</strong></span> <span class='ocrx_word' id='word_1_324' title='bbox 1114 2140 1264 2178; x_wconf 85' lang='lat' dir='ltr'><strong>mentio.</strong></span> <span class='ocrx_word' id='word_1_325' title='bbox 1322 2140 1433 2177; x_wconf 74' lang='lat' dir='ltr'><strong>XYL.</strong></span> 
     </span>
    </p>

    <p class='ocr_par' dir='ltr' id='par_1_9' title="bbox 189 2194 1664 2875">
     <span class='ocr_line' id='line_1_37' title="bbox 307 2194 1663 2247; baseline -0.002 -13"><span class='ocrx_word' id='word_1_326' title='bbox 307 2195 387 2234; x_wconf 81' lang='lat' dir='ltr'><strong>t.11</strong></span> <span class='ocrx_word' id='word_1_327' title='bbox 414 2208 455 2247; x_wconf 86' lang='grc' dir='ltr'><strong>Ρ.</strong></span> <span class='ocrx_word' id='word_1_328' title='bbox 472 2194 560 2237; x_wconf 84' lang='grc'><strong>448</strong></span> <span class='ocrx_word' id='word_1_329' title='bbox 577 2207 610 2232; x_wconf 89' lang='lat' dir='ltr'>v</span> <span class='ocrx_word' id='word_1_330' title='bbox 633 2197 697 2237; x_wconf 89' lang='lat'><strong>17.</strong></span> <span class='ocrx_word' id='word_1_331' title='bbox 755 2209 805 2232; x_wconf 87' lang='lat' dir='ltr'><strong>ne</strong></span> <span class='ocrx_word' id='word_1_332' title='bbox 824 2202 911 2246; x_wconf 82' lang='lat' dir='ltr'><strong>pot.</strong></span> <span class='ocrx_word' id='word_1_333' title='bbox 944 2195 1117 2246; x_wconf 73' lang='lat' dir='ltr'><strong>multipl.</strong></span> <span class='ocrx_word' id='word_1_334' title='bbox 1132 2197 1148 2247; x_wconf 96' lang='lat'>]</span> <span class='ocrx_word' id='word_1_335' title='bbox 1176 2196 1273 2235; x_wconf 83' lang='lat' dir='ltr'><strong>hunc</strong></span> <span class='ocrx_word' id='word_1_336' title='bbox 1292 2200 1384 2247; x_wconf 89' lang='lat' dir='ltr'><strong>puto</strong></span> <span class='ocrx_word' id='word_1_337' title='bbox 1406 2195 1530 2247; x_wconf 89' lang='lat' dir='ltr'><strong>potius</strong></span> <span class='ocrx_word' id='word_1_338' title='bbox 1552 2206 1663 2244; x_wconf 89' lang='lat' dir='ltr'><strong>quam</strong></span> 
     </span>
     <span class='ocr_line' id='line_1_38' title="bbox 193 2251 1664 2306; baseline -0.001 -16"><span class='ocrx_word' id='word_1_339' title='bbox 193 2252 271 2290; x_wconf 88' lang='lat' dir='ltr'><strong>scio</strong></span> <span class='ocrx_word' id='word_1_340' title='bbox 300 2264 447 2291; x_wconf 89' lang='lat' dir='ltr'><strong>sensum</strong></span> <span class='ocrx_word' id='word_1_341' title='bbox 475 2264 557 2290; x_wconf 87' lang='lat' dir='ltr'><strong>esse</strong></span> <span class='ocrx_word' id='word_1_342' title='bbox 584 2251 697 2302; x_wconf 83' lang='lat' dir='ltr'><strong>legis,</strong></span> <span class='ocrx_word' id='word_1_343' title='bbox 727 2265 799 2303; x_wconf 86' lang='lat' dir='ltr'><strong>qna</strong></span> <span class='ocrx_word' id='word_1_344' title='bbox 828 2252 1087 2304; x_wconf 86' lang='lat' dir='ltr'><strong>reprimeretur</strong></span> <span class='ocrx_word' id='word_1_345' title='bbox 1109 2253 1221 2291; x_wconf 82' lang='lat' dir='ltr'><strong>nimia</strong></span> <span class='ocrx_word' id='word_1_346' title='bbox 1239 2254 1460 2306; x_wconf 88' lang='lat' dir='ltr'><strong>privatorum</strong></span> <span class='ocrx_word' id='word_1_347' title='bbox 1480 2251 1664 2303; x_wconf 85' lang='lat' dir='ltr'><strong>potentia,</strong></span> 
     </span>
     <span class='ocr_line' id='line_1_39' title="bbox 190 2308 1663 2377; baseline -0.001 -30"><span class='ocrx_word' id='word_1_348' title='bbox 190 2308 354 2377; x_wconf 84' lang='lat' dir='ltr'><strong>publica</strong></span> <span class='ocrx_word' id='word_1_349' title='bbox 375 2321 524 2360; x_wconf 83' lang='lat' dir='ltr'><strong>quoque</strong></span> <span class='ocrx_word' id='word_1_350' title='bbox 559 2309 658 2346; x_wconf 89' lang='lat' dir='ltr'><strong>bona</strong></span> <span class='ocrx_word' id='word_1_351' title='bbox 686 2310 723 2347; x_wconf 92' lang='lat' dir='ltr'><strong>in</strong></span> <span class='ocrx_word' id='word_1_352' title='bbox 753 2322 855 2347; x_wconf 86' lang='lat' dir='ltr'><strong>suam</strong></span> <span class='ocrx_word' id='word_1_353' title='bbox 883 2322 959 2348; x_wconf 88' lang='lat' dir='ltr'><strong>rem</strong></span> <span class='ocrx_word' id='word_1_354' title='bbox 985 2310 1244 2359; x_wconf 84' lang='lat' dir='ltr'><strong>redigentium.</strong></span> <span class='ocrx_word' id='word_1_355' title='bbox 1303 2310 1403 2360; x_wconf 91' lang='lat' dir='ltr'><strong>quod</strong></span> <span class='ocrx_word' id='word_1_356' title='bbox 1430 2313 1522 2359; x_wconf 88' lang='lat' dir='ltr'><strong>puto</strong></span> <span class='ocrx_word' id='word_1_357' title='bbox 1551 2308 1663 2346; x_wconf 86' lang='lat' dir='ltr'><strong>suisse</strong></span> 
     </span>
     <span class='ocr_line' id='line_1_40' title="bbox 192 2360 1662 2418; baseline -0.003 -12"><span class='ocrx_word' id='word_1_358' title='bbox 192 2364 238 2406; x_wconf 73' lang='grc' dir='ltr'><strong>ἐν</strong></span> <span class='ocrx_word' id='word_1_359' title='bbox 271 2360 398 2417; x_wconf 78' lang='grc' dir='ltr'><strong>ὅμοὶδι</strong></span> <span class='ocrx_word' id='word_1_360' title='bbox 432 2364 590 2417; x_wconf 82' lang='grc' dir='ltr'><strong><em>χωρίων</em></strong></span> <span class='ocrx_word' id='word_1_361' title='bbox 622 2360 893 2414; x_wconf 76' lang='grc' dir='ltr'><strong><em>αυξάνεσθαι,</em></strong></span> <span class='ocrx_word' id='word_1_362' title='bbox 922 2366 995 2404; x_wconf 86' lang='lat' dir='ltr'><strong>alia</strong></span> <span class='ocrx_word' id='word_1_363' title='bbox 1025 2367 1182 2405; x_wconf 86' lang='lat' dir='ltr'><strong>subinde</strong></span> <span class='ocrx_word' id='word_1_364' title='bbox 1210 2366 1288 2404; x_wconf 85' lang='lat' dir='ltr'><strong>aliis</strong></span> <span class='ocrx_word' id='word_1_365' title='bbox 1314 2366 1468 2418; x_wconf 86' lang='lat' dir='ltr'><strong>praedia</strong></span> <span class='ocrx_word' id='word_1_366' title='bbox 1491 2365 1662 2403; x_wconf 84' lang='lat' dir='ltr'><strong>adiicere.</strong></span> 
     </span>
     <span class='ocr_line' id='line_1_41' title="bbox 192 2420 1662 2474; baseline -0.001 -14"><span class='ocrx_word' id='word_1_367' title='bbox 192 2422 295 2473; x_wconf 86' lang='lat' dir='ltr'><strong>quod</strong></span> <span class='ocrx_word' id='word_1_368' title='bbox 324 2427 364 2462; x_wconf 90' lang='lat' dir='ltr'><strong>et</strong></span> <span class='ocrx_word' id='word_1_369' title='bbox 386 2422 484 2460; x_wconf 85' lang='lat' dir='ltr'><strong>hunc</strong></span> <span class='ocrx_word' id='word_1_370' title='bbox 504 2421 702 2460; x_wconf 90' lang='lat' dir='ltr'><strong>Maleinum</strong></span> <span class='ocrx_word' id='word_1_371' title='bbox 727 2423 856 2461; x_wconf 78' lang='lat' dir='ltr'><strong>secisse</strong></span> <span class='ocrx_word' id='word_1_372' title='bbox 878 2423 1065 2469; x_wconf 85' lang='lat' dir='ltr'><strong>videmus,</strong></span> <span class='ocrx_word' id='word_1_373' title='bbox 1094 2427 1132 2461; x_wconf 90' lang='lat' dir='ltr'><strong>et</strong></span> <span class='ocrx_word' id='word_1_374' title='bbox 1155 2423 1191 2460; x_wconf 90' lang='lat' dir='ltr'><strong>in</strong></span> <span class='ocrx_word' id='word_1_375' title='bbox 1213 2422 1348 2460; x_wconf 83' lang='lat' dir='ltr'><strong>Basilio</strong></span> <span class='ocrx_word' id='word_1_376' title='bbox 1369 2422 1540 2474; x_wconf 85' lang='lat' dir='ltr'><strong>praeside</strong></span> <span class='ocrx_word' id='word_1_377' title='bbox 1563 2420 1662 2458; x_wconf 90' lang='lat' dir='ltr'><strong>Tzi-</strong></span> 
     </span>
     <span class='ocr_line' id='line_1_42' title="bbox 191 2478 1662 2530; baseline -0.002 -13"><span class='ocrx_word' id='word_1_378' title='bbox 191 2479 322 2518; x_wconf 85' lang='lat' dir='ltr'><strong>miscas</strong></span> <span class='ocrx_word' id='word_1_379' title='bbox 344 2478 440 2517; x_wconf 84' lang='lat' dir='ltr'><strong>malo</strong></span> <span class='ocrx_word' id='word_1_380' title='bbox 461 2491 527 2516; x_wconf 89' lang='lat' dir='ltr'><strong>suo</strong></span> <span class='ocrx_word' id='word_1_381' title='bbox 547 2483 754 2521; x_wconf 87' lang='lat' dir='ltr'><strong>notaverat.</strong></span> <span class='ocrx_word' id='word_1_382' title='bbox 811 2479 841 2517; x_wconf 87' lang='lat' dir='ltr'><strong>si</strong></span> <span class='ocrx_word' id='word_1_383' title='bbox 867 2480 948 2530; x_wconf 90' lang='lat' dir='ltr'><strong>quis</strong></span> <span class='ocrx_word' id='word_1_384' title='bbox 971 2480 1056 2530; x_wconf 89' lang='lat' dir='ltr'><strong>quid</strong></span> <span class='ocrx_word' id='word_1_385' title='bbox 1079 2480 1214 2518; x_wconf 82' lang='lat' dir='ltr'><strong>rectius</strong></span> <span class='ocrx_word' id='word_1_386' title='bbox 1232 2479 1383 2527; x_wconf 84' lang='lat' dir='ltr'><strong>afferet,</strong></span> <span class='ocrx_word' id='word_1_387' title='bbox 1410 2492 1486 2516; x_wconf 90' lang='lat' dir='ltr'><strong>non</strong></span> <span class='ocrx_word' id='word_1_388' title='bbox 1510 2478 1662 2516; x_wconf 80' lang='lat' dir='ltr'><strong>herbam</strong></span> 
     </span>
     <span class='ocr_line' id='line_1_43' title="bbox 193 2535 1661 2587; baseline -0.003 -13"><span class='ocrx_word' id='word_1_389' title='bbox 193 2536 229 2574; x_wconf 90' lang='lat' dir='ltr'><strong>ei</strong></span> <span class='ocrx_word' id='word_1_390' title='bbox 248 2536 316 2574; x_wconf 86' lang='lat' dir='ltr'><strong>sed</strong></span> <span class='ocrx_word' id='word_1_391' title='bbox 337 2548 508 2574; x_wconf 88' lang='lat' dir='ltr'><strong>coronam</strong></span> <span class='ocrx_word' id='word_1_392' title='bbox 532 2537 804 2587; x_wconf 83' lang='lat' dir='ltr'><strong>praebebimus,</strong></span> <span class='ocrx_word' id='word_1_393' title='bbox 822 2549 897 2575; x_wconf 86' lang='lat' dir='ltr'><strong>non</strong></span> <span class='ocrx_word' id='word_1_394' title='bbox 919 2540 961 2574; x_wconf 88' lang='lat' dir='ltr'><strong>ut</strong></span> <span class='ocrx_word' id='word_1_395' title='bbox 985 2536 1112 2575; x_wconf 88' lang='lat' dir='ltr'><strong>victori</strong></span> <span class='ocrx_word' id='word_1_396' title='bbox 1135 2537 1201 2575; x_wconf 86' lang='lat' dir='ltr'><strong>sed</strong></span> <span class='ocrx_word' id='word_1_397' title='bbox 1224 2541 1265 2574; x_wconf 90' lang='lat' dir='ltr'><strong>ut</strong></span> <span class='ocrx_word' id='word_1_398' title='bbox 1285 2537 1381 2575; x_wconf 90' lang='lat' dir='ltr'><strong>bene</strong></span> <span class='ocrx_word' id='word_1_399' title='bbox 1398 2537 1538 2575; x_wconf 82' lang='lat' dir='ltr'><strong>merito.</strong></span> <span class='ocrx_word' id='word_1_400' title='bbox 1568 2535 1661 2572; x_wconf 72' lang='lat' dir='ltr'><strong>Xn..</strong></span> 
     </span>
     <span class='ocr_line' id='line_1_44' title="bbox 191 2592 1660 2644; baseline -0.001 -15"><span class='ocrx_word' id='word_1_401' title='bbox 191 2592 290 2630; x_wconf 89' lang='lat' dir='ltr'><strong>bene</strong></span> <span class='ocrx_word' id='word_1_402' title='bbox 314 2592 509 2632; x_wconf 89' lang='lat' dir='ltr'><strong>meriturus</strong></span> <span class='ocrx_word' id='word_1_403' title='bbox 534 2593 582 2631; x_wconf 89' lang='lat' dir='ltr'><strong>de</strong></span> <span class='ocrx_word' id='word_1_404' title='bbox 607 2593 819 2643; x_wconf 83' lang='lat' dir='ltr'><strong>Xylandm,</strong></span> <span class='ocrx_word' id='word_1_405' title='bbox 848 2594 1007 2643; x_wconf 85' lang='lat' dir='ltr'><strong>gratiam</strong></span> <span class='ocrx_word' id='word_1_406' title='bbox 1034 2594 1215 2644; x_wconf 87' lang='lat' dir='ltr'><strong>siquidem</strong></span> <span class='ocrx_word' id='word_1_407' title='bbox 1236 2593 1425 2644; x_wconf 89' lang='lat' dir='ltr'><strong>pollicetur</strong></span> <span class='ocrx_word' id='word_1_408' title='bbox 1445 2593 1482 2630; x_wconf 90' lang='lat' dir='ltr'><strong>in</strong></span> <span class='ocrx_word' id='word_1_409' title='bbox 1504 2595 1660 2629; x_wconf 84' lang='lat' dir='ltr'><strong>annota-</strong></span> 
     </span>
     <span class='ocr_line' id='line_1_45' title="bbox 191 2649 1659 2703; baseline -0.001 -17"><span class='ocrx_word' id='word_1_410' title='bbox 191 2650 377 2698; x_wconf 89' lang='lat' dir='ltr'><strong>tionibus,</strong></span> <span class='ocrx_word' id='word_1_411' title='bbox 415 2649 483 2688; x_wconf 88' lang='lat' dir='ltr'><strong>hac</strong></span> <span class='ocrx_word' id='word_1_412' title='bbox 514 2649 596 2699; x_wconf 84' lang='lat' dir='ltr'><strong>lege</strong></span> <span class='ocrx_word' id='word_1_413' title='bbox 630 2651 711 2688; x_wconf 88' lang='lat' dir='ltr'><strong>dico</strong></span> <span class='ocrx_word' id='word_1_414' title='bbox 745 2651 908 2688; x_wconf 79' lang='lat' dir='ltr'><strong>sanxisse</strong></span> <span class='ocrx_word' id='word_1_415' title='bbox 938 2650 1208 2703; x_wconf 85' lang='lat' dir='ltr'><strong>imperatorem,</strong></span> <span class='ocrx_word' id='word_1_416' title='bbox 1248 2663 1324 2688; x_wconf 90' lang='lat' dir='ltr'><strong>non</strong></span> <span class='ocrx_word' id='word_1_417' title='bbox 1352 2653 1391 2687; x_wconf 87' lang='lat' dir='ltr'><strong>nt</strong></span> <span class='ocrx_word' id='word_1_418' title='bbox 1415 2649 1540 2687; x_wconf 85' lang='lat' dir='ltr'><strong>scribit</strong></span> <span class='ocrx_word' id='word_1_419' title='bbox 1566 2649 1659 2699; x_wconf 86' lang='lat' dir='ltr'><strong>ipse,</strong></span> 
     </span>
     <span class='ocr_line' id='line_1_46' title="bbox 189 2704 1661 2758; baseline -0.001 -16"><span class='ocrx_word' id='word_1_420' title='bbox 189 2706 445 2756; x_wconf 73' lang='lat' dir='ltr'><strong>privatorum</strong></span> <span class='ocrx_word' id='word_1_421' title='bbox 469 2707 648 2757; x_wconf 75' lang='lat' dir='ltr'><strong>potentia</strong></span> <span class='ocrx_word' id='word_1_422' title='bbox 670 2706 840 2757; x_wconf 78' lang='lat' dir='ltr'><strong>publica</strong></span> <span class='ocrx_word' id='word_1_423' title='bbox 871 2720 1050 2758; x_wconf 80' lang='lat' dir='ltr'><strong>quaeque</strong></span> <span class='ocrx_word' id='word_1_424' title='bbox 1084 2705 1186 2743; x_wconf 81' lang='lat' dir='ltr'><strong>bona</strong></span> <span class='ocrx_word' id='word_1_425' title='bbox 1220 2707 1265 2744; x_wconf 85' lang='lat' dir='ltr'><strong>in</strong></span> <span class='ocrx_word' id='word_1_426' title='bbox 1296 2719 1413 2744; x_wconf 73' lang='lat' dir='ltr'><strong>suam</strong></span> <span class='ocrx_word' id='word_1_427' title='bbox 1441 2719 1524 2742; x_wconf 88' lang='lat' dir='ltr'><strong>rem</strong></span> <span class='ocrx_word' id='word_1_428' title='bbox 1554 2704 1661 2742; x_wconf 81' lang='lat' dir='ltr'><strong>recli-</strong></span> 
     </span>
     <span class='ocr_line' id='line_1_47' title="bbox 190 2762 1662 2814; baseline 0.003 -16"><span class='ocrx_word' id='word_1_429' title='bbox 190 2769 322 2812; x_wconf 78' lang='lat' dir='ltr'><strong>geret,</strong></span> <span class='ocrx_word' id='word_1_430' title='bbox 350 2762 449 2799; x_wconf 73' lang='lat' dir='ltr'><strong>clam</strong></span> <span class='ocrx_word' id='word_1_431' title='bbox 468 2763 555 2800; x_wconf 78' lang='lat' dir='ltr'><strong>alia</strong></span> <span class='ocrx_word' id='word_1_432' title='bbox 579 2762 745 2801; x_wconf 78' lang='lat' dir='ltr'><strong>subinde</strong></span> <span class='ocrx_word' id='word_1_433' title='bbox 764 2763 858 2801; x_wconf 72' lang='lat' dir='ltr'><strong>aliis</strong></span> <span class='ocrx_word' id='word_1_434' title='bbox 875 2763 1046 2814; x_wconf 77' lang='lat' dir='ltr'><strong>praedia</strong></span> <span class='ocrx_word' id='word_1_435' title='bbox 1068 2763 1269 2801; x_wconf 74' lang='lat' dir='ltr'><strong>adiiceret.-</strong></span> <span class='ocrx_word' id='word_1_436' title='bbox 1304 2777 1429 2802; x_wconf 85' lang='lat' dir='ltr'><strong>verum</strong></span> <span class='ocrx_word' id='word_1_437' title='bbox 1455 2776 1503 2802; x_wconf 91' lang='lat' dir='ltr'><strong>ne</strong></span> <span class='ocrx_word' id='word_1_438' title='bbox 1528 2762 1662 2814; x_wconf 73' lang='lat' dir='ltr'><strong>publici</strong></span> 
     </span>
     <span class='ocr_line' id='line_1_48' title="bbox 194 2819 1663 2875; baseline -0.001 -17"><span class='ocrx_word' id='word_1_439' title='bbox 194 2820 458 2871; x_wconf 82' lang='lat' dir='ltr'><strong>magistratus,</strong></span> <span class='ocrx_word' id='word_1_440' title='bbox 500 2821 588 2860; x_wconf 89' lang='lat' dir='ltr'><strong>dum</strong></span> <span class='ocrx_word' id='word_1_441' title='bbox 625 2825 797 2872; x_wconf 83' lang='lat' dir='ltr'><strong>gererent</strong></span> <span class='ocrx_word' id='word_1_442' title='bbox 831 2821 1014 2872; x_wconf 79' lang='lat' dir='ltr'><strong>officium,</strong></span> <span class='ocrx_word' id='word_1_443' title='bbox 1054 2822 1280 2875; x_wconf 87' lang='lat' dir='ltr'><strong>privatorum</strong></span> <span class='ocrx_word' id='word_1_444' title='bbox 1306 2821 1406 2860; x_wconf 82' lang='lat' dir='ltr'><strong>bona</strong></span> <span class='ocrx_word' id='word_1_445' title='bbox 1434 2821 1545 2860; x_wconf 88' lang='lat' dir='ltr'><strong>etiam</strong></span> <span class='ocrx_word' id='word_1_446' title='bbox 1576 2819 1663 2858; x_wconf 85' lang='lat' dir='ltr'><strong>dato</strong></span> 
     </span>
    </p>
   </div>
  </div>
 </body>
</html>
