1916 3210
314 199 411 246 558
783 197 1019 243 saonen
1047 198 1289 245 canuam

312 311 554 370 ἐγχειρίσας,
589 309 750 370 ἄρχοντι
773 310 983 370 φθάσαντι
1005 317 1290 370 προβληθῆναι
1317 318 1390 369 τῆς
1408 313 1603 374 Ἰβηρίας,
1635 320 1754 360 πολε-

312 388 401 437 μεῖν
422 378 626 423 ἐπεσκόπει
646 384 703 438 τῷ
725 381 925 439 Κακικίῳ·
955 378 977 423 ὃ
997 381 1041 423 δὲ
1059 381 1248 425 ἀπελθών
1254 414 1268 435 ,
1295 382 1398 425 καθ’
1419 381 1616 435 ὅσονοῖόν
1630 384 1671 428 τ’
1693 379 1758 441 ἦν,

317 447 502 492 ἔσπευδεν
532 448 751 504 ἐκπληροῦν
775 448 827 491 τὰ
852 449 1188 506 προστεταγμένα.
1254 449 1350 508 ὅπερ
1371 451 1490 507 γνοὺς
1507 449 1530 495 ὃ
1553 453 1758 505 Κακίυιιος,

264 525 294 559 Β
318 518 385 560 καὶ
417 514 478 558 ὅτι
509 515 597 558 ἀντὶ
626 517 745 573 φίλου
777 518 845 559 καὶ
874 515 1090 572 συμμάχου
1113 517 1301 574 πολέμιος
1323 518 1521 575 κέκριται,
1554 519 1760 572 καὶιοέηίῑός

315 584 387 634 τὰς
408 584 532 626 αὐτοῦ
555 581 742 639 δυνάμεις
761 584 942 640 ἄγηοχὼς
960 586 1062 628 κατὰ
1083 586 1128 628 τὸ
1152 586 1352 644 ἐγχωροῦν
1376 587 1487 645 αὐτῷ
1509 586 1606 638 τοὺς
1627 584 1792 631 ἔωθε-5

316 669 391 702 τας
417 649 601 706 ἠμύνετο.
669 656 801 703 κακῶς
827 653 871 695 δὲ
897 654 1127 711 φερομένων
1154 658 1235 698 τῶν
1260 652 1504 712 πραγμάτων
1523 659 1581 714 τῷ
1600 654 1763 714 'Iuvit-27,
1807 678 1811 680 ἡ

317 719 512 774 πέμπεται
539 721 605 762 καὶ
634 717 655 763 ὃ
683 719 885 772 Νικόλαος
911 721 1106 779 πρόεδρος
1135 720 1156 765 ὅ
1182 723 1412 777 δομέστικος
1429 726 1509 766 τῶν
1529 725 1706 778 σχολῶν,
1740 720 1764 765 ὅ

318 792 390 832 τοῦ
412 787 609 842 βασιλέως
630 789 934 833 Κωνσταντίνου
955 788 1334 846 παρακοιμώμενος,
1366 791 1468 845 μετὰ
1492 792 1660 849 βαρείας
1676 807 1766 846 χει-

320 854 391 913 ρός
401 887 415 908 ,
451 854 552 899 ὥστε
578 861 636 915 τῷ
660 855 809 911 πλήθει
836 859 901 900 καὶ
920 862 970 916 τῇ
989 856 1154 913 δυνάμει
1173 860 1527 915 καταγωνίσασθαι
1546 858 1616 902 τὸν
1634 859 1766 902 Κακί-

320 941 420 967 κιον.
488 924 716 968 στέλλονται
743 926 788 968 δὲ
813 925 1033 983 γράμματα
1057 931 1130 970 τοῦ
1149 927 1346 981 βασιλέως
1365 927 1467 984 πρὸς
1476 924 1765 985 Ἀπλησφάρην
1777 935 1821 970 10

318 993 389 1035 τὸν
421 991 597 1048 ἄρχοντα
625 997 698 1037 τοῦ
729 995 874 1048 Τιβίου
895 997 963 1037 καὶ
985 998 1057 1049 τῆς
1075 997 1162 1052 περὶ
1183 995 1252 1038 τὸν
1268 994 1437 1052 Ἀράξην
1455 995 1637 1051 ποταμὸν
1651 997 1766 1053 Περ-

321 1062 560 1118 σαρμενίας,
593 1066 905 1120 παρακαλοῦντα
924 1067 1065 1106 τοῦτον
1084 1064 1187 1106 κατὰ
1206 1063 1251 1106 τὸ
1275 1063 1444 1106 δυνατὸν
1467 1065 1590 1121 δῃοῦν
1605 1060 1768 1118 τὴνμε-

268 1140 298 1175 c
321 1129 447 1186 γάλην
467 1130 674 1187 Ἀρμενίαν
696 1132 763 1173 καὶ
782 1130 855 1186 τὴν
874 1129 1133 1186 ὑποκειμένην
1150 1129 1288 1188 χώραν
1305 1136 1362 1191 τῷ
1384 1132 1578 1191 Κακικίῳ.
1644 1131 1768 1174 ἄπελ-

317 1197 409 1240 θών
442 1192 510 1240 οὗν
542 1195 562 1240 ὅ
594 1197 797 1249 Νικόλαος
825 1200 970 1251 ἐκεῖνος
984 1201 1058 1254 μὲν
1080 1199 1196 1256 ἔργου
1217 1200 1363 1253 εἴχετο,
1397 1200 1449 1242 τὰ
1479 1201 1522 1243 δὲ
1546 1197 1768 1257 γράμματα

318 1266 461 1319 πέμπει
478 1266 580 1322 πρὸς
597 1265 666 1308 τὸν
680 1266 969 1325 Ἀπλησφάρην
980 1299 992 1320 ,
1021 1266 1188 1325 γράψας
1204 1269 1272 1310 καὶ
1293 1267 1415 1318 αὐτὸς
1433 1269 1499 1310 καὶ
1516 1265 1768 1325 παροτρῦνας
1781 1274 1822 1309 15

318 1336 386 1376 καὶ
411 1331 556 1390 δώροις
576 1335 643 1376 καὶ
662 1332 920 1391 ὑποσχέσεσιν
941 1337 1128 1393 ἐρεθίσας
1149 1335 1330 1392 ἐνεργοὺς
1349 1336 1503 1378 θέσθαι
1521 1335 1596 1386 τὰς
1616 1333 1769 1389 βουλή-

319 1418 403 1451 σεις
432 1406 505 1444 τοῦ
530 1403 740 1456 βασιλέως.
808 1402 829 1445 ὃ
855 1405 899 1446 δὲ
918 1405 969 1446 τὰ
990 1403 1209 1461 γράμματα
1229 1402 1442 1458 δεξάμενος
1461 1403 1667 1459 ἀμείβεται
1683 1403 1771 1445 ἔπι-

322 1473 418 1524 τελῆ
438 1474 604 1524 ποιῆσαι
625 1470 677 1513 τὰ
697 1473 999 1526 κεκελευσμένα,
1035 1475 1069 1515 εἷ
1090 1471 1257 1528 γράμμα
1278 1473 1483 1528 πεμφθείη
1502 1469 1632 1529 τούτῳ
1650 1474 1771 1525 βασι-

323 1537 434 1580 λικὸν
458 1537 681 1595 ἀσφάλειαν
700 1539 875 1595 παρέχον
897 1540 1005 1598 αὐτῷ
1029 1538 1158 1582 πάντα
1179 1539 1278 1594 ἔχειν
1298 1540 1338 1582 ἓν
1358 1540 1512 1598 βεβαίῳ
1531 1541 1773 1588 δεσποτικῶς

271 1612 305 1648 D
327 1605 379 1649 τὰ
410 1604 586 1663 φρούρια
610 1608 676 1648 καὶ
695 1609 826 1664 χωρία
849 1606 998 1664 ὅσαπερ
1021 1605 1191 1662 ἲσχύσειε
1213 1605 1324 1665 νόμῳ
1344 1607 1518 1662 πολέμου
1540 1605 1771 1662 κτήσασθαι
1780 1615 1827 1650 20

327 1673 406 1716 ἀπὸ
436 1678 516 1717 τῶν
543 1674 814 1731 διαφερόντων
840 1680 898 1733 τῷ
927 1677 1120 1734 Κακικίῳ.
1188 1675 1348 1726 ἐδέξατο
1374 1674 1443 1718 τὸν
1470 1672 1588 1731 λόγον
1607 1672 1628 1716 ὅ
1650 1679 1773 1728 βασι-

326 1740 439 1794 λεύς,
473 1743 540 1784 καὶ
558 1742 876 1799 χρυσοβούλλοις
896 1740 1071 1800 γραφαῖς
1093 1744 1321 1798 ἔπιβεβαιοΐ
1339 1742 1415 1786 ὅσα
1443 1741 1464 1785 ὅ
1486 1739 1774 1800 Ἀπλησφάρης

326 1809 527 1868 ᾐτήσατο·
568 1813 636 1853 καὶ
673 1809 886 1866 δεξάμενος
921 1807 1037 1863 οὗτος
1076 1811 1122 1855 τὸ
1162 1809 1331 1869 γράμμα
1357 1810 1474 1870 ἔργον
1502 1808 1646 1867 ἥπτετο
1657 1841 1673 1864 ,
1706 1811 1774 1853 καὶ

419 1951 440 1986 1
464 1946 625 1995 ἄρχοντα
650 1948 822 1996 φήσαντα
846 1950 877 1986 C
1000 1951 1022 1987 5
1045 1947 1148 1999 αὐτῷ
1171 1963 1225 1987 om
1243 1951 1274 1987 C
1391 1950 1440 1988 23
1459 1947 1508 1986 τὰ
1526 1948 1723 1997 γράμματα
1742 1951 1773 1985 C

330 2075 405 2111 riae
430 2078 507 2110 erat
528 2074 740 2120 designatus,
763 2075 883 2121 tradit,
907 2075 1112 2121 mandatque
1135 2079 1175 2111 ut
1197 2074 1337 2111 Cacicio
1358 2074 1481 2110 bellum
1504 2074 1624 2112 faciat.
1671 2073 1775 2120 atque

328 2122 360 2156 is
395 2122 432 2155 in
464 2122 677 2167 provinciam
709 2122 885 2166 profectus
917 2123 1079 2156 mandata
1108 2121 1326 2168 imperatoris
1356 2132 1419 2167 pro
1442 2121 1538 2155 virili
1560 2120 1775 2166 exsequitur.

330 2167 492 2201 Cacicius
519 2179 558 2201 se
580 2179 644 2213 pro
671 2168 778 2201 amico
804 2172 840 2202 et
861 2167 956 2202 socio
982 2169 1208 2203 Romanorum
1232 2168 1363 2202 hostem
1392 2166 1579 2202 iudicatum
1610 2166 1776 2209 sentiens,

329 2213 409 2257 ipse
433 2213 535 2247 etiam
558 2214 630 2247 suis
655 2213 841 2247 contractis
865 2213 994 2259 copiis,
1032 2225 1071 2247 se
1094 2219 1258 2258 quantum
1281 2224 1338 2247 res
1361 2212 1522 2248 ferebant
1545 2212 1639 2247 tueri
1661 2211 1776 2246 inten-

331 2259 397 2293 dit.
445 2270 521 2293 cum
555 2265 668 2292 autem
701 2270 759 2294 res
785 2259 912 2293 Iasitae
935 2259 1021 2294 male
1043 2259 1285 2302 succederent,
1320 2258 1467 2292 mittitur
1488 2257 1591 2293 etiam
1611 2256 1779 2292 Nicolaus

330 2315 475 2350 praeses
506 2304 697 2338 scholarum
726 2305 954 2349 domesticus,
986 2304 1164 2339 accubitor
1192 2305 1363 2349 quondam
1388 2303 1606 2338 Constantini
1627 2303 1780 2357 impera-

332 2350 443 2393 toris,
478 2361 552 2384 cum
576 2350 699 2394 grandi
721 2351 897 2394 exercitu,
931 2355 971 2385 ut
992 2350 1049 2385 vel
1072 2350 1288 2385 multitudine
1319 2349 1573 2396 opprimeretur
1604 2347 1779 2383 Cacicius.

333 2396 440 2429 mittit
482 2395 584 2430 etiam
620 2395 740 2430 literas
776 2396 964 2442 imperator
1002 2397 1045 2431 ad
1075 2396 1339 2441 Aplespharium
1370 2395 1470 2429 Tibii
1501 2400 1537 2430 et
1568 2405 1657 2440 quae
1687 2393 1780 2427 circa

335 2441 473 2475 Araxen
495 2441 637 2476 fluvium
661 2447 715 2476 est
736 2441 997 2477 Persarmeniae
1018 2443 1241 2487 praefectum,
1265 2441 1489 2486 hortaturque
1504 2451 1580 2475 eum
1595 2443 1646 2483 ut,
1668 2450 1780 2484 quan-

335 2491 407 2521 tum
438 2487 566 2532 possit,
599 2499 754 2531 magnam
783 2487 977 2522 Armeniam
999 2492 1035 2522 et
1059 2487 1227 2521 dicionem
1250 2486 1383 2521 Cacicii
1413 2486 1568 2521 infestet.
1615 2484 1780 2519 Nicolaus

334 2533 396 2567 ubi
418 2531 455 2566 in
476 2533 690 2577 provinciam
711 2533 891 2578 pervenit,
922 2533 1039 2567 statim
1061 2545 1100 2567 se
1122 2533 1174 2567 rei
1198 2533 1371 2577 gerendae
1392 2532 1474 2576 dat,
1504 2532 1695 2575 literasque
1714 2531 1780 2564 im-

336 2578 510 2623 peratoris
542 2578 585 2611 ad
617 2578 877 2624 Aplespharium
899 2579 1023 2623 mittit,
1058 2579 1135 2625 ipse
1158 2590 1227 2612 una
1250 2578 1424 2623 scribens,
1460 2588 1605 2621 eumque
1626 2574 1725 2610 donis
1747 2579 1784 2610 et

336 2623 646 2668 pollicitationibus
669 2624 839 2669 instigans
862 2628 901 2658 ut
922 2625 1139 2669 imperatoris
1161 2623 1331 2659 voluntati
1350 2634 1477 2657 morem
1495 2627 1609 2667 gerat.
1654 2620 1783 2655 rescri-

338 2668 392 2702 bit
421 2670 451 2702 is
477 2680 518 2702 ea
540 2670 742 2704 condicione
765 2682 803 2704 se
825 2670 863 2704 id
885 2670 1073 2714 facturum,
1105 2670 1136 2704 si
1166 2669 1354 2715 imperator
1379 2667 1491 2703 literis
1522 2668 1566 2702 ad
1598 2678 1637 2701 se
1668 2665 1783 2700 missis

336 2713 535 2758 paciscatur
557 2726 596 2748 se
619 2715 688 2759 ipsi
711 2715 857 2750 omnium
881 2727 1106 2761 quaecunque
1127 2715 1204 2761 ipse
1229 2714 1368 2749 Cacicio
1391 2713 1476 2748 belli
1496 2714 1573 2748 iure
1598 2711 1784 2758 eripuisset

337 2759 467 2793 firmam
494 2762 747 2804 possessionem
777 2773 819 2795 ac
848 2761 1032 2795 dominium
1057 2762 1261 2796 concedere.
1308 2760 1396 2794 hano
1418 2759 1652 2794 condicionem
1674 2757 1783 2835 imp:-

337 2810 436 2838 rator
468 2806 650 2850 probavit,
686 2818 860 2852 aureaque
881 2807 975 2841 bulla
997 2807 1034 2841 id
1057 2806 1264 2852 postulatum
1286 2805 1506 2851 Aplespharii
1528 2809 1636 2839 ratum
1660 2813 1698 2837 se
1765 2821 1782 2828 -
1803 2845 1806 2847 Α

337 2849 422 2884 bere
443 2854 589 2885 testatus
613 2856 678 2887 est.
725 2863 794 2897 qua
821 2857 965 2898 accepta
987 2851 1234 2900 Aplespharius
1256 2851 1372 2887 statim
1392 2862 1465 2886 rem
1490 2850 1674 2896 aggressus
1698 2845 1785 2881 mul-
