1916 3210
254 220 255 223 ,
300 176 399 223 776
719 172 1016 218 XYLANDRI
1047 172 1121 216 ET
1156 171 1332 218 GOARI

299 281 614 354 ἑρμηνευόμενον
641 284 788 335 τεῖχος,
829 281 899 322 καὶ
925 281 1084 322 δίκαιον
1113 280 1395 335 ἐπικληθέντα,
1437 283 1676 362 w
1708 281 1754 326 ὃὸ

298 341 415 393 ὄντα,
441 339 541 390 ὅπερ
562 337 817 392 ἑρμηνεύεται
834 334 958 391 ἅγιος.
1014 338 1150 377 GoAu.

409 411 447 450 p.
469 396 552 438 373
575 410 608 434 v.
630 394 671 436 4.
728 394 802 432 sub
834 395 1083 446 Constantio]
1121 395 1297 434 audacter
1324 394 1600 436 Constantium
1608 397 1754 439 {dimi

297 468 364 507 pro
393 453 656 500 Constantino,
686 465 767 490 cum
797 456 836 490 et
863 451 1029 489 Zonaras
1059 464 1201 490 mecum
1231 452 1377 490 faciat
1367 465 1404 491 m
1428 453 1504 491 vitu
1528 452 1753 503 Constantii,

300 516 339 550 et
371 509 600 560 Nicephorns
629 481 683 548 1'0
710 510 759 556 2,
791 512 830 546 et
857 507 1107 549 Theodoritus
1134 507 1162 548 3
1191 507 1268 556 18,
1298 511 1338 547 et
1363 509 1610 560 fragmentum
1633 509 1755 550 nno-

300 567 377 605 thei
405 566 573 615 martyris
587 594 597 612 ‚
629 565 731 615 quod
751 563 877 602 Lucae
900 564 1090 613 evangelio
1108 564 1202 603 solet
1219 564 1373 615 praefigi
1385 593 1396 612 ,
1424 577 1634 616 quanquam
1650 565 1755 606 ineo

298 634 447 671 quoque
479 621 788 664 Κωνσταντίνου
817 633 884 672 pro
914 620 1195 660 Κωνσταντίου
1224 620 1354 660 vitiose
1382 620 1515 671 legitur
1537 625 1579 661 et
1599 621 1632 661 in
1658 621 1755 662 filins
1787 658 1790 661 ,

300 678 432 727 Magni
461 677 683 729 perhibetur.
739 689 826 716 nam
854 676 1115 715 Constantinus
1142 676 1273 726 Magni
1296 676 1392 716 filius
1417 678 1649 719 celerinum
1667 679 1759 718 nb·

299 735 396 772 latus
422 746 531 783 quam
556 738 595 772 ut
616 734 730 784 ipsius
753 733 906 784 imperio
928 733 1066 783 aliquid
1088 734 1218 771 horum
1239 733 1320 772 fieri
1338 734 1510 785 potuerit.
1567 735 1636 774 ned
1656 738 1696 775 et
1717 735 1759 774 in

298 789 500 841 sophronii
524 791 696 841 scriptum
722 794 779 828 est
802 790 850 827 de
874 788 923 827 D.
943 789 1044 828 Luca
1061 790 1290 839 fragmento,
1317 802 1414 828 anno
1443 791 1673 831 Constantini
1698 791 1757 830 vi·-

301 847 440 897 gesimo
469 846 640 897 reliquias
669 847 745 886 eius
775 844 919 897 Cpolim
951 858 1032 884 esse
1060 845 1209 894 allatas3
1242 846 1343 897 quod
1368 848 1587 888 mendosum
1605 860 1758 902 pronus

301 908 359 942 est
384 906 421 941 et
443 903 480 940 in
503 903 652 941 nomine
677 907 715 942 et
737 903 775 940 in
795 914 907 942 anno.
962 901 1070 943 Xn..

412 971 451 1010 p·
469 958 552 1000 378
573 972 607 997 v.
623 960 665 999 7.
722 957 912 1009 Flavias]
945 954 1119 1011 Βάλβιος
1143 959 1201 997 vel
1224 952 1381 1010 Βάλβος
1403 958 1567 1008 Balbus,
1591 932 1649 1000 vel
1667 959 1759 1000 13¹1:-

300 1015 379 1053 vius
411 1011 584 1068 Βλοῖβιος
610 1016 808 1066 legendum
839 1015 1045 1057 videbatur.
1101 1015 1169 1053 sed
1197 1028 1281 1054 cum
1310 1014 1354 1054 Ρ.
1381 1015 1540 1055 Cornelii
1563 1015 1687 1056 Taciti
1709 1016 1757 1055 li-

299 1072 406 1110 brum
426 1070 478 1112 15
498 1071 736 1119 consulerem,
762 1071 884 1110 inveni
901 1071 1065 1110 Flavium
1081 1075 1219 1110 rectum
1238 1083 1330 1111 esse.
1386 1071 1511 1110 Subrii
1527 1073 1625 1112 enim
1637 1072 1757 1113 Flavii

301 1128 438 1166 tribuni
467 1133 526 1167 est
554 1129 647 1167 illud
675 1129 809 1167 dictum
838 1127 887 1165 ibi
915 1126 1086 1174 relatum·,
1115 1131 1155 1167 et
1178 1128 1327 1178 quidem
1351 1128 1511 1169 eundem
1531 1129 1699 1169 nominat
1718 1129 1759 1168 in

300 1183 372 1222 hac
402 1185 484 1235 ipsa
517 1185 667 1223 historia
699 1183 904 1235 Xiphilinus
936 1196 981 1222 ex
1012 1183 1154 1233 Dione,
1180 1184 1417 1236 stipatoribus
1438 1185 1641 1235 praefuisse
1658 1185 1764 1236 indi.-

301 1252 400 1278 canS.
456 1242 568 1291 quod
587 1245 709 1280 autem
737 1241 974 1278 Cincinnatus
1008 1240 1142 1279 dieitur
1169 1241 1220 1278 ad
1246 1253 1324 1280 rem
1351 1241 1533 1309 publicam
1557 1241 1759 1293 gerendam

300 1296 350 1334 ab
384 1300 509 1335 aratro
539 1300 689 1337 vocatus
724 1296 879 1337 Nerone
906 1297 1110 1349 imperante
1124 1324 1138 1345 ,
1181 1300 1237 1336 est
1270 1309 1432 1336 summae
1466 1291 1758 1352 ἆνιστορησίας.

298 1352 404 1392 Χιτι.

414 1422 455 1461 p.
472 1406 557 1449 384
576 1421 613 1448 v.
632 1409 670 1450 5.
726 1414 893 1446 matrem
917 1414 1034 1446 vocat
1055 1407 1155 1458 eius]
1184 1409 1222 1447 in
1244 1408 1409 1458 margine
1429 1406 1615 1450 ἐντεῦθεν
1633 1405 1760 1451 δυνα-

303 1476 371 1504 σαι
400 1467 547 1517 νοῆσαι
573 1467 706 1514 καλαῖς
724 1463 794 1506 καὶ
812 1462 855 1505 τὰ
876 1461 1094 1534 τροπᾶριον
1111 1462 1156 1505 τὸ
1176 1462 1292 1518 λέγον
1314 1461 1381 1504 “63
1409 1462 1441 1517 ἦ
1465 1460 1761 1534 ἆκανθηφόρος

299 1518 495 1589 Ἑβραίων
515 1517 740 1575 συναγωγή,
773 1536 820 1562 ου
845 1519 1014 1573 στοργην
1038 1517 1241 1575 εὐεργέτου
1263 1516 1367 1574 πρός
1387 1532 1429 1561 σε
1448 1518 1661 1577 φυλάξασα
1680 1537 1759 1575 μη·-

302 1574 457 1630 τρικήν.
459 1573 481 1590 ”
536 1578 585 1617 de
604 1579 772 1630 tropariis
793 1578 890 1615 infra
912 1579 1068 1617 dicetur.
1125 1578 1224 1616 locus
1245 1577 1307 1628 qui
1327 1590 1402 1615 non
1425 1578 1540 1617 multo
1562 1582 1647 1630 post
1669 1579 1762 1618 cita-

302 1638 362 1671 tur
385 1646 428 1672 ex
451 1633 591 1672 Thren
612 1631 662 1682 4,
690 1635 743 1672 ibi
763 1637 802 1672 et
821 1634 920 1684 apud
939 1633 1137 1672 Eusebium
1156 1634 1327 1671 Iustinum
1347 1633 1512 1684 aliosque
1529 1634 1636 1674 aliter
1650 1636 1761 1688 paulo

301 1689 457 1740 legitur:
488 1691 556 1728 sed
575 1692 739 1728 insistere
758 1690 842 1728 huic
860 1691 1099 1741 disputationi
1116 1702 1191 1727 non
1208 1689 1328 1727 libuit.
1383 1690 1487 1731 Χῑι..

418 1759 455 1797 Ρ.
472 1743 555 1787 429
580 1759 614 1784 v.
638 1746 701 1787 16
760 1743 921 1798 ἄριστον
954 1744 1182 1796 πολιτείαν]
1225 1757 1381 1796 aequam
1409 1746 1550 1798 imperii
1575 1744 1694 1798 legem
1723 1750 1764 1786 et

303 1802 517 1841 laudatam·
507 1815 544 1839 ιιι
562 1803 849 1841 administranda
869 1815 909 1840 re
925 1802 1067 1855 publica
1086 1802 1299 1852 solertiam,
1321 1802 1441 1854 potius
1467 1815 1577 1853 quam
1600 1804 1762 1856 privatos

302 1871 445 1906 mores,
472 1858 558 1896 hic
549 1859 701 1910 inspice.
762 1858 898 1896 GoAii.

417 1913 472 1952 ib.
499 1927 534 1952 v.
553 1916 620 1955 22
680 1909 842 1961 εἰκότως
870 1934 927 1944 -
954 1910 1245 1965 κομισάμενος]
1274 1913 1325 1952 ad
1353 1914 1524 1952 verbum.
1546 1915 1763 1964 promerita

298 1970 388 2008 Yam
411 1971 507 2008 olim
531 1971 693 2009 innatae
715 1969 793 2008 sibi
804 1970 1031 2022 ferocitatis
1043 1971 1230 2020 praemia
1253 1971 1480 2020 reportavit.
1543 1971 1680 2013 GOAR.

417 2041 455 2079 p.
417 2024 558 2079 p431
583 2040 616 2066 v.
639 2028 679 2069 5.
735 2041 796 2064 me
825 2041 905 2065 non
933 2025 1154 2078 interimes]
1182 2039 1309 2066 versus
1342 2030 1399 2065 est
1429 2027 1477 2065 de
1505 2026 1609 2065 initio
1638 2011 1764 2066 Iliadis

304 2084 524 2123 Homericae
542 2083 623 2122 libri
642 2082 733 2132 22,
748 2096 822 2134 quo
844 2084 974 2135 Apollo
996 2082 1170 2121 Achillem
1188 2094 1211 2121 a
1230 2096 1272 2121 se
1287 2083 1517 2132 insequendo
1538 2083 1764 2122 dehortatur.

307 2142 357 2179 de
382 2139 575 2191 Apollonio
593 2145 713 2179 exstat
730 2142 861 2178 iustum
880 2140 1087 2179 Philostrati
1106 2152 1216 2191 opuS,
1246 2143 1285 2177 et
1304 2138 1394 2177 haee
1411 2139 1535 2177 fabula
1553 2143 1610 2178 est
1627 2140 1666 2177 in
1686 2139 1711 2178 l.
1725 2140 1765 2180 8.

305 2197 503 2236 Damidem
533 2209 704 2248 quoque,
748 2209 823 2235 non
853 2196 1072 2236 Damantem
1098 2195 1174 2247 legi
1203 2195 1340 2234 debere
1363 2196 1451 2233 satis
1480 2207 1525 2234 ex
1550 2208 1620 2245 eo,
1647 2195 1767 2234 Suida

306 2253 459 2304 aliisque
484 2257 641 2292 constat.
697 2253 799 2293 Xn.

417 2322 455 2361 Ρ.
475 2306 557 2349 434
578 2322 615 2347 v.
635 2310 701 2352 17.
757 2306 803 2351 τὰ
828 2307 997 2350 πέταλον
1026 2303 1292 2360 πεφορηκως]
1350 2310 1464 2357 atque
1492 2307 1544 2345 sic
1573 2289 1687 2346 etiam
1710 2306 1767 2346 le-

309 2366 407 2415 gitur
437 2365 535 2416 apud
567 2365 793 2416 Eusebium,
836 2366 935 2405 unde
968 2365 1058 2404 haec
1089 2364 1301 2403 Cedrennm
1335 2363 1581 2415 descripsisse
1597 2367 1766 2414 apparet.

311 2422 399 2471 quid
415 2426 538 2459 autem
557 2422 605 2459 sit
621 2421 791 2462 πέταλον
810 2420 947 2474 φέρειν
958 2450 970 2469 ,
997 2421 1163 2459 nondum
1180 2420 1269 2458 satis
1290 2419 1384 2467 scio,
1415 2420 1486 2457 nisi
1503 2419 1605 2469 quod
1621 2418 1766 2457 laneum

309 2477 443 2528 pileum
472 2477 617 2527 insigne
643 2479 804 2516 doctoris
830 2479 944 2517 fuisse
963 2491 1007 2517 ex
1026 2478 1164 2516 Suidae
1185 2475 1415 2515 collectaneis
1438 2480 1630 2525 utcmque
1645 2475 1767 2527 suspi-

310 2545 394 2580 cor,
431 2533 495 2583 qui
523 2533 669 2573 honoris
699 2539 737 2573 et
766 2535 992 2573 auctoritatis
1019 2546 1130 2578 causa
1157 2546 1181 2571 a
1210 2532 1381 2582 primario
1410 2531 1583 2571 ecclesiae
1615 2531 1768 2570 doctore

310 2592 535 2638 gestaretur,
564 2590 689 2640 quales
711 2590 795 2628 olim
816 2592 1003 2628 flaminum
1024 2590 1158 2642 apices,
1186 2589 1293 2628 ΧΠ..
1347 2591 1387 2626 ut
1405 2588 1613 2633 doctorem,
1638 2587 1768 2625 docto-

310 2647 359 2683 ris
381 2657 528 2695 quoque
551 2651 719 2684 ornatum
741 2647 964 2696 insignibus,
1002 2659 1046 2685 ac
1076 2644 1246 2685 πέταλον
1273 2644 1434 2681 laneum
1449 2642 1605 2694 pileum
1617 2643 1767 2693 flami-

311 2713 408 2737 nam
431 2713 531 2739 more
551 2707 738 2750 gestasse,
770 2704 909 2741 censuit
929 2702 1128 2753 Xylande'r.
1186 2703 1238 2740 sic
1257 2714 1403 2738 aarum
1424 2700 1524 2738 lana
1541 2702 1765 2751 compensat,

311 2762 350 2794 et
369 2762 495 2794 sancto
514 2758 642 2807 spiritu
659 2759 823 2796 afflatum
845 2760 1052 2809 apostolum
1075 2762 1112 2796 et
1129 2757 1559 2808 praecipuumvecclesiae
1578 2756 1766 2794 doctorem
1825 2769 1828 2771 “

312 2813 522 2850 flaminum
539 2813 676 2853 honore
694 2816 819 2853 donat.
877 2820 916 2853 at
939 2828 1013 2852 non
1036 2815 1156 2866 potius
1180 2815 1319 2864 antiqui
1338 2813 1533 2852 sacerdotii
1553 2812 1766 2862 ‹ligniatem
