1916 3210
344 188 439 234 538
683 214 685 219 ι
815 187 1048 231 GEORGn
1065 165 1312 232 ‘GEDRENI

341 298 496 358 κτόρων
523 297 593 342 τὸν
622 293 807 353 Μιχαῆλ.
876 296 898 340 ὅ
928 297 972 342 δὲ
1002 298 1103 356 πρὸς
1128 300 1202 355 τὴν
1230 299 1352 358 ὀργὴν
1380 304 1453 344 τοῦ
1483 305 1584 346 λαοῦ
1613 305 1681 348 καὶ
1707 303 1782 361 τὴν

342 369 491 423 κίνησιν
519 363 823 418 ἀποδειλιάσας,
857 365 982 418 εὐθὺς
1006 367 1246 419 ἀποστείλας
1276 367 1397 425 ἤγαγε
1423 369 1496 425 τὴν
1522 372 1704 428 Ζωὴνέν
1723 376 1782 431 τῷ

340 435 520 491 παλατίῳ
527 465 542 486 ,
568 435 635 476 καὶ
655 431 862 484 ἀποδύσας
877 434 1002 491 αὐτὴν
1017 434 1068 478 τά
1085 435 1282 491 μοναχικὰ
1299 438 1548 494 μετημφίασε
1561 443 1781 492 βασιλικοῖς

341 500 623 560 περιβλήμασι.
668 498 884 559 προκύψας
903 498 974 545 οὖν
993 502 1072 546 ἀπὸ
1087 505 1162 547 τοῦ
1176 505 1218 547 ἓν
1232 508 1290 564 τῷ
1308 504 1559 565 ἱπποδρομίαι
1573 494 1781 563 καθίσμα-

290 578 321 613 C
344 587 432 622 τος,
467 571 533 612 καὶ
561 571 838 626 δημηγορῆσαι
861 572 1069 629 πειραθεὶς
1096 571 1197 628 πρὸς
1222 571 1292 615 τὸν
1316 572 1412 615 λαὸν
1434 571 1496 616 ὅτι
1515 590 1558 618 τε
1577 572 1812 630 ἧβασιλὶςῦ

340 637 453 692 ’ἤχθη
480 638 548 680 καὶ
575 636 636 680 ὅτι
662 635 794 681 πάντα
819 642 952 690 καλῶς
971 638 1048 693 ἔχει
1067 640 1202 690 αὗτοῖς
1220 640 1272 683 τὰ
1290 640 1394 683 κατὰ
1414 639 1584 694 σκοπόν,
1618 642 1666 685 οὗ
1684 658 1782 686 συν-
1819 693 1822 696 ,

341 704 551 762 εχωρήθη,
583 705 728 761 ὕβρεσί
747 723 791 749 τε
818 706 1071 762 πανταχόθεν
1096 706 1339 763 πλυνόμενος
1360 710 1427 751 καὶ
1448 709 1582 760 λίθοις
1597 707 1782 764 κάτωθεν

340 775 407 816 καὶ
435 772 564 824 τόξοις
587 771 847 828 βαλλόμενος.
913 777 981 818 καὶ
1006 775 1144 819 λοιπὸν
1167 774 1364 832 ἀπογνοὺς
1384 773 1539 832 ἐγνώκει
1559 779 1616 828 εἰς
1635 777 1686 821 τὰ
1702 794 1782 832 μο-

340 840 553 897 ναστήριον
583 841 772 884 ἀπελθεῖν
800 845 880 886 τῶν
900 845 1095 887 Στουὸίου
1118 845 1186 887 καὶ
1207 844 1512 900 ἀποκείρασθαι.
1577 844 1674 888 ἀλλ’
1707 844 1782 888 οὔκ

340 909 492 966 ἀφῆκεν
517 908 637 952 αὐτὸν
659 908 680 953 ὅ
705 910 938 964 δομὲστικος
960 915 1038 954 τῶν
1062 915 1237 967 σχολῶν,
1272 911 1392 955 εἰπὼν
1419 911 1478 967 μὴ
1502 910 1608 956 οὕτω
1633 911 1836 974 ῥᾳδίωςίθ

340 981 567 1020 καταλιπεῖν
584 977 657 1032 τὴν
674 977 801 1035 ἀρχὴν
821 980 887 1021 καὶ
906 977 1166 1037 ὖποχωρῆσαι
1176 1011 1190 1032 ,
1225 980 1327 1023 ἀλλὰ
1346 982 1532 1036 γενναίως
1551 981 1782 1037 ἀντιστῆναι

341 1047 407 1087 καὶ
427 1044 455 1100 ἢ
475 1044 631 1096 πάντως
648 1043 910 1103 ὖπερισχῢσαι
929 1046 954 1102 ἢ
971 1047 1264 1104 μεγαλοψύχως
1282 1050 1348 1091 καὶ
1362 1051 1580 1102 βασιλικῶς
1602 1046 1658 1100 ὥς
1681 1049 1780 1107 πρέ-

338 1130 413 1155 πον
446 1114 552 1156 {cxiv
582 1113 800 1157 ἀποθανεῖν
824 1115 1007 1169 βασιλέα.
1072 1114 1220 1171 ταύτης
1240 1116 1286 1159 δὲ
1304 1121 1376 1171 τῆς
1390 1113 1779 1174 γνώμηςὲπικρατη-

340 1179 469 1236 σάσης
478 1213 492 1232 ,
527 1181 620 1232 τοὺς
640 1182 680 1224 ἓν
699 1187 756 1241 τῷ
778 1185 958 1241 παλατίῳ
980 1180 1131 1235 πάντας
1151 1184 1206 1234 ὡς
1224 1181 1246 1228 ὃ
1265 1184 1407 1242 καιρὸς
1426 1185 1558 1227 ἐδίδου
1578 1186 1779 1228 καθοπλί-

289 1254 321 1290 D
345 1267 420 1299 σας
438 1248 559 1300 αὐτός
564 1281 578 1302 ,
607 1251 673 1292 καὶ
692 1248 713 1293 ὅ
732 1252 1018 1306 νωβελίσσιμος
1034 1253 1078 1294 δὲ
1095 1250 1225 1295 πάντα
1242 1251 1312 1295 τὸν
1330 1250 1475 1295 ἑαυτοῦ
1492 1251 1590 1295 λαὸν
1607 1252 1686 1296 ἀπὸ
1706 1256 1779 1295 τοῦ
1789 1257 1834 1294 15

338 1319 441 1360 ’ἰδίου
474 1317 584 1360 οἴκου
612 1318 976 1374 μεταπεμψάμενος
1000 1319 1162 1363 ἔνοπλον
1195 1318 1334 1375 (ἔτυχε
1356 1321 1401 1364 δὲ
1421 1321 1464 1362 ἐκ
1487 1322 1668 1371 Σικελίας
1687 1319 1781 1378 ἄρτι

337 1385 470 1428 ἐλθών
498 1387 565 1428 καὶ
594 1384 615 1428 ὃ
646 1387 868 1444 στρατηγὸς
887 1388 1139 1431 Κατακαλὼν
1157 1386 1178 1430 ὃ
1197 1389 1468 1443 Κεκαυμένος,
1500 1388 1553 1431 τὰ
1573 1389 1615 1431 ἔκ
1633 1386 1781 1444 Μεσή-

335 1471 408 1508 νης
430 1453 635 1510 εὐαγγέλια
652 1455 848 1511 κομίσας)
877 1458 1061 1511 γενναίως
1077 1448 1271 1510 ἀντείχετο
1290 1462 1370 1499 τῶν
1385 1455 1643 1514 πραγμάτων.
1708 1460 1783 1500 τοῦ

337 1522 381 1563 δὲ
402 1519 534 1576 δήμου
551 1527 667 1579 τριχῇ
689 1523 980 1580 διαιρεθέντος,
1017 1525 1084 1565 καὶ
1101 1524 1248 1581 μέρους
1261 1524 1335 1580 μὲν
1353 1525 1394 1567 ἓν
1413 1528 1470 1582 τῷ
1489 1524 1638 1583 innam?
1653 1541 1781 1581 προσ·

333 1587 551 1643 βαλόντος,
585 1588 719 1647 ἑτέρου
754 1591 797 1633 δὲ
824 1590 927 1634 κατὰ
947 1591 997 1634 τὰ
1020 1590 1252 1647 ἐξκούβιτα,
1283 1596 1356 1635 τοῦ
1378 1593 1422 1635 δὲ
1444 1596 1582 1634 λοιποῦ
1605 1592 1709 1635 κατὰ
1728 1592 1834 1635 τὸ20

336 1655 659 1714 τζυκανιστήριον
669 1689 684 1710 ,
712 1660 778 1701 καὶ
806 1659 844 1701 οἷ
867 1660 956 1716 περὶ
977 1659 1046 1702 τὸν
1062 1660 1232 1713 βασιλέα
1253 1661 1309 1710 εἷς
1326 1661 1417 1717 τρία
1434 1660 1506 1714 τὴν
1523 1658 1676 1703 ἑαυτῶν
1695 1662 1778 1703 διε-

334 1723 469 1777 λόντες
488 1724 658 1781 δύναμιν
674 1725 871 1783 ἠμύνοντο
889 1732 1102 1786 κραταιῶς.
1168 1729 1235 1771 καὶ
1253 1729 1399 1785 γίνεται
1417 1726 1541 1786 φόνος
1557 1728 1683 1778 πολὺς
1698 1732 1779 1772 τῶν

423 1857 449 1892 2
472 1851 730 1897 ἀποδειλιάσας
752 1869 806 1892 om
826 1856 858 1891 C
996 1854 1214 1897 ἀποστείλας
1235 1854 1352 1898 εὐθὺς
1371 1857 1401 1892 C
1544 1857 1568 1893 ’1
1589 1854 1781 1892 πάντοθεν

423 1901 647 1948 βαλλόμενος
669 1903 698 1937 C
792 1904 836 1937 10
858 1901 934 1936 τῶν
959 1903 1095 1947 σχολῶν
1115 1915 1169 1938 om
1194 1904 1224 1939 C
1316 1903 1359 1940 15
1382 1901 1423 1940 δὲ
1445 1914 1498 1939 om
1517 1902 1548 1938 C
1639 1904 1683 1940 19
1704 1915 1779 1948 τρι-

424 1948 497 1992 χῶς
520 1948 550 1983 C
683 1950 728 1984 21
751 1948 1071 1994 τζουκανιστήριον
1095 1950 1125 1984 C

333 2061 403 2096 lum
426 2060 507 2096 inde
530 2059 660 2107 pellere
683 2059 841 2106 aggressi
862 2064 953 2096 sunt.
999 2061 1057 2097 hic
1082 2061 1221 2097 fremitu
1244 2061 1363 2109 populi
1385 2066 1422 2097 et
1443 2065 1535 2097 motu
1584 2061 1779 2107 erterritus,

333 2107 428 2141 illico
457 2107 551 2141 misit
582 2106 641 2151 qui
672 2107 769 2141 Zoen
799 2106 836 2141 in
866 2106 1030 2152 palatium
1053 2108 1278 2153 adducerent,
1314 2108 1415 2153 eique
1446 2119 1565 2143 monac
1590 2119 1631 2142 ae
1657 2107 1779 2143 habitu

332 2155 472 2198 dempto
503 2153 743 2198 imperatorias
773 2158 889 2187 vestes
913 2154 1038 2189 induit.
1083 2160 1153 2188 tum
1187 2165 1209 2188 a
1240 2153 1403 2188 cathedra
1425 2165 1514 2199 quae
1536 2153 1573 2187 in
1596 2153 1700 2188 Circo
1721 2157 1778 2188 est

331 2198 570 2245 prospiciens,
603 2204 814 2244 conatusque
836 2200 880 2233 ad
903 2199 1062 2244 populum
1093 2199 1188 2245 loqui
1212 2206 1247 2234 et
1268 2199 1465 2244 significare
1488 2199 1586 2233 Zoen
1606 2199 1675 2233 iam
1700 2210 1779 2234 esse

331 2244 525 2278 restitutam
550 2250 586 2278 et
608 2256 646 2278 se
668 2245 819 2289 ipsorum
842 2245 1024 2290 postulatis
1048 2256 1286 2289 assensurum,
1321 2257 1389 2279 non
1412 2245 1584 2289 obtinuit,
1621 2244 1778 2279 omnibus

331 2290 369 2323 in
403 2290 513 2334 ipsum
546 2289 703 2324 convicia
731 2290 932 2336 lapidesque
962 2291 1064 2325 etiam
1089 2290 1133 2325 de
1157 2291 1317 2325 inferiori
1338 2291 1414 2325 loco
1439 2295 1475 2325 et
1495 2290 1642 2335 sagittas
1664 2289 1778 2324 conii-

329 2336 515 2370 cientibus.
563 2335 680 2381 itaque
710 2348 749 2371 re
779 2338 966 2381 desperata
991 2337 1113 2371 statuit
1133 2336 1172 2370 in
1194 2336 1395 2370 Studianum
1416 2336 1657 2370 monasterium
1679 2334 1777 2370 abire

330 2387 367 2415 et
398 2381 447 2415 ibi
477 2382 660 2415 monachus
685 2382 774 2416 fieri.
819 2382 882 2416 sed
905 2382 1094 2416 scholarum
1118 2382 1322 2417 domesticus
1346 2382 1382 2417 id
1404 2393 1473 2416 non
1497 2381 1672 2426 permisit,
1707 2391 1777 2415 non

326 2427 378 2461 ita
403 2427 505 2461 facile
530 2427 647 2461 dicens
671 2439 747 2462 esse
772 2427 916 2473 irnperio
940 2427 1191 2472 decedendum,
1226 2428 1289 2461 sed
1322 2433 1382 2463 aut
1410 2427 1550 2462 fortiter
1570 2427 1777 2462 vincendum

327 2473 365 2506 in
390 2485 431 2506 eo
455 2473 694 2517 defendendo,
736 2480 796 2508 aut
827 2485 949 2517 magno
981 2474 1092 2508 animo
1115 2479 1152 2508 et.
1175 2478 1214 2508 ut
1235 2474 1445 2518 imperatore
1475 2473 1614 2516 dignum
1637 2477 1691 2507 est
1713 2483 1774 2506 oc-

329 2519 564 2552 cumbendum.
613 2530 702 2563 quae
736 2519 910 2554 sententia
945 2531 1019 2553 cum
1049 2526 1176 2562 staret,
1211 2530 1327 2553 omnes
1359 2519 1418 2572 qui
1450 2523 1551 2552 erant
1579 2517 1616 2552 in
1645 2517 1773 2563 palatio

328 2563 406 2609 ipse
430 2569 592 2608 quantum
615 2564 688 2598 eius
712 2569 846 2610 tempus
869 2565 1005 2599 ferebat
1027 2564 1194 2609 armavit,
1229 2569 1264 2599 et
1298 2563 1529 2599 nob11issimus
1554 2574 1669 2597 omnes
1692 2573 1774 2597 suos

329 2615 479 2643 armatos
502 2610 600 2643 domo
625 2610 796 2645 avocavit.
845 2616 881 2645 et
906 2616 1051 2645 venerat
1081 2611 1173 2645 forte
1197 2616 1265 2644 tum
1289 2621 1398 2656 nuper
1421 2622 1443 2644 e
1464 2608 1586 2644 Sicilia
1608 2608 1774 2643 Catacalo

331 2654 536 2699 Ambustus,
570 2655 622 2689 rei
645 2656 689 2689 ad
711 2656 904 2690 Messenam
926 2656 1076 2690 feliciter
1098 2661 1218 2701 gestae
1239 2656 1391 2689 nuntium
1413 2655 1576 2689 afferens.
1621 2654 1688 2688 hoc
1708 2653 1773 2688 im-

331 2705 472 2777 Perator
493 2701 603 2735 fretus
627 2702 798 2746 praesidio
821 2702 960 2736 fortiter
986 2713 1056 2736 rem
1080 2713 1204 2746 gerere
1225 2700 1385 2735 intendit.
1430 2711 1503 2735 cum
1527 2704 1640 2734 autem
1654 2709 1773 2745 >popu-

347 2756 386 2778 us
410 2745 446 2778 in
469 2751 539 2780 tres
564 2752 679 2790 partes
703 2747 834 2782 divisus
858 2753 971 2791 esset,
995 2759 1138 2792 quorum
1162 2759 1241 2792 pars
1263 2759 1283 2781 e
1307 2747 1409 2787 Circo
1432 2746 1636 2790 ingruebat,
1667 2744 1774 2779 altera

332 2790 378 2823 ad
407 2790 599 2835 Excubita‚
636 2792 742 2827 tertia
773 2792 815 2826 ad
846 2793 1165 2838 szcanisterium,
1200 2791 1412 2837 imperatorii
1438 2802 1576 2836 quoque
1597 2789 1773 2835 tripartito

333 2834 402 2869 vim
425 2835 687 2882 distribuerunt,
711 2837 877 2884 multique
899 2839 1025 2874 civium
1049 2838 1154 2873 occisi
1177 2843 1268 2883 sunt,
1292 2842 1412 2883 utpote
1433 2836 1494 2882 qui
1516 2835 1598 2871 nudi
1621 2841 1658 2871 et
1677 2835 1772 2869 iner-
