1916 3210
709 191 1156 237 ANNOTATIONES.
1208 256 1210 259 r
1505 260 1508 264 ,
1566 191 1666 239 867

267 313 269 318 ⁴
308 301 384 342 1·ss
405 303 658 354 p.391v.22.
710 301 1016 354 paludamento]
1047 299 1229 356 ἕφεστρίς
1244 301 1301 342 hic
1319 302 1478 354 ponitur,
1508 304 1611 354 quod
1629 308 1666 342 et

195 371 310 413 snpra
324 373 394 412 pro
413 359 580 411 stragula
596 363 715 410 veste,
735 372 809 411 qua
827 372 943 411 equus
959 359 1198 410 integeretur‚
1221 360 1382 411 positum
1400 360 1555 399 videtur.
1588 373 1664 411 ego

196 429 274 456 non
305 415 455 455 multam
483 416 745 468 proprietatem
773 417 924 455 istarum
957 428 1087 455 vocum
1119 417 1219 468 apud
1243 416 1341 455 hunc
1362 417 1573 470 scriptorem
1597 418 1666 456 de-

194 473 398 527 prehendi,
424 473 551 524 itaque
571 474 665 512 verti
686 473 834 512 liberius
858 472 958 512 talia.
1015 485 1126 524 porro
1149 473 1285 512 circum
1309 473 1399 511 haec
1421 473 1502 512 loca
1523 473 1665 525 aliquo·

196 531 268 569 ties
288 542 358 581 per
373 529 611 568 Occidentem
631 529 757 581 Cpolis
780 534 820 569 et
837 542 931 580 quae
952 529 987 568 ei
1006 529 1043 566 in
1061 529 1212 581 Europa
1231 529 1352 573 adhuc
1369 530 1569 579 suberant,
1597 543 1665 583 pet

195 585 388 626 Orientem
419 585 576 625 Asianae
601 586 812 638 provinciae
840 589 927 624 sunt
954 584 1238 636 intelligendae,
1275 598 1323 625 ne
1353 587 1436 636 quis
1470 588 1663 639 imperitus

193 642 336 682 Italiam
351 642 414 680 -hic
430 639 598 682 somniet.
638 644 740 694 quod
756 646 880 682 autem
899 641 1101 682 Theodora
1118 642 1301 681 Zimiscae
1318 655 1422 690 uxor,
1450 657 1473 682 a
1490 644 1664 683 Cedreno

193 698 271 738 filia
299 699 532 738 Constantini
560 698 699 738 Leonis
727 699 790 738 filii
815 703 853 740 et
875 711 987 737 soror-
1000 699 1158 738 Romani
1182 699 1283 738 tertii
1308 712 1331 737 a
1356 704 1485 738 nostro
1516 700 1664 749 dicitur,

193 756 294 796 idem
317 759 375 796 est
394 756 473 795 fere
496 757 599 808 apud
621 755 821 798 Zonaram.
877 755 1074 795 Panvinius
1106 756 1196 796 alios
1225 756 1375 808 (puto)
1404 760 1571 796 auctores
1601 771 1664 796 se-

194 815 322 862 cutus,
362 811 474 851 filiam
500 813 660 852 Romani
686 815 712 855 3
744 825 790 852 ex
822 811 1102 864 Theophauone
1133 813 1331 853 Anastasia
1360 814 1469 864 facit,
1499 827 1663 853 sororem

193 868 332 910 scilicet
348 868 476 922 Basilii
494 874 532 908 et
547 869 780 908 Constantini
803 869 869 910 10.
926 869 1020 909 er..

305 925 393 965 t.11
419 939 458 979 p.
483 925 568 969 395
597 939 633 965 v.
662 926 733 966 23.
789 926 995 996 dissipatis
1024 926 1096 978 qui
1122 924 1202 977 ibi]
1231 924 1401 965 librarius
1432 927 1471 965 in
1498 928 1664 977 margine

191 982 285 1023 haec
309 982 524 1053 adscripsit.
541 977 749 1053 ir{Joczafuiss‘ou
781 982 889 1035 εἴπερ
917 977 993 1024 otiu
1005 979 1074 1048 ἦν
1100 979 1188 1025 τότε
1214 987 1299 1031 τοῖς
1319 979 1539 1036 βαρβάροις
1559 979 1662 1037 δόρυ

192 1035 406 1094 στιβαρόν,
431 1033 489 1080 δι’
508 1054 556 1080 ου
577 1035 645 1080 τὸν
663 1041 846 1079 τοιοῦτον
866 1037 918 1079 ἂν
938 1034 1144 1080 ἐκώλυσαν
1162 1041 1234 1092 τῆς
1254 1035 1501 1090 οἷναβοῖσεως.
1559 1042 1663 1091 quod

189 1097 338 1136 videtur
355 1110 401 1136 eo
419 1096 628 1148 pertinere,
658 1097 745 1147 quia
763 1109 853 1135 sane
871 1098 1009 1135 dilutae
1029 1102 1114 1135 sunt
1130 1097 1199 1136 hae
1216 1098 1464 1144 narrationes;
1497 1101 1534 1136 et
1554 1102 1636 1135 tant
1639 1110 1662 1136 a

189 1154 353 1193 facinora
377 1153 587 1204 diligentius
610 1166 678 1205 per
702 1153 990 1192 circumstantias
1013 1154 1251 1193 describenda
1276 1158 1378 1204 sunt,
1411 1166 1458 1192 ne
1484 1154 1662 1204 figmenta

189 1210 316 1264 potius
339 1211 535 1249 videantur
565 1214 604 1249 et
632 1210 807 1261 ineptiae.
864 1222 949 1248 nam
976 1210 1064 1261 quin
1090 1223 1202 1262 saepe
1233 1212 1337 1248 unius
1361 1211 1516 1249 hominis
1544 1212 1660 1248 virtus

189 1271 320 1306 contra
350 1266 484 1306 multos
513 1267 637 1306 hostes
669 1267 843 1305 subsistat
871 1279 916 1305 ac
945 1267 1089 1313 vincat,
1119 1280 1194 1305 non
1220 1271 1275 1306 est
1304 1267 1453 1305 dubium
1485 1267 1661 1306 historica

189 1324 278 1364 fide.
335 1324 403 1363 sed
431 1336 540 1362 unum
571 1323 730 1374 aliquem
758 1336 803 1362 eo
832 1324 943 1362 modo
969 1336 1044 1374 quo
1070 1323 1127 1362 hic
1154 1324 1323 1362 scribitur
1343 1324 1380 1362 in
1404 1337 1543 1362 murum
1568 1337 1660 1362 eva-

189 1381 302 1430 dere,
330 1381 452 1420 multis
481 1381 641 1432 desuper
671 1381 820 1419 armatis
846 1379 1011 1418 hostibus
1033 1380 1264 1429 videntibus,
1293 1381 1439 1419 videtur
1460 1383 1542 1420 τῶν
1563 1376 1658 1420 ἄδυ-

188 1433 336 1479 νᾶτων.
391 1437 587 1477 verisimile
610 1441 667 1486 est
688 1438 789 1488 quod
808 1436 993 1475 Zonaram
1011 1437 1164 1476 innuere
1180 1442 1357 1489 apparet,
1390 1451 1473 1476 eum
1492 1437 1572 1476 loco
1592 1438 1660 1475 ali-

188 1507 264 1546 quo
290 1494 544 1534 defensoribus
569 1506 684 1533 vacuo
708 1507 849 1532 murum
872 1494 1054 1544 tenuisse,
1083 1495 1245 1544 itemque
1263 1493 1372 1540 ali0s3
1403 1494 1491 1532 inde
1511 1495 1548 1532 in
1570 1507 1658 1545 pro-

186 1555 416 1604 pugnatores
442 1551 539 1590 facto
567 1551 729 1603 impetu,
757 1551 800 1589 iis
828 1551 1056 1602 profligatis,
1088 1550 1239 1601 reliquis
1265 1551 1516 1589 adscendendi
1544 1552 1658 1589 facul-

187 1611 303 1647 tatem
332 1619 495 1659 parasse.
551 1620 627 1646 non
651 1606 763 1646 multo
785 1607 1014 1646 artificiosior
1035 1610 1093 1646 est
1114 1607 1210 1645 infra
1234 1607 1272 1644 in
1298 1607 1434 1645 Basilio
1459 1607 1507 1646 de
1532 1607 1658 1646 Ibatza

187 1668 382 1704 excaecato
411 1665 596 1713 narratio,
623 1664 686 1703 ubi
713 1664 808 1702 tanti
835 1664 1008 1703 facinoris
1034 1667 1161 1702 auctor
1181 1663 1295 1701 hostis
1315 1664 1436 1716 potuit
1454 1662 1656 1702 multitudi-

147 1739 163 1754 ν
186 1733 271 1761 nem
295 1720 463 1760 hostilem
486 1725 662 1760 armatam
688 1724 726 1760 et
753 1722 969 1761 frementem
994 1733 1124 1759 manus
1152 1724 1253 1758 motu
1275 1721 1407 1760 sedare
1429 1724 1469 1760 et
1488 1722 1656 1760 oratione

186 1777 426 1830 demitigare,
453 1790 550 1830 quae
577 1791 626 1818 ue
654 1778 909 1829 magistratum
929 1777 1080 1831 quidem
1102 1778 1216 1818 semel
1237 1778 1421 1817 concitata
1442 1778 1571 1817 audire
1592 1791 1656 1816 so-

183 1833 250 1875 let.
305 1834 402 1876 Xn..

299 1894 328 1930 t.
345 1891 381 1929 Π
406 1904 446 1943 Ρ.
462 1891 546 1933 397
567 1902 602 1931 v,
619 1889 688 1931 16.
745 1891 818 1943 τῆς
838 1887 953 1944 ἁγίας
974 1885 1249 1940 ἀναστάσεως]
1281 1902 1376 1941 quae
1398 1902 1471 1931 vox
1493 1903 1568 1929 non
1595 1891 1653 1929 iu-

185 1950 294 2000 tegra
321 1951 378 1987 est
406 1948 563 2016 scripta,
589 1950 681 1985 nota
701 1950 824 1986 tamen
843 1948 872 1985 S
892 1948 1056 1986 ostendit
1075 1960 1150 1985 non
1171 1941 1433 1996 αναστασίας,
1462 1961 1537 1986 nou
1559 1944 1655 1987 α’να-

187 2004 374 2055 mactant,
403 2005 470 2044 sed
498 1999 751 2052 ἀναστάσεως
775 2004 849 2053 legi
878 2005 1029 2045 debere.
1084 2005 1210 2055 itaque
1238 2004 1361 2055 accepi
1395 2005 1443 2043 de
1469 2004 1608 2042 Christi
1631 2017 1655 2043 a

185 2063 340 2103 mortuis
366 2062 656 2109 resurrectione,
685 2074 729 2100 eo
754 2061 892 2099 facilius
919 2061 1021 2111 quod
1040 2061 1150 2112 paulo
1171 2063 1258 2111 post
1278 2061 1392 2098 festus
1414 2059 1462 2099 D.
1485 2060 1654 2110 Georgio

186 2120 267 2160 dies
291 2122 618 2166 commemoratur,
645 2118 709 2168 qui
737 2117 815 2156 fere
843 2129 918 2155 uon
948 2116 1098 2156 multum
1125 2117 1256 2155 abesse
1278 2121 1365 2168 post
1385 2116 1525 2167 pascha
1545 2117 1654 2157 solet.

185 2177 236 2216 de
260 2174 432 2215 Anastasi
459 2180 498 2215 et
524 2175 719 2214 Anastasia
744 2178 874 2213 noster
896 2186 1007 2226 supra
1034 2173 1176 2214 alicubi.
1220 2172 1316 2212 Xu.
1390 2168 1653 2222 Ἀναστασίας

183 2232 362 2286 templum
390 2227 645 2279 ἀναστάσεως
671 2244 819 2283 quoque
846 2229 1019 2269 miraculo
1051 2231 1185 2268 famam
1213 2231 1372 2282 accepit:
1401 2229 1487 2269 hinc
1509 2231 1651 2282 promi—

184 2302 274 2329 scua
298 2291 396 2329 vocis
424 2290 615 2340 utriusque
637 2288 846 2340 usurpatio:
874 2287 932 2325 hic
954 2300 1022 2339 pro
1041 2286 1178 2325 Christi
1195 2287 1462 2326 resurrectione
1482 2287 1648 2328 sumitur.

183 2347 268 2387 vide
286 2350 472 2386 auctorem
489 2347 527 2385 in
544 2346 800 2384 Valentiniano
819 2345 959 2383 iuniore
977 2357 1014 2395 p.
1035 2341 1131 2385 315.
1189 2343 1315 2381 Goan.

294 2407 323 2443 t.
341 2403 374 2442 11
402 2417 440 2455 p.
460 2403 544 2445 402
566 2415 600 2441 v.
618 2404 685 2444 22.
745 2398 964 2450 Μονόξυλα
984 2400 1110 2439 lintres
1133 2404 1241 2448 sunt,
1270 2412 1342 2439 uno
1365 2400 1566 2452 pinguioris
1589 2413 1649 2440 ar-

133 2443 139 2458 ¹
183 2460 281 2499 boris
305 2464 434 2499 trunco
459 2460 640 2507 excavati,
669 2459 720 2497 ita
744 2460 843 2498 leves
865 2462 905 2496 ut
924 2458 1032 2496 etiam
1054 2456 1212 2496 humeris
1234 2457 1511 2497 transferantur.
1556 2457 1650 2509 περὶ

182 2519 265 2557 ταῖν
285 2512 366 2558 eino
385 2519 457 2569 τῆς
478 2514 636 2564 Ῥωσίας
659 2514 880 2568 ἐρχομένων
899 2513 990 2562 ‘Pais-
1015 2510 1112 2567 μετὰ
1131 2515 1212 2553 τῶν
1231 2509 1466 2567 μονοξύλων
1485 2512 1530 2556 ἒν
1550 2517 1646 2554 ΚΠ.

183 2574 448 2614 Constantinus
467 2574 515 2613 de
533 2573 640 2612 Adm.
662 2573 751 2625 ἰιιιΡ.
773 2586 806 2611 c.
827 2571 853 2611 9
875 2571 1020 2610 diffuse.
1077 2570 1207 2609 GOAR.

295 2635 322 2670 t.
340 2631 396 2670 ll·
401 2644 440 2683 Ρ.
458 2630 540 2673 405
559 2643 593 2668 v.
612 2632 678 2671 22.
737 2626 761 2670 ὅ
788 2643 870 2668 των
893 2642 1055 2697 κρητων
1083 2629 1157 2667 τοῦ
1183 2625 1407 2680 βασιλείου]
1435 2630 1498 2665 aut
1522 2626 1647 2665 Basilii

183 2699 389 2739 cognomen
418 2692 476 2726 est
501 2687 693 2739 Curupas,
724 2690 762 2725 et
783 2698 853 2724 vox
878 2680 1017 2738 ἅμηροῒ
1037 2685 1191 2731 omissa,
1221 2687 1285 2722 aut
1316 2684 1515 2735 βασίλειος
1544 2696 1646 2722 ame-

182 2757 261 2783 ram
290 2745 455 2786 denotat.
509 2746 611 2810 prius
636 2756 761 2782 verum
787 2747 893 2795 puto.
948 2746 986 2781 et
1007 2745 1138 2793 postea
1161 2735 1300 2793 οἷμηροῖ
1320 2742 1368 2779 de
1386 2741 1517 2780 eodem
1536 2741 1644 2778 addi-

182 2804 263 2851 tur,
291 2801 438 2841 nomiue
460 2801 729 2841 omisso.Xr1..
786 2799 927 2838 omissis
946 2798 1125 2849 Xylandri
1145 2798 1356 2837 coniecturis
1380 2801 1419 2835 et
1441 2798 1646 2862 corruptio-

182 2858 289 2898 nibus
318 2858 412 2898 haec
441 2858 554 2899 verba
573 2859 625 2898 sic
644 2858 884 2910 interpretor:
914 2854 1023 2894 hunc
1043 2868 1132 2894 cum
1153 2854 1315 2894 videsset
1331 2854 1514 2892 Anemas
1531 2867 1645 2905 reg-za
