1890 3236
468 191 867 237 HISTORIARUM
906 189 1300 236 COMPENDIUM.
1522 189 1622 237 369

144 305 240 354 ,τινὰ
269 303 530 365 διατάγματα
562 306 731 351 διετίθει
757 310 894 351 πᾶσαν
920 305 1033 350 maso
1061 297 1250 363 ἀνάγκης
1263 302 1620 364 ὕπερεκπίπτοντα,

29 371 31 374 ’
89 414 95 420 .
146 374 191 422 ἃ
207 375 316 423 κατὰ
342 377 468 435 μέρος
489 377 676 428 διεξιέναι
694 373 977 433 μεγαληγόρου
996 377 1124 419 δεῖται
1146 377 1214 418 καὶ
1233 375 1382 433 φρενὸς
1402 377 1470 418 καὶ
1489 373 1621 432 γλώτ-

135 460 238 503 της.
303 443 531 491 ἐσπούδασε
558 445 603 489 δὲ
632 447 701 488 καὶ
730 443 856 501 νόμον
883 449 1019 488 θεῖναι
1038 444 1135 496 τοὺς
1155 445 1197 488 ἓν
1219 445 1409 500 πολέμοις
1427 443 1616 500 ἅποθνή-
1638 446 1670 481 D

149 520 323 567 σκοντας
348 512 601 572 στρατιώτας
626 517 888 571 μαρτυρικῶν
917 514 1138 564 ἀξιοῦσθαι
1165 517 1318 571 γερῶν,
1352 514 1395 557 ἓν
1421 511 1535 572 μόνῳ
1561 517 1622 573 τῷ

111 584 314 644 simum?
341 583 556 639 τιθέμενος
580 585 649 627 καὶ
670 583 744 626 οὔκ
761 583 804 626 ἓν
824 581 937 642 ἄλλῳ
958 584 1034 626 τινὶ
1057 582 1132 637 τὴν
1150 587 1224 638 τῆς
1241 587 1382 638 ψυχῆς
1402 584 1622 640 σωτηρίαν.

149 651 363 710 κατήπειγε
392 653 438 697 δὲ
461 654 529 696 καὶ
549 651 622 696 τὸν
644 649 898 709 πατριάρχην
918 652 987 694 καὶ
1007 651 1103 702 τοὺς
1125 650 1369 703 ἐπισκόπους
1387 652 1622 695 συνθέσθαι

147 726 210 781 τῷ
239 719 436 779 δόγματι·
477 718 584 765 ἄλλά
611 738 717 772 τινες
742 718 898 764 τούτων
927 721 1117 777 γενναίως
1144 719 1401 771 ἀντιστάντες
1427 720 1621 778 ἀπεῖρξαν

148 790 276 835 αῧτὸν
299 794 375 835 τοῦ
400 794 581 843 σκοποῦ,
611 789 834 848 προθέντες
865 791 922 840 εἷς
947 790 1071 843 μέσον
1096 788 1167 832 τὸν
1191 793 1267 833 τοῦ·
1289 788 1467 846 μεγάλου
1488 793 1622 833 Βασι-

149 861 258 907 λείου
277 856 453 912 κανόνα,
479 859 551 902 ’ἐπὶ
571 859 747 916 τριετίαν
768 856 1060 915 ἀκοινωνήτους
1082 856 1180 901 εἶναι
1198 859 1365 916 λέγοντα
1384 858 1481 910 τούς
1501 859 1622 903 πολέ-

92 936 245 985 1ομιον
266 926 310 972 ἕν
333 939 411 972 τινι
432 927 597 987 πολέμῳ
624 925 892 985 ἀνῃρηκότας.
959 926 1167 984 ἠλάττωσε
1197 928 1242 970 δὲ
1266 929 1334 972 καὶ
1356 927 1403 971 τὸ
1426 926 1622 984 νόμισμα,

145 997 196 1041 τὸ
220 995 434 1055 λεγόμενον
458 996 705 1054 τεταρτηρὸν
733 994 959 1052 ἐπινοήσας.
1029 998 1176 1040 διπλοῦ
1201 997 1247 1040 δὲ
1273 1001 1346 1040 τοῦ
1369 998 1619 1052 νομίσματος
1641 1003 1671 1038 Ρ
1695 1004 1765 1040 659

147 1065 282 1110 ἔκτοτε
307 1062 540 1123 γεγονότος,
574 1063 601 1122 ἡ
619 1066 694 1121 μέν
713 1065 918 1122 εἶ’σπραξις
935 1069 1018 1108 τῶν
1038 1066 1245 1121 δημοσίων
1263 1063 1405 1124 φόρων
1422 1066 1468 1110 τὸ
1486 1065 1621 1124 βαρύ-

143 1151 263 1194 τερον
285 1132 451 1192 ἀπῄτει,
481 1135 523 1178 ἓν
555 1135 600 1178 δὲ
629 1141 719 1185 ταῖς
746 1133 901 1186 ἐξόδοις
920 1135 966 1177 τὸ
990 1135 1138 1192 μικρὸν
1158 1135 1424 1193 ἐσκορπίζετο.
1491 1135 1621 1191 νόμου

146 1205 194 1248 δὲ
224 1205 292 1248 καὶ
325 1198 452 1255 ἔθους
488 1202 615 1247 ὄντων
652 1203 804 1255 παντὸς
836 1208 1083 1261 χαρακτῆρα
1116 1205 1345 1258 βασιλέως,
1392 1206 1429 1248 εἲ
1467 1205 1527 1260 μὴ
1561 1210 1622 1264 τῷ

88 1277 328 1332 15σταθμῷ
363 1273 594 1326 ἔλαττοΐτο,
641 1271 814 1327 δύναμιν
850 1272 952 1328 ἔχειν
989 1271 1197 1328 ἲσότιμον,
1242 1271 1264 1316 ὃ
1300 1274 1346 1317 δὲ
1373 1273 1445 1316 τὸν
1473 1272 1623 1317 ἑαυτοῦ

145 1343 440 1400 προκεκρίσθαι
469 1342 764 1397 ἐνομοθέτησεν
777 1373 791 1394 ,
836 1339 1096 1396 ὗποβιβάσας
1124 1341 1220 1392 τοὺς
1247 1346 1330 1385 τῶν
1362 1341 1511 1386 ἄλλων.
1578 1344 1622 1395 ἐξ

0 1408 2 1412 ’
68 1447 71 1450 .
145 1405 197 1467 ἧς
226 1412 357 1463 αἰτίας
386 1410 434 1455 οὗ
459 1416 617 1469 μικρῶς
636 1410 786 1466 ἴθλιψε
804 1411 851 1454 τὸ
871 1409 1052 1465 ὑπήκοον
1075 1411 1118 1454 ἐν
1138 1416 1224 1459 τοῖς
1245 1411 1473 1468 λεγομένοις
1495 1411 1625 1455 ἀλλα-

145 1481 262 1538 γίοις.
328 1481 399 1523 καὶ
427 1480 476 1523 τὸ
506 1481 559 1535 δὴ
580 1480 809 1538 χείριστον,
844 1480 889 1523 ἐκ
918 1484 992 1535 τῆς
1024 1477 1216 1535 τοιαύτης
1246 1481 1379 1531 αἰτίας
1402 1484 1477 1523 τοῦ
1505 1485 1625 1523 πολι-

145 1547 346 1606 τεύματος
373 1549 607 1604 πιεζομένου
641 1549 834 1604 οὐδεμίαν
869 1549 1077 1604 εὐθηνίαν.
1095 1548 1282 1601 ἐδέξαντο
1314 1548 1367 1592 τὰ
1401 1547 1624 1593 ὠνοῦιιενα.

78 1618 269 1670 ,mul-lov
287 1618 332 1662 δὲ
348 1622 430 1662 τῶν
452 1617 587 1662 ἄλλων
607 1618 744 1673 ἠνίασε
767 1618 864 1678 τοὺς
885 1616 1155 1675 ἀνθρώπους,
1193 1619 1337 1677 καίπερ
1372 1619 1464 1662 λίαν
1494 1617 1623 1663 ὄντων

143 1684 466 1743 χαλεπωτάτων,
498 1684 526 1744 ἦ
557 1690 633 1731 τοῦ
660 1688 818 1742 τείχους
844 1689 972 1739 κτίσις
992 1691 1074 1731 τῶν
1094 1688 1317 1731 παλατίων.
1385 1688 1519 1731 πολλὰ
1538 1689 1620 1747 γὰρ

146 1755 247 1816 ἔργα
272 1755 409 1818 κύκλῳ
437 1755 536 1802 ὅντα
560 1760 635 1802 τοῦ
662 1757 885 1810 παλατιόυ,
931 1759 988 1809 εἷς
1020 1753 1170 1808 κάλλος
1195 1758 1264 1800 καὶ
1286 1755 1462 1814 μέγεθος
1490 1758 1619 1816 ἓξειρ-
1640 1763 1671 1799 Β

239 1913 260 1949 1
286 1909 404 1955 ἐτίθει
427 1911 459 1948 C
585 1911 629 1948 13
653 1909 842 1959 ἓσκόρπιζε
866 1911 898 1947 C
1022 1910 1067 1948 14
1088 1910 1214 1949 πάντα
1235 1911 1267 1948 Ρ
1389 1912 1434 1950 15
1458 1910 1620 1958 δύναμιν

237 1958 424 2005 εἰσφέρειν
444 1957 508 1996 καὶ
531 1956 624 2005 ἔχειν
646 1959 676 1995 Ρ
817 1959 861 1995 19
884 1956 1038 2004 ἐδέξατο
1059 1959 1091 1995 C
1383 1963 1386 1966 '

142 2101 226 2136 sunt
247 2102 286 2136 et
305 2098 398 2136 aliae
418 2099 494 2136 eins
514 2100 800 2147 constitutiones,
828 2113 961 2137 omnem
981 2100 1205 2137 necessitatis
1226 2100 1371 2135 formam
1391 2100 1617 2144 excedentes,

143 2158 232 2194 quas
264 2145 466 2192 singulatim
485 2148 634 2182 -referre
667 2149 784 2193 magni
816 2148 864 2183 sit
895 2148 1030 2194 ingenii
1054 2160 1096 2183 ac
1120 2147 1319 2184 facundiae.
1365 2146 1480 2181 voluit
1511 2146 1617 2181 etiam

142 2192 255 2238 legem
284 2193 398 2238 ferre,
436 2204 507 2239 qua
535 2193 704 2229 militibus
735 2195 771 2228 in
803 2194 895 2229 bello
922 2194 1208 2229 occumbentibus
1230 2197 1422 2235 martyrum
1445 2193 1617 2227 decerne-

142 2245 266 2274 rentur
287 2239 460 2283 honores,
491 2245 530 2274 ut
553 2239 612 2285 qui
636 2240 704 2274 alia
728 2240 822 2274 nulla
847 2240 883 2274 in
907 2253 948 2275 re
972 2252 1074 2286 quam
1097 2241 1134 2275 in
1156 2239 1247 2274 bello
1270 2238 1405 2273 animae
1429 2238 1620 2273 collocaret

142 2284 312 2328 sulutem3
345 2285 650 2332 patriarchamque
685 2292 721 2320 et
751 2287 936 2331 episcopos
969 2292 1114 2321 conatus
1145 2291 1198 2321 est
1231 2285 1274 2320 ad
1302 2296 1377 2319 eam
1402 2285 1618 2330 probandam

142 2330 303 2376 adigere.
350 2332 413 2366 sed
447 2331 567 2366 horum
591 2331 730 2376 quidam
755 2333 897 2367 fortiter
917 2333 1126 2367 resistentes
1153 2343 1229 2366 eum
1254 2343 1274 2365 a
1298 2331 1481 2375 proposito
1504 2331 1618 2366 dimo-

142 2383 291 2423 verunt,
315 2377 450 2423 prolato
474 2377 512 2412 in
537 2377 685 2412 medium
709 2377 834 2413 Basilii
855 2378 969 2424 magni
995 2390 1146 2422 canone,
1176 2378 1237 2422 qui
1261 2389 1324 2422 per
1346 2376 1534 2412 triennium
1557 2388 1618 2411 sa-

142 2423 212 2459 cris
237 2423 352 2458 arceri
372 2423 470 2459 iubet
494 2435 555 2458 eos
580 2423 642 2469 qui
667 2423 800 2459 hostem
823 2425 860 2461 in
884 2425 975 2460 bello
999 2424 1274 2460 interfecissent.
1322 2423 1490 2457 nomisma
1512 2422 1617 2458 etiam

141 2469 362 2515 attenuavit,
398 2475 568 2505 tetartero
604 2471 817 2515 excogitato.
865 2482 1012 2516 cumque
1045 2483 1087 2506 eo
1118 2471 1219 2506 modo
1247 2469 1375 2515 duplex
1399 2474 1494 2504 esset
1518 2480 1617 2504 num-

143 2527 239 2561 mus,
276 2516 463 2563 pensiones
487 2515 648 2563 publicae
670 2517 867 2562 graviorem
892 2517 1095 2562 exigebant,
1132 2517 1244 2552 minor
1275 2516 1312 2550 in
1337 2515 1531 2561 sumptibus
1562 2516 1617 2550 fa-

143 2561 279 2598 ciendis
311 2563 562 2609 dissipabatur.
611 2574 757 2608 cumque
792 2570 888 2598 esset
919 2563 998 2609 lege
1029 2571 1065 2599 et
1095 2562 1347 2599 consuetudine
1376 2567 1555 2607 receptum
1578 2566 1619 2596 ut

141 2620 262 2644 omnes
294 2609 423 2644 nummi
454 2608 606 2654 imagine
632 2609 855 2654 imperatoris
887 2610 1032 2645 alicuius
1062 2610 1195 2654 notati,
1228 2609 1330 2643 modo
1355 2607 1503 2654 ponderi
1526 2608 1619 2642 iusto

141 2654 231 2690 nihil
271 2655 477 2699 decederet,
517 2656 608 2690 idem
641 2655 820 2700 valerent,
858 2656 941 2703 ipse'
966 2668 1030 2691 sua
1060 2656 1216 2700 insignes
1249 2653 1400 2699 imagine
1429 2654 1618 2699 praeferri,

141 2700 289 2736 aliorum
320 2702 498 2748 depressis
531 2701 675 2748 pretiis,
710 2702 834 2738 voluit.
891 2714 1005 2748 eaque
1039 2714 1079 2737 re
1114 2702 1205 2736 haud
1238 2700 1367 2736 leviter
1398 2700 1550 2735 subditis
1580 2700 1617 2734 in

167 2748 456 2783 ermutationibus
488 2748 771 2784 incommodavit.
817 2749 1042 2784 deterrimum
1072 2748 1139 2783 hoc
1168 2747 1256 2792 fuit,
1292 2747 1386 2792 quod
1411 2759 1451 2782 re
1477 2746 1619 2792 publica

166 2793 197 2828 is
229 2794 336 2829 rebus
367 2795 488 2829 attrita
519 2794 659 2829 interim
690 2806 803 2830 rerum
838 2796 1012 2830 venalium
1047 2795 1140 2830 nulla
1174 2795 1243 2829 fuit
1271 2792 1448 2828 allevatio.
1511 2798 1618 2837 atque

140 2838 230 2874 haec
258 2840 374 2875 omnia
404 2851 479 2875 cum
512 2846 632 2876 essent
663 2841 925 2886 molestissima,
964 2841 1159 2887 aegerrime
1189 2841 1286 2875 cives
1316 2839 1472 2874 tulerunt
1495 2838 1618 2885 palatii

140 2885 378 2922 munitionem.
427 2898 505 2922 nam
538 2887 655 2922 multis
690 2899 782 2933 quae
814 2888 853 2924 in
885 2890 1004 2925 orbem
1033 2888 1127 2924 circa
1149 2886 1315 2934 palatium
1340 2891 1441 2922 erant
1463 2885 1619 2933 pulchris

198 2938 331 2987 Georg.
361 2939 536 2989 cedrenus
566 2946 651 2979 tom.
680 2941 732 2978 11.
1280 2932 1336 2978 24
