1916 3210
11 159 15 168 2
30 130 46 166 -g

705 148 1156 196 ANNOTATIONES.
1559 154 1658 201 833

191 259 310 299 nunt:
337 260 381 297 at
397 270 478 298 eum
496 253 751 312 περιβάλλειν
769 271 845 299 non
864 261 914 300 de
930 262 1051 314 capite
1068 262 1137 300 sed
1153 263 1202 301 de
1219 275 1372 315 corpore
1388 264 1580 316 efferatur,
1608 268 1656 306 ab

146 334 152 343 ⁹
192 313 304 355 allata
321 314 371 354 de
389 319 492 355 veste
511 317 693 355 sententia
711 329 787 355 non
804 317 965 356 discedo.
1022 319 1163 357 GoAn.

307 374 336 410 t.
352 371 389 410 11
415 384 455 424 p.
473 369 528 414 47
547 384 581 410 v.
598 374 667 415 23.
724 373 842 412 iocum
869 378 992 414 autem
1016 376 1055 414 in
1079 377 1227 415 nomine
1246 375 1365 416 Barce
1384 390 1459 416 non
1476 378 1655 430 intelligo,

191 439 269 479 quo
293 439 442 467 uxorem
467 427 606 468 Leonis
631 430 777 470 notarit.
808 430 902 470 er..
959 432 1093 482 quibus
1113 434 1323 472 scommatis
1346 434 1483 473 Leonis
1507 449 1656 477 uxorem

186 483 390 536 impeteret
407 483 589 536 Procopia
607 484 839 537 imperatrix,
867 500 943 525 non
965 490 1115 537 exponit
1137 494 1286 528 auctor:
1317 494 1457 529 tantum
1476 492 1570 532 circa
1587 506 1657 533 no·

188 552 275 580 men
294 540 372 580 eius
389 540 514 579 multis
534 541 665 581 lusisse
681 542 810 584 innuit.
855 556 926 582 nec
947 543 1086 584 difficili
1104 547 1269 596 negotiu.
1316 548 1368 585 illi
1387 560 1548 599 namque
1567 562 1656 600 pro-.-

186 596 308 692 giam
341 609 424 636 cum
454 595 578 635 barca
613 598 783 650 (navigii
808 612 926 651 genus
953 601 1145 653 intellige)
1183 615 1320 642 nomen
1350 608 1429 643 erat
1456 617 1656 646 commune.

227 662 321 692 OAR·
1390 669 1392 673 ’

298 712 328 748 t.
347 707 383 748 11
410 722 449 762 p.
468 707 523 752 48
539 723 572 749 v.
585 709 629 752 4.
685 707 946 764 ἐπιβατήριον
975 708 1122 765 εὐχήν]
1153 715 1278 754 scribit
1304 716 1494 767 Xylander
1520 725 1655 757 votum

181 776 259 817 pro
273 764 400 818 filici
423 766 462 804 in
489 767 616 806 urbem
647 768 830 814 introitu,
866 782 976 819 quam
1002 783 1071 821 pro
1097 777 1269 824 suscepto
1300 773 1453 824 imperio
1484 778 1523 813 et
1549 777 1654 827 regio

183 823 316 862 throno
331 834 532 862 conscenso
547 824 634 863 fecit
650 825 859 876 patriarcha
877 826 1108 878 Nicephorus
1126 842 1287 880 precem.
1344 831 1382 868 in
1409 830 1541 870 malam
1567 845 1655 884 par-

182 882 261 919 tem
289 879 340 919 de
367 892 413 919 eo
437 880 502 931 qui
525 892 603 919 rem
626 881 783 920 alienam
812 887 987 934 occupat,
1017 888 1144 934 potest
1166 887 1261 924 etin
1283 886 1418 925 bonam
1440 889 1544 926 sumi.
1602 890 1653 927 sic

182 930 420 990 ἕπιβατῆρια
444 938 596 984 θῦσαι,
625 938 689 988 qui
714 950 827 976 naves
857 942 1088 978 conscensuri
1114 943 1392 992 sacrificabant,
1420 943 1652 984 dicebantur.

181 991 264 1032 Leo
287 1005 398 1043 vero,
427 993 481 1032 ita
504 993 642 1032 Paulus
666 994 875 1040 Diaconus‚
905 997 1118 1046 scripserat
1140 997 1368 1049 ,Nicephoro
1389 999 1539 1048 deside
1556 1015 1650 1047 sua,

175 1055 316 1099 petens
342 1050 462 1088 etiam
493 1056 539 1087 ut
568 1063 660 1088 eum
689 1052 866 1090 oratione
897 1059 934 1089 et
963 1060 1065 1091 ηιιίιι
1102 1055 1185 1092 eius
1219 1056 1431 1107 imperium
1468 1065 1649 1098 sumeret.

179 1106 346 1201 Goui'b.
367 1175 403 1205 v,
424 1164 468 1206 6.
522 1162 729 1202 ,Michaelo
751 1164 883 1216 equzs]
914 1167 945 1204 is
966 1169 1021 1206 est
1042 1166 1241 1207 Michaelus
1260 1167 1409 1209 Balbus.
1467 1170 1564 1210 ΧΠ..

291 1223 321 1259 t.
338 1220 372 1258 11
399 1233 440 1272 p.
457 1218 513 1261 52
531 1234 566 1259 v.
584 1221 653 1263 24.
711 1219 956 1275 φοιδεράτου
978 1224 1177 1273 legendum
1200 1225 1312 1276 aliqui
1332 1230 1481 1278 putant:
1511 1228 1652 1269 retineo

179 1271 447 1329 φοιβερᾶτου,
477 1277 528 1316 de
550 1279 700 1327 agmine
722 1279 861 1318 dictum
883 1291 906 1318 a
917 1279 1145 1330 foederatis
1163 1281 1331 1330 diverso3
1359 1283 1409 1322 de
1427 1296 1503 1334 quo
1522 1290 1651 1324 auctor

176 1346 215 1385 p.
234 1333 318 1376 755
336 1333 374 1373 D
389 1337 429 1373 et
444 1344 514 1372 nos
529 1333 680 1378 ibidem.
739 1336 876 1374 Gom.

290 1393 319 1430 t.
339 1389 374 1429 11
401 1403 442 1442 p.
464 1389 520 1432 54
543 1403 579 1431 v·
602 1394 668 1432 11.
722 1394 775 1446 τῇ
803 1390 944 1447 κε’λλῃ]
984 1393 1097 1433 cellae
1129 1393 1356 1433 Graecorum
1388 1396 1648 1437 monachorum

175 1449 262 1486 sunt
281 1447 432 1496 tuguria
449 1447 520 1485 sibi
538 1447 695 1488 invicem
711 1449 856 1498 iuncta,
884 1451 978 1488 circa
996 1451 1156 1490 mediam
1172 1462 1315 1500 aream,
1344 1451 1381 1490 in
1396 1454 1497 1492 cuius
1514 1454 1647 1493 iterum

174 1502 377 1542 meditullio
397 1506 456 1543 est
474 1502 640 1544 ecclesia.
696 1506 882 1545 demortui
898 1506 1025 1557 itaque
1044 1506 1192 1547 alterius
1211 1507 1338 1547 cellam
1356 1508 1414 1547 hic
1432 1511 1646 1562 occupabat.

173 1559 315 1655 Geni:
329 1614 365 1654 Π
391 1629 430 1668 p.
448 1618 503 1659 60
519 1618 639 1659 v.23.
696 1616 865 1670 εἷρμοῦ]
892 1617 1048 1658 habetur
1075 1621 1216 1658 tractus
1244 1618 1304 1658 ille
1331 1620 1462 1659 iambis
1488 1634 1644 1674 compo-

171 1672 263 1712 situs
280 1673 320 1712 in
336 1671 459 1712 officio
475 1672 649 1713 Landum
664 1676 947 1724 matutinarum,
975 1676 1036 1714 die
1059 1675 1240 1714 nataliciis
1260 1676 1398 1715 Christi
1418 1683 1643 1718 consecrato.

170 1729 221 1768 de
240 1728 383 1782 εἰρμοῦ
401 1730 670 1779 significatione
692 1731 1017 1771 ecclesiasticorum
1037 1733 1172 1771 rituum
1196 1732 1424 1784 expositores
1445 1733 1643 1785 Arcudius,

169 1784 347 1834 Anatim,
375 1785 652 1837 Euchologium.
709 1788 847 1826 GoAn.

284 1846 312 1881 t.
328 1841 363 1881 11
388 1855 427 1894 p.
446 1842 500 1884 61
519 1855 554 1881 v.
572 1843 613 1885 5.
667 1841 975 1895 καθοσιώσεως]
1005 1845 1107 1896 quod
1132 1845 1348 1885 vocabulum
1374 1858 1420 1885 ex
1444 1847 1525 1885 aliis
1549 1848 1638 1886 locis

165 1899 357 1952 permultis
385 1899 498 1938 didici
528 1900 607 1939 sive
629 1900 833 1939 maiestatis
854 1902 932 1940 sive
952 1902 1060 1940 etiam
1080 1904 1299 1940 structarum
1319 1903 1532 1954 imperatori
1550 1904 1641 1942 insi-

167 1956 310 1995 diarum
335 1955 472 1994 crimen
497 1960 640 1997 notare.
686 1960 725 1996 et
753 1958 856 2008 quod
884 1958 934 1997 de
959 1959 1082 1996 uxoris
1109 1959 1245 2009 nuptiis
1271 1959 1434 2008 sequitur
1459 1960 1638 1998 minatum

165 2012 347 2061 Balbum,
381 2013 575 2052 obscurum
605 2016 664 2053 est
694 2013 752 2053 vel
783 2014 832 2052 ob
865 2013 1141 2064 ambiguitatem
1169 2015 1244 2054 τοῦ
1272 2009 1414 2056 αὐτοῦ.
1469 2016 1636 2053 fortassis

167 2069 297 2108 statuit
322 2068 575 2109 Theodosium
598 2069 730 2110 Leone
747 2082 855 2109 caeso
876 2070 1022 2109 ducere.
1079 2070 1181 2120 quod
1199 2071 1247 2109 de
1265 2070 1413 2120 linguae
1430 2072 1558 2109 morbo
1576 2073 1637 2110 di·

166 2126 235 2176 cit,
264 2125 392 2165 alludit
418 2126 468 2164 ad
496 2126 692 2166 Tantalum
720 2127 863 2166 Orestis
891 2126 1092 2178 Euripidei.
1150 2138 1236 2165 mox
1265 2127 1328 2165 ubi
1353 2127 1524 2166 scribitur
1542 2141 1636 2177 quo-

164 2183 278 2222 modo
307 2182 522 2222 Theodosia
548 2183 705 2222 Balbum
731 2183 910 2235 supplicio
934 2183 1006 2222 iam
1032 2183 1235 2222 imminenti
1254 2183 1447 2234 eripuerit,
1477 2184 1515 2222 in
1534 2196 1635 2222 mar-

164 2238 253 2289 gine
278 2243 338 2279 est
359 2243 577 2278 annotatum
600 2236 675 2292 ’ὅρα
693 2242 782 2288 παῖς
802 2235 854 2280 ου’
873 2239 998 2280 λείπει
1018 2238 1194 2291 μέθοδος
1211 2235 1277 2279 τὸν
1297 2235 1422 2288 θεόν,
1452 2235 1515 2280 ὅτε
1534 2237 1633 2292 βού-

163 2297 272 2336 λεται
300 2299 511 2348 συντηρεῖν
540 2292 644 2336 τινά.
702 2301 769 2336 est‘
793 2309 882 2336 sane
907 2296 1114 2349 exemplum
1141 2296 1212 2335 hoc
1237 2295 1475 2336 memorabile
1499 2310 1631 2350 παρα·

163 2349 287 2402 δόξαν
309 2353 519 2405 σωτηρίας.
574 2353 669 2392 ΧΉ..

272 2413 301 2448 t.
321 2409 354 2447 ll
382 2423 421 2462 p.
440 2412 495 2451 62
517 2422 550 2448 v.
569 2412 607 2452 9.
665 2408 710 2450 ἐν
737 2411 821 2456 τοῖς
849 2404 1150 2463 ἆσηκρητείοις]
1180 2409 1218 2447 ἰη
1240 2409 1380 2460 palatio
1403 2408 1630 2457 augustiore,

160 2466 230 2504 iuri
249 2467 411 2505 dicundo
429 2466 648 2516 designato,
676 2466 724 2504 ad
744 2466 1041 2518 Hippodromum
1059 2470 1251 2504 exstructo.
1302 2462 1404 2517 πρός
1423 2462 1490 2504 τὸν
1510 2461 1630 2507 [nnci-

160 2522 314 2575 δρομον
339 2519 440 2562 navo}
466 2520 517 2563 τοὶ
545 2517 798 2575 οἷσηκρητεῖα.
864 2521 990 2563 ἐκεῖσε
1017 2519 1094 2575 γάρ
1120 2517 1205 2562 τότε
1230 2518 1274 2562 τὸ
1300 2524 1384 2562 ταῖν
1412 2516 1629 2572 οἷσηκρῆτις

158 2571 216 2630 ἦν
243 2576 506 2632 καταγώγιον.
566 2592 737 2619 successu
756 2580 954 2631 temporis,
982 2583 1026 2618 ut
1048 2579 1131 2617 hinc
1151 2577 1288 2630 liquet,
1316 2578 1389 2618 alio
1412 2578 1628 2617 translatum

156 2635 240 2676 fuit.
297 2635 438 2674 Gom.

271 2691 350 2730 t.11
378 2705 415 2744 p.
438 2691 492 2734 65
515 2704 549 2732 V.
575 2690 644 2733 15.
700 2692 928 2733 κανικλείου
960 2686 1116 2743 ἀξίωμα
1150 2691 1238 2742 quid
1268 2690 1342 2739 sit,
1388 2689 1527 2730 nescio.
1584 2688 1627 2728 fit

157 2749 297 2787 mentio
315 2749 426 2787 etiam
447 2749 547 2799 apud
565 2747 736 2787 Nicetium
756 2750 793 2788 in
809 2748 984 2788 Manuelo
1006 2748 1210 2787 Comneno.
1239 2747 1332 2786 ΧΠ..
1389 2746 1438 2785 de
1459 2745 1627 2784 canit-lei

157 2805 347 2857 praefecto
379 2809 467 2856 post
496 2805 695 2843 Meursium
728 2806 925 2846 Gretserus
955 2804 1112 2858 plurima
1141 2808 1219 2844 tum
1247 2805 1286 2843 in
1317 2815 1449 2843 comm.
1477 2802 1627 2851 codini,

214 2866 347 2912 Georg.
377 2866 551 2901 Cedrenus
579 2870 663 2901 tom.
694 2865 743 2901 11.
1289 2859 1343 2900 53
