1916 3210
705 171 1157 217 ANNOTATIONES.
1571 171 1671 219 879

197 289 280 324 &tte
301 281 355 321 ab
380 282 565 321 ecclesiae
583 295 710 321 novae
730 282 1080 335 arc-lupresbytero.
1138 286 1218 322 erat
1239 285 1362 322 autem
1381 279 1412 335 η’
1425 279 1497 324 νέα
1516 283 1671 323 ecclesia

196 341 238 381 in
262 340 402 393 palatio
427 352 452 381 a
475 339 612 380 Basilio
641 341 862 394 imperatore
887 344 1118 389 constructa,
1153 340 1202 379 de
1221 353 1297 392 qua
1316 344 1445 380 auctor
1463 355 1501 395 p.
1521 340 1604 383 588
1622 341 1671 381 B.

197 398 340 438 Gesn-

309 458 336 493 t.
354 454 389 495 11
417 468 457 508 p.
469 452 552 498 545
568 467 604 494 v.
618 455 682 496 13.
739 452 905 494 Arduino
925 453 1177 505 Longobardo
1198 453 1292 492 duce
1308 452 1515 492 Normanni
1535 452 1669 504 Apulia

145 531 150 534 ·
193 511 303 564 potiti
321 516 418 562 sunt,
439 523 558 562 eaque
577 513 674 551 inter
691 524 731 550 se
751 511 867 550 divisa
883 512 1111 551 Graecorum
1128 511 1234 550 amici
1251 523 1514 567 nonnunquam
1533 511 1668 550 effecti.

193 567 275 609 Leo
295 567 479 606 Ostiensis
496 571 524 610 2
552 570 621 610 68.
681 568 822 606 Gom.

306 627 335 662 t.
353 623 389 663 11
415 622 549 676 p0'546
567 626 680 667 v.13.
739 618 1017 677 φοιβεροὶτων]
1047 636 1151 663 error
1165 623 1371 673 tollendus,
1396 636 1469 674 quo
1486 622 1669 662 foeberati

192 683 234 720 et
248 680 431 720 foederati
448 681 559 720 iidem
579 685 785 721 censentur.
826 682 864 719 hi
881 694 926 719 ex
944 681 1042 719 omni
1060 685 1184 721 extera
1202 681 1364 731 natione,
1382 681 1432 719 illi
1450 693 1495 720 ex
1512 680 1667 719 subditis

111 752 115 756 ⁴
190 735 326 776 Pisidis
343 740 383 776 et
399 736 656 788 Lycaonibus‚
687 742 728 776 ut
747 738 806 777 hic
826 742 956 776 auctor
976 742 1134 777 enarrat.
1192 738 1332 777 Gom.

302 797 332 832 t-
349 794 386 832 11
411 807 450 845 p-
461 791 554 836 548
576 808 612 836 v.
631 795 701 835 21.
758 789 1084 847 σεβαστοςοόρον]
1113 795 1257 847 imperii
1275 795 1345 832 sibi
1367 792 1478 833 delati
1499 792 1666 831 nuntium

190 846 491 903 σεβαστοφόρου
517 853 666 890 nomine
694 851 979 890 remunerabant
1007 852 1143 890 Graeci
1170 852 1433 904 imperatores,
1463 851 1568 901 quasi
1597 850 1664 900 qui

187 906 347 958 Augusti
375 907 596 958 dignitatem
628 908 831 948 obtulisset.
888 908 999 946 moris
1027 921 1132 947 usum
1161 909 1199 946 in
1229 908 1421 959 Stephano
1449 907 1662 946 manifestat

186 969 332 1013 auctor,
357 968 398 1003 et
415 962 723 1033 σεβαστοῳόρου
734 963 990 1016 appellationis
1010 977 1157 1004 causam
1176 965 1316 1003 indicat
1335 977 1380 1003 eo
1400 965 1501 1015 quod
1519 979 1566 1003 τα
1589 965 1664 1014 τῆς

188 1020 393 1072 βασιλείας
417 1017 625 1075 εὐαγγέλια
650 1018 779 1076 τούτῳ
807 1021 1074 1074 ὃιεκομίσατο.
1129 1022 1298 1061 Zonaras
1320 1034 1365 1061 eo
1387 1021 1524 1073 quod'
1516 1020 1660 1072 imperii

187 1077 390 1129 insignibus
410 1077 509 1117 illum
533 1085 716 1121 ornasset.
772 1079 913 1119 GoAR.

300 1139 328 1173 t.
348 1134 384 1173 ΙΙ
411 1147 449 1186 p.
471 1135 554 1176 556
577 1148 612 1174 v.
633 1138 672 1177 7.
731 1131 876 1188 μόναι]
907 1147 982 1174 non
1004 1134 1189 1175 domnae
1208 1135 1277 1175 sed
1293 1141 1454 1173 matres.
1516 1133 1660 1172 GoAn.

298 1194 328 1230 t.
348 1191 385 1230 11
411 1205 450 1243 Ρ.
469 1190 552 1234 557
573 1205 608 1231 v.
628 1193 696 1233 22.
767 1191 869 1229 bello
898 1190 1016 1243 suas]
1052 1197 1138 1231 ante
1174 1192 1265 1231 haec
1295 1193 1408 1232 verba
1443 1192 1659 1236 asteriscum

183 1247 313 1301 posui:
341 1248 524 1287 sententia
554 1250 652 1288 enim
681 1249 827 1288 videtur
852 1249 1031 1287 mutilata.
1087 1250 1179 1288 haec
1204 1254 1328 1288 autem
1353 1250 1441 1297 suit,
1471 1248 1659 1286 Cacicium

183 1317 262 1345 non
292 1305 521 1344 detrectasse
547 1307 726 1345 Romanis
753 1307 937 1344 subditum
965 1319 1070 1352 esse,
1100 1307 1168 1344 sed
1190 1310 1315 1345 tamen
1337 1310 1493 1358 paterna
1512 1305 1660 1343 dicione

183 1362 254 1402 sibi
269 1361 398 1400 relicta
413 1362 454 1400 id
470 1363 630 1402 voluisse
646 1363 779 1402 facere.
807 1363 914 1402 XYL.
971 1362 1118 1402 mutilus
1136 1363 1195 1401 hic
1212 1362 1412 1412 Xylandri,
1442 1374 1517 1400 non
1532 1361 1660 1399 literae

184 1430 330 1458 sensus.
384 1418 592 1458 huiusmodi
616 1432 703 1458 vero
729 1424 805 1458 est:
835 1419 894 1457 ad
918 1420 1102 1471 quamvis
1124 1433 1166 1456 se
1188 1419 1393 1457 subditum
1423 1418 1657 1482 (vasallum)

177 1474 450 1526 profiteretur,
487 1490 579 1513 cum
607 1489 650 1513 eo
679 1482 812 1514 tamen
834 1475 936 1514 hello
958 1476 1248 1514 decernendum
1269 1475 1348 1513 sibi
1367 1476 1510 1513 statuit
1530 1476 1659 1524 impe-

182 1539 306 1569 rator.
358 1532 488 1571 clarius
508 1533 651 1583 legeret
670 1533 782 1571 alius.
810 1536 866 1587 τῷ
889 1531 932 1573 δὲ
952 1529 1084 1587 δούλῳ
1106 1532 1179 1585 μὲν
1200 1529 1516 1586 οἷνομολογοῦντι
1536 1535 1658 1571 πολε-

181 1587 331 1641 μητέον
355 1584 487 1629 ἐδόκει
511 1592 567 1644 τῷ
593 1590 767 1642 βασιλεῖ,
801 1591 838 1626 εἰ
867 1591 1126 1642 quantumvis
1155 1604 1197 1628 se
1225 1589 1431 1628 subditum
1452 1589 1659 1641 profitenti

182 1644 332 1683 bellum
353 1646 614 1684 indicendum
635 1659 705 1683 cen
707 1647 790 1683 mic
808 1648 1034 1698 imperator.
1097 1647 1234 1689 Gom.

294 1701 403 1742 ib.v
379 1715 413 1742 v.
439 1704 507 1744 23.
575 1704 705 1742 Bestes
737 1708 869 1754 postea
901 1700 1118 1757 βεστοῖρχης
1147 1705 1304 1754 dicitur,
1344 1702 1572 1750 Bestarcha,
1613 1705 1657 1741 ut

180 1759 373 1811 epitheton
393 1759 442 1798 sit
459 1761 626 1799 fortassis
646 1760 694 1798 ab
712 1760 836 1811 aliquo
854 1761 977 1800 officio
996 1763 1167 1800 ductum:
1198 1774 1284 1802 nam
1305 1761 1483 1799 Catacalo
1503 1772 1655 1810 quoque

178 1815 380 1854 Ambustus
398 1816 518 1855 infra
509 1830 546 1854 m
566 1816 661 1856 bello
681 1816 830 1855 Medico
848 1818 980 1858 Bestes
997 1823 1160 1857 vocatur.
1188 1820 1293 1857 XYL.
1349 1819 1551 1857 existimavi
1572 1818 1654 1855 diu-

179 1873 276 1922 tius,
318 1873 420 1923 quod
451 1876 490 1912 et
518 1874 600 1912 aliis
630 1886 711 1912 cum
739 1874 903 1913 Meursio
933 1875 1088 1927 placuit,
1129 1876 1380 1914 vestiariorum
1412 1875 1653 1926 praecipuum

178 1924 402 1997 βεστᾶρχην
426 1929 559 1969 vocari.
617 1934 656 1968 at
681 1943 764 1968 cum
789 1931 820 1968 is
847 1932 944 1970 idem
966 1932 1095 1970 Iasites
1115 1945 1233 1983 nuper
1251 1933 1298 1970 sit
1313 1932 1434 1969 dictus
1452 1929 1593 1982 βέστης
1613 1934 1651 1969 et

178 1982 315 2040 α’ρχων
343 1988 419 2038 τῆς
444 1981 615 2039 Ἰβηρίας
643 1986 987 2039 προβεβλημένος,
1018 2002 1062 2027 ac
1085 1990 1179 2027 infra
1202 2003 1238 2040 p.
1257 1992 1335 2030 771
1359 1987 1391 2026 A
1413 1991 1484 2039 τῆς
1504 1983 1651 2039 χώρας,

177 2043 218 2081 id
245 2047 302 2082 est
329 2042 642 2112 Baaspracanias,
672 2041 804 2095 ἅρχων
828 2041 986 2094 Ἀαρών
1015 2044 1178 2097 βέστης,
1215 2049 1252 2084 et
1283 2045 1478 2083 confestim
1506 2042 1652 2096 βὲστης

177 2096 424 2140 ,Κατακαλων
452 2102 526 2140 τοῦ
552 2095 688 2141 Ἀνίου
714 2099 782 2140 καὶ
809 2102 881 2152 τῆς
907 2097 1078 2154 Ἰβηρίας
1098 2117 1305 2155 καταρχων
1328 2101 1491 2150 legatur,
1522 2100 1650 2139 relicta

175 2157 300 2208 priore
314 2157 520 2222 sententia,
551 2157 736 2196 lberorum
755 2157 910 2196 dialecto
927 2163 965 2197 et
983 2171 1085 2198 more
1101 2159 1261 2209 regionis
1279 2159 1480 2210 principem
1503 2155 1649 2209 βὲστηυ

175 2213 379 2265 nuncupari
418 2214 561 2264 censui,
606 2218 719 2265 prout
756 2214 910 2265 legimus
946 2215 1129 2266 Bulgaros
1164 2216 1388 2266 chaganum,
1441 2216 1647 2253 Saracenos

175 2282 357 2318 arueram,
387 2269 571 2309 Triballos
589 2271 720 2309 cralem
739 2272 888 2321 regulos
905 2285 989 2310 suos
1008 2274 1177 2312 vocitare.
1234 2273 1367 2310 GoAn.

287 2330 316 2366 t.
339 2326 375 2365 ll
404 2340 443 2378 Ρ.
466 2328 549 2369 558
578 2341 614 2368 v,
640 2330 706 2369 20.
762 2328 910 2381 χωρία]
942 2343 1089 2381 pagos,
1145 2329 1293 2384 χωρίον
1319 2329 1497 2368 moderna
1520 2327 1647 2378 lingua

169 2396 320 2435 paguo.
382 2384 521 2422 GOAR.

286 2445 314 2478 t.
332 2440 366 2479 11
394 2453 430 2492 p.
448 2440 530 2483 559
549 2453 583 2478 v.
604 2443 669 2483 17.
725 2441 905 2492 servum]
936 2455 1061 2481 servos
1080 2443 1192 2483 fuisse
1211 2443 1404 2493 magistros
1422 2455 1497 2482 non
1518 2443 1645 2481 credo.

125 2546 132 2553 Δ
174 2497 336 2546 legerem
366 2497 506 2548 aliquid
531 2497 630 2536 aliud
660 2511 728 2549 pro
757 2499 924 2550 δοῦλον,
954 2501 1113 2538 sortasse
1136 2497 1314 2550 ἀδελφόν
1341 2504 1404 2539 aut
1430 2500 1505 2538 tale
1530 2500 1644 2551 quip-

171 2553 291 2604 piam:
332 2566 421 2593 vero
457 2554 554 2592 enim
590 2555 743 2607 propius
771 2561 830 2594 est
858 2557 1008 2595 fratrem
1038 2570 1148 2607 quam
1178 2570 1320 2596 servum
1352 2556 1499 2596 Nicolai
1524 2557 1643 2606 magis-

174 2613 287 2651 strum
315 2610 437 2649 fuisse.
475 2611 579 2650 ΧΥΙ..
645 2613 804 2650 auctoris
839 2626 907 2651 ceu
939 2626 1029 2652 sana
1058 2619 1202 2652 retenta
1231 2615 1406 2662 lectione,
1435 2614 1642 2652 monendus

172 2665 385 2717 Xylander,
423 2668 582 2706 eundem
610 2669 673 2718 qui
701 2670 877 2718 magister
904 2675 981 2718 est,
1017 2683 1098 2710 esse
1127 2684 1240 2723 posse
1268 2684 1424 2711 servum.
1482 2683 1530 2709 an
1564 2683 1642 2708 non

173 2723 248 2760 dux
281 2724 318 2760 in
349 2723 470 2774 aliqua
498 2725 688 2775 provincia
721 2727 819 2775 regis
850 2727 1019 2766 subditus
1051 2732 1108 2766 est
1141 2732 1198 2776 et,
1228 2734 1267 2767 ut
1297 2729 1421 2776 aiunt,
1454 2725 1640 2766 vasallus?

170 2791 242 2816 vox
270 2779 367 2818 enim
395 2780 540 2828 δοῦλος
566 2794 641 2820 non
662 2782 700 2820 in
724 2782 868 2821 humilis
888 2785 981 2823 servi
1000 2785 1066 2823 sed
1085 2786 1122 2823 in
1139 2785 1322 2825 honorarii
1345 2785 1481 2823 subditi
1498 2783 1639 2835 signifi-

172 2838 258 2874 catu
281 2835 341 2875 bic
367 2836 473 2877 iacet.
530 2836 580 2877 ad
609 2851 688 2879 rem
718 2844 898 2882 nostram.
954 2841 1123 2882 Cacicius
1150 2855 1234 2884 sese
1259 2855 1379 2895 nuper
1406 2843 1636 2895 imperatoris
