<?xml version="1.0" encoding="UTF-8"?>
<!DOCTYPE html PUBLIC "-//W3C//DTD XHTML 1.0 Transitional//EN"
    "http://www.w3.org/TR/xhtml1/DTD/xhtml1-transitional.dtd">
<html xmlns="http://www.w3.org/1999/xhtml" xml:lang="en" lang="en">
 <head>
  <title>
</title>
<meta http-equiv="Content-Type" content="text/html;charset=utf-8" />
  <meta name='ocr-system' content='tesseract 3.04.00' />
  <meta name='ocr-capabilities' content='ocr_page ocr_carea ocr_par ocr_line ocrx_word'/>
</head>
<body>
  <div class='ocr_page' id='page_1' title='image "./corpusscriptorum14niebuoft/corpusscriptorum14niebuoft_0254.png"; bbox 0 0 1890 3236; ppageno 0'>
   <div class='ocr_carea' id='block_1_1' title="bbox 297 174 1425 228">
    <p class='ocr_par' dir='ltr' id='par_1_1' title="bbox 297 174 1425 228">
     <span class='ocr_line' id='line_1_1' title="bbox 297 174 1425 228; baseline -0.009 0"><span class='ocrx_word' id='word_1_1' title='bbox 297 178 395 228; x_wconf 77' lang='lat'><strong>244</strong></span> <span class='ocrx_word' id='word_1_2' title='bbox 764 174 1005 223; x_wconf 82' lang='lat' dir='ltr'><strong>GEORGII</strong></span> <span class='ocrx_word' id='word_1_3' title='bbox 1038 177 1282 222; x_wconf 82' lang='lat' dir='ltr'>CEDRENI</span> <span class='ocrx_word' id='word_1_4' title='bbox 1316 208 1318 210; x_wconf 86' lang='lat'>-</span> <span class='ocrx_word' id='word_1_5' title='bbox 1398 208 1400 210; x_wconf 82' lang='lat'>-</span> <span class='ocrx_word' id='word_1_6' title='bbox 1424 208 1425 212; x_wconf 65' lang='lat'><strong>,</strong></span> 
     </span>
    </p>
   </div>
   <div class='ocr_carea' id='block_1_2' title="bbox 161 289 1818 1858">
    <p class='ocr_par' dir='ltr' id='par_1_2' title="bbox 161 289 1818 1858">
     <span class='ocr_line' id='line_1_2' title="bbox 297 289 1758 351; baseline -0.001 -10"><span class='ocrx_word' id='word_1_7' title='bbox 297 299 365 342; x_wconf 84' lang='grc' dir='ltr'><strong>καὶ</strong></span> <span class='ocrx_word' id='word_1_8' title='bbox 393 295 466 345; x_wconf 77' lang='grc' dir='ltr'><strong><em>τὰς</em></strong></span> <span class='ocrx_word' id='word_1_9' title='bbox 491 296 570 336; x_wconf 81' lang='grc' dir='ltr'><strong>τῶν</strong></span> <span class='ocrx_word' id='word_1_10' title='bbox 597 289 830 346; x_wconf 68' lang='grc' dir='ltr'><strong>ἐκλεγέντων</strong></span> <span class='ocrx_word' id='word_1_11' title='bbox 850 291 1123 348; x_wconf 75' lang='grc' dir='ltr'><strong><em>προσηγορίας</em></strong></span> <span class='ocrx_word' id='word_1_12' title='bbox 1141 289 1430 349; x_wconf 77' lang='grc' dir='ltr'><strong><em>προσαγαγών,</em></strong></span> <span class='ocrx_word' id='word_1_13' title='bbox 1458 290 1609 351; x_wconf 74' lang='grc' dir='ltr'><strong><em>πολλῆς</em></strong></span> <span class='ocrx_word' id='word_1_14' title='bbox 1625 293 1758 350; x_wconf 74' lang='grc' dir='ltr'><strong><em>ἓνομί-</em></strong></span> 
     </span>
     <span class='ocr_line' id='line_1_3' title="bbox 299 358 1759 419; baseline 0.004 -17"><span class='ocrx_word' id='word_1_15' title='bbox 299 370 384 419; x_wconf 70' lang='grc' dir='ltr'><strong><em>σθη</em></strong></span> <span class='ocrx_word' id='word_1_16' title='bbox 413 363 606 419; x_wconf 65' lang='grc' dir='ltr'><strong><em>μέμψεως</em></strong></span> <span class='ocrx_word' id='word_1_17' title='bbox 638 358 774 410; x_wconf 72' lang='grc' dir='ltr'><strong><em>ἄξιος,</em></strong></span> <span class='ocrx_word' id='word_1_18' title='bbox 822 360 856 401; x_wconf 83' lang='grc' dir='ltr'><strong><em>εἲ</em></strong></span> <span class='ocrx_word' id='word_1_19' title='bbox 892 358 1099 410; x_wconf 78' lang='grc' dir='ltr'><strong><em>τοιούτους</em></strong></span> <span class='ocrx_word' id='word_1_20' title='bbox 1138 359 1262 403; x_wconf 72' lang='grc' dir='ltr'><strong><em>οἴοιτο</em></strong></span> <span class='ocrx_word' id='word_1_21' title='bbox 1304 361 1556 418; x_wconf 71' lang='grc' dir='ltr'><strong><em>λειτουργοὺς</em></strong></span> <span class='ocrx_word' id='word_1_22' title='bbox 1591 362 1759 408; x_wconf 61' lang='grc' dir='ltr'><strong><em>ἔσεσθαι</em></strong></span> 
     </span>
     <span class='ocr_line' id='line_1_4' title="bbox 299 425 1760 487; baseline -0.001 -12"><span class='ocrx_word' id='word_1_23' title='bbox 299 434 435 484; x_wconf 79' lang='grc' dir='ltr'><strong><em>ἀξίους</em></strong></span> <span class='ocrx_word' id='word_1_24' title='bbox 451 428 553 486; x_wconf 81' lang='grc' dir='ltr'><strong><em>πρὸς</em></strong></span> <span class='ocrx_word' id='word_1_25' title='bbox 567 426 613 470; x_wconf 86' lang='grc' dir='ltr'><strong><em>τὸ</em></strong></span> <span class='ocrx_word' id='word_1_26' title='bbox 630 431 812 469; x_wconf 83' lang='grc' dir='ltr'><strong><em>τοιοῦτον</em></strong></span> <span class='ocrx_word' id='word_1_27' title='bbox 830 425 1112 485; x_wconf 80' lang='grc' dir='ltr'><strong><em>λειτούργημα.</em></strong></span> <span class='ocrx_word' id='word_1_28' title='bbox 1179 433 1254 472; x_wconf 84' lang='grc' dir='ltr'><strong><em>τοῦ</em></strong></span> <span class='ocrx_word' id='word_1_29' title='bbox 1273 429 1317 471; x_wconf 72' lang='grc' dir='ltr'><strong>δὲ</strong></span> <span class='ocrx_word' id='word_1_30' title='bbox 1335 430 1394 484; x_wconf 80' lang='grc' dir='ltr'><strong><em>μὴ</em></strong></span> <span class='ocrx_word' id='word_1_31' title='bbox 1412 429 1514 484; x_wconf 65' lang='grc' dir='ltr'><strong><em>ἔχειν</em></strong></span> <span class='ocrx_word' id='word_1_32' title='bbox 1534 431 1760 487; x_wconf 59' lang='grc' dir='ltr'><strong><em>κρείττονας</em></strong></span> 
     </span>
     <span class='ocr_line' id='line_1_5' title="bbox 299 493 1760 553; baseline -0.001 -9"><span class='ocrx_word' id='word_1_33' title='bbox 299 493 658 552; x_wconf 78' lang='grc' dir='ltr'><strong><em>ἀνθυπενεγκόντος</em></strong></span> <span class='ocrx_word' id='word_1_34' title='bbox 685 496 727 536; x_wconf 73' lang='grc' dir='ltr'><strong><em>ἓν</em></strong></span> <span class='ocrx_word' id='word_1_35' title='bbox 756 493 836 553; x_wconf 78' lang='grc' dir='ltr'><strong><em>ὅλῳ</em></strong></span> <span class='ocrx_word' id='word_1_36' title='bbox 866 500 924 553; x_wconf 79' lang='grc' dir='ltr'><strong><em>τῷ</em></strong></span> <span class='ocrx_word' id='word_1_37' title='bbox 954 495 1238 551; x_wconf 86' lang='grc' dir='ltr'><strong><em>πολιτεύματι,</em></strong></span> <span class='ocrx_word' id='word_1_38' title='bbox 1271 495 1490 551; x_wconf 65' lang='grc' dir='ltr'><strong><em>ὑπολαβὼν</em></strong></span> <span class='ocrx_word' id='word_1_39' title='bbox 1519 496 1541 539; x_wconf 79' lang='grc' dir='ltr'><strong>ὅ</strong></span> <span class='ocrx_word' id='word_1_40' title='bbox 1568 498 1760 552; x_wconf 72' lang='grc' dir='ltr'><strong><em>βασιλεὺς</em></strong></span> 
     </span>
     <span class='ocr_line' id='line_1_6' title="bbox 293 563 1793 623; baseline 0 -13"><span class='ocrx_word' id='word_1_41' title='bbox 293 567 367 610; x_wconf 68' lang='lat' dir='ltr'><strong>“rb</strong></span> <span class='ocrx_word' id='word_1_42' title='bbox 401 570 475 621; x_wconf 79' lang='grc' dir='ltr'><strong><em>τῆς</em></strong></span> <span class='ocrx_word' id='word_1_43' title='bbox 504 563 763 620; x_wconf 73' lang='grc' dir='ltr'><strong>προκειμένης</strong></span> <span class='ocrx_word' id='word_1_44' title='bbox 784 565 988 615; x_wconf 75' lang='grc' dir='ltr'><strong><em>διακονίας</em></strong></span> <span class='ocrx_word' id='word_1_45' title='bbox 1009 564 1126 621; x_wconf 61' lang='grc' dir='ltr'><strong><em>ἔργον</em></strong></span> <span class='ocrx_word' id='word_1_46' title='bbox 1145 569 1328 608; x_wconf 76' lang='grc' dir='ltr'><strong><em>τοιοῦτον</em></strong></span> <span class='ocrx_word' id='word_1_47' title='bbox 1351 567 1451 622; x_wconf 77' lang='grc' dir='ltr'><strong><em>παρ’</em></strong></span> <span class='ocrx_word' id='word_1_48' title='bbox 1477 567 1566 621; x_wconf 69' lang='grc' dir='ltr'><strong><em>ἐμοὶ</em></strong></span> <span class='ocrx_word' id='word_1_49' title='bbox 1586 568 1793 623; x_wconf 78' lang='grc' dir='ltr'><strong><em>κρίνεταιό</em></strong></span> 
     </span>
     <span class='ocr_line' id='line_1_7' title="bbox 297 627 1787 691; baseline -0.002 -12"><span class='ocrx_word' id='word_1_50' title='bbox 297 635 421 686; x_wconf 77' lang='grc' dir='ltr'><strong><em>ὥστε,</em></strong></span> <span class='ocrx_word' id='word_1_51' title='bbox 457 633 565 690; x_wconf 71' lang='grc' dir='ltr'><strong><em>εἴπερ</em></strong></span> <span class='ocrx_word' id='word_1_52' title='bbox 596 629 680 674; x_wconf 80' lang='grc' dir='ltr'><strong><em>οἷόν</em></strong></span> <span class='ocrx_word' id='word_1_53' title='bbox 710 648 752 674; x_wconf 87' lang='grc' dir='ltr'><strong>τε</strong></span> <span class='ocrx_word' id='word_1_54' title='bbox 783 627 857 687; x_wconf 73' lang='grc' dir='ltr'><strong>ἦν,</strong></span> <span class='ocrx_word' id='word_1_55' title='bbox 889 633 1012 676; x_wconf 74' lang='grc' dir='ltr'><strong><em>αὐτὸν</em></strong></span> <span class='ocrx_word' id='word_1_56' title='bbox 1043 634 1113 688; x_wconf 77' lang='grc' dir='ltr'><strong>ἐμὲ</strong></span> <span class='ocrx_word' id='word_1_57' title='bbox 1142 633 1245 690; x_wconf 83' lang='grc' dir='ltr'><strong><em>πρὸς</em></strong></span> <span class='ocrx_word' id='word_1_58' title='bbox 1279 632 1353 689; x_wconf 84' lang='grc' dir='ltr'><strong>τὴν</strong></span> <span class='ocrx_word' id='word_1_59' title='bbox 1386 632 1531 678; x_wconf 84' lang='grc' dir='ltr'><strong><em>τούτου</em></strong></span> <span class='ocrx_word' id='word_1_60' title='bbox 1566 636 1787 691; x_wconf 77' lang='grc' dir='ltr'><strong>διοίκησινι</strong></span> 
     </span>
     <span class='ocr_line' id='line_1_8' title="bbox 297 696 1762 758; baseline 0.001 -12"><span class='ocrx_word' id='word_1_61' title='bbox 297 705 486 754; x_wconf 72' lang='grc' dir='ltr'><strong><em>ἐξελθεῖν.</em></strong></span> <span class='ocrx_word' id='word_1_62' title='bbox 555 701 638 742; x_wconf 72' lang='grc' dir='ltr'><strong><em>ἐπεὶ</em></strong></span> <span class='ocrx_word' id='word_1_63' title='bbox 669 700 715 742; x_wconf 75' lang='grc' dir='ltr'><strong>δὲ</strong></span> <span class='ocrx_word' id='word_1_64' title='bbox 748 700 868 743; x_wconf 78' lang='grc' dir='ltr'><strong><em>τοῦτό</em></strong></span> <span class='ocrx_word' id='word_1_65' title='bbox 901 702 985 744; x_wconf 75' lang='grc' dir='ltr'><strong><em>ἔστι</em></strong></span> <span class='ocrx_word' id='word_1_66' title='bbox 1019 703 1086 744; x_wconf 76' lang='grc' dir='ltr'><strong>καὶ</strong></span> <span class='ocrx_word' id='word_1_67' title='bbox 1122 701 1296 758; x_wconf 69' lang='grc' dir='ltr'><strong><em>ἀπρεπὲς</em></strong></span> <span class='ocrx_word' id='word_1_68' title='bbox 1337 704 1403 745; x_wconf 81' lang='grc' dir='ltr'><strong>καὶ</strong></span> <span class='ocrx_word' id='word_1_69' title='bbox 1445 701 1672 756; x_wconf 73' lang='grc' dir='ltr'><strong><em>ἀδύνατον,</em></strong></span> <span class='ocrx_word' id='word_1_70' title='bbox 1717 696 1762 755; x_wconf 66' lang='grc' dir='ltr'><strong>ἓξ</strong></span> 
     </span>
     <span class='ocr_line' id='line_1_9' title="bbox 299 769 1762 830; baseline 0.001 -17"><span class='ocrx_word' id='word_1_71' title='bbox 299 769 474 827; x_wconf 78' lang='grc' dir='ltr'><strong>ἀνάγκης</strong></span> <span class='ocrx_word' id='word_1_72' title='bbox 492 770 554 811; x_wconf 75' lang='grc' dir='ltr'><strong><em>ἐπὶ</em></strong></span> <span class='ocrx_word' id='word_1_73' title='bbox 574 776 659 819; x_wconf 82' lang='grc' dir='ltr'><strong><em>τοῖς</em></strong></span> <span class='ocrx_word' id='word_1_74' title='bbox 682 770 774 811; x_wconf 84' lang='grc' dir='ltr'><strong><em>δυσὶ</em></strong></span> <span class='ocrx_word' id='word_1_75' title='bbox 795 774 868 824; x_wconf 80' lang='grc' dir='ltr'><strong><em>τῆς</em></strong></span> <span class='ocrx_word' id='word_1_76' title='bbox 886 772 1085 821; x_wconf 79' lang='grc' dir='ltr'><strong><em>πολιτείας</em></strong></span> <span class='ocrx_word' id='word_1_77' title='bbox 1103 773 1362 829; x_wconf 83' lang='grc' dir='ltr'><strong><em>μαγίστροις,</em></strong></span> <span class='ocrx_word' id='word_1_78' title='bbox 1392 771 1439 813; x_wconf 66' lang='grc' dir='ltr'><strong>οἳ</strong></span> <span class='ocrx_word' id='word_1_79' title='bbox 1453 772 1519 814; x_wconf 80' lang='grc' dir='ltr'><strong>καὶ</strong></span> <span class='ocrx_word' id='word_1_80' title='bbox 1536 769 1673 830; x_wconf 80' lang='grc' dir='ltr'><strong><em>χρόνῳ</em></strong></span> <span class='ocrx_word' id='word_1_81' title='bbox 1694 773 1762 814; x_wconf 75' lang='grc' dir='ltr'><strong>καὶ</strong></span> 
     </span>
     <span class='ocr_line' id='line_1_10' title="bbox 247 839 1763 898; baseline 0.001 -16"><span class='ocrx_word' id='word_1_82' title='bbox 247 852 279 886; x_wconf 90' lang='lat' dir='ltr'>D</span> <span class='ocrx_word' id='word_1_83' title='bbox 303 842 421 898; x_wconf 73' lang='grc' dir='ltr'><strong><em>πείρᾳ</em></strong></span> <span class='ocrx_word' id='word_1_84' title='bbox 453 839 520 881; x_wconf 84' lang='grc' dir='ltr'><strong>καὶ</strong></span> <span class='ocrx_word' id='word_1_85' title='bbox 550 843 639 888; x_wconf 79' lang='grc' dir='ltr'><strong><em>ταῖς</em></strong></span> <span class='ocrx_word' id='word_1_86' title='bbox 671 841 839 888; x_wconf 80' lang='grc' dir='ltr'><strong><em>πολλαῖς</em></strong></span> <span class='ocrx_word' id='word_1_87' title='bbox 871 840 912 881; x_wconf 75' lang='grc' dir='ltr'><strong><em>ἐν</em></strong></span> <span class='ocrx_word' id='word_1_88' title='bbox 942 843 1000 898; x_wconf 73' lang='grc' dir='ltr'><strong><em>τῷ</em></strong></span> <span class='ocrx_word' id='word_1_89' title='bbox 1027 845 1172 897; x_wconf 74' lang='grc' dir='ltr'><strong><em>μακρῷ</em></strong></span> <span class='ocrx_word' id='word_1_90' title='bbox 1192 842 1269 897; x_wconf 55' lang='grc' dir='ltr'><strong><em>βιίιο</em></strong></span> <span class='ocrx_word' id='word_1_91' title='bbox 1293 844 1372 882; x_wconf 80' lang='grc' dir='ltr'><strong>τῶν</strong></span> <span class='ocrx_word' id='word_1_92' title='bbox 1393 843 1606 883; x_wconf 84' lang='grc' dir='ltr'><strong><em>πολιτικῶν</em></strong></span> <span class='ocrx_word' id='word_1_93' title='bbox 1627 841 1763 897; x_wconf 76' lang='grc' dir='ltr'><strong><em>ἀρχῶν</em></strong></span> 
     </span>
     <span class='ocr_line' id='line_1_11' title="bbox 299 902 1817 965; baseline 0 -14"><span class='ocrx_word' id='word_1_94' title='bbox 299 906 567 963; x_wconf 85' lang='grc' dir='ltr'><strong><em>διοικήσεσιν,</em></strong></span> <span class='ocrx_word' id='word_1_95' title='bbox 603 907 644 948; x_wconf 76' lang='grc' dir='ltr'><strong><em>ἐν</em></strong></span> <span class='ocrx_word' id='word_1_96' title='bbox 680 902 746 956; x_wconf 77' lang='grc' dir='ltr'><strong>αἷς</strong></span> <span class='ocrx_word' id='word_1_97' title='bbox 778 905 1062 963; x_wconf 74' lang='grc' dir='ltr'><strong><em>ἐξητάσθησαν</em></strong></span> <span class='ocrx_word' id='word_1_98' title='bbox 1072 940 1086 960; x_wconf 92' lang='grc'><strong><em>,</em></strong></span> <span class='ocrx_word' id='word_1_99' title='bbox 1123 908 1342 963; x_wconf 77' lang='grc' dir='ltr'><strong><em>ἀκίβδηλον</em></strong></span> <span class='ocrx_word' id='word_1_100' title='bbox 1376 910 1442 950; x_wconf 81' lang='grc' dir='ltr'><strong>καὶ</strong></span> <span class='ocrx_word' id='word_1_101' title='bbox 1472 908 1661 965; x_wconf 79' lang='grc' dir='ltr'><strong><em>καθαρὸν</em></strong></span> <span class='ocrx_word' id='word_1_102' title='bbox 1689 912 1761 963; x_wconf 82' lang='grc' dir='ltr'><strong><em>τῆς</em></strong></span> <span class='ocrx_word' id='word_1_103' title='bbox 1773 915 1817 951; x_wconf 87' lang='grc'><strong>10</strong></span> 
     </span>
     <span class='ocr_line' id='line_1_12' title="bbox 299 973 1763 1032; baseline -0.001 -12"><span class='ocrx_word' id='word_1_104' title='bbox 299 977 445 1031; x_wconf 75' lang='grc' dir='ltr'><strong><em>ἀρετῆς</em></strong></span> <span class='ocrx_word' id='word_1_105' title='bbox 475 973 726 1030; x_wconf 72' lang='grc' dir='ltr'><strong><em>ἐξενηνόχασι</em></strong></span> <span class='ocrx_word' id='word_1_106' title='bbox 757 975 803 1018; x_wconf 81' lang='grc' dir='ltr'><strong><em>τὸ</em></strong></span> <span class='ocrx_word' id='word_1_107' title='bbox 838 977 1042 1031; x_wconf 86' lang='grc' dir='ltr'><strong><em>δοκίμιον,</em></strong></span> <span class='ocrx_word' id='word_1_108' title='bbox 1075 977 1150 1027; x_wconf 85' lang='grc' dir='ltr'><strong><em>τὰς</em></strong></span> <span class='ocrx_word' id='word_1_109' title='bbox 1174 978 1343 1026; x_wconf 67' lang='grc' dir='ltr'><strong><em>ἐλπίδας</em></strong></span> <span class='ocrx_word' id='word_1_110' title='bbox 1373 975 1554 1028; x_wconf 87' lang='grc' dir='ltr'><strong><em>σαλεύω,</em></strong></span> <span class='ocrx_word' id='word_1_111' title='bbox 1588 978 1657 1020; x_wconf 79' lang='grc' dir='ltr'><strong>καὶ</strong></span> <span class='ocrx_word' id='word_1_112' title='bbox 1688 977 1763 1032; x_wconf 78' lang='grc' dir='ltr'><strong>τὴν</strong></span> 
     </span>
     <span class='ocr_line' id='line_1_13' title="bbox 299 1039 1763 1102; baseline -0.001 -14"><span class='ocrx_word' id='word_1_113' title='bbox 299 1046 504 1088; x_wconf 80' lang='grc' dir='ltr'><strong><em>διακονίαν</em></strong></span> <span class='ocrx_word' id='word_1_114' title='bbox 523 1041 601 1086; x_wconf 69' lang='grc' dir='ltr'><strong><em>ὑπὸ</em></strong></span> <span class='ocrx_word' id='word_1_115' title='bbox 623 1042 778 1086; x_wconf 82' lang='grc' dir='ltr'><strong><em>τούτων</em></strong></span> <span class='ocrx_word' id='word_1_116' title='bbox 801 1043 1030 1100; x_wconf 74' lang='grc' dir='ltr'><strong><em>ἀνυσθῆναι</em></strong></span> <span class='ocrx_word' id='word_1_117' title='bbox 1053 1043 1222 1095; x_wconf 85' lang='grc' dir='ltr'><strong><em>δεόντως</em></strong></span> <span class='ocrx_word' id='word_1_118' title='bbox 1243 1049 1406 1102; x_wconf 85' lang='grc' dir='ltr'><strong><em>θαρρῶ.</em></strong></span> <span class='ocrx_word' id='word_1_119' title='bbox 1473 1044 1665 1088; x_wconf 75' lang='grc' dir='ltr'><strong><em>ἀπελθών</em></strong></span> <span class='ocrx_word' id='word_1_120' title='bbox 1691 1039 1763 1087; x_wconf 71' lang='grc' dir='ltr'><strong><em>οὖν</em></strong></span> 
     </span>
     <span class='ocr_line' id='line_1_14' title="bbox 299 1109 1763 1170; baseline -0.002 -13"><span class='ocrx_word' id='word_1_121' title='bbox 299 1115 424 1164; x_wconf 79' lang='grc' dir='ltr'><strong><em>αὐτὸς</em></strong></span> <span class='ocrx_word' id='word_1_122' title='bbox 451 1111 538 1156; x_wconf 53' lang='lat' dir='ltr'><strong>ozi*</strong></span> <span class='ocrx_word' id='word_1_123' title='bbox 568 1113 691 1170; x_wconf 84' lang='grc' dir='ltr'><strong><em>φησίν</em></strong></span> <span class='ocrx_word' id='word_1_124' title='bbox 709 1109 980 1169; x_wconf 51' lang='grc' dir='ltr'><strong><em>((ἇπάγγειλον</em></strong></span> <span class='ocrx_word' id='word_1_125' title='bbox 1010 1113 1147 1163; x_wconf 76' lang='grc' dir='ltr'><strong><em>αὐτοῖς</em></strong></span> <span class='ocrx_word' id='word_1_126' title='bbox 1174 1113 1219 1155; x_wconf 84' lang='grc' dir='ltr'><strong><em>τὸ</em></strong></span> <span class='ocrx_word' id='word_1_127' title='bbox 1249 1118 1322 1168; x_wconf 82' lang='grc' dir='ltr'><strong><em>τῆς</em></strong></span> <span class='ocrx_word' id='word_1_128' title='bbox 1345 1115 1549 1164; x_wconf 81' lang='grc' dir='ltr'><strong><em>διακονίας</em></strong></span> <span class='ocrx_word' id='word_1_129' title='bbox 1572 1110 1676 1164; x_wconf 72' lang='grc' dir='ltr'><strong><em>εἶδος</em></strong></span> <span class='ocrx_word' id='word_1_130' title='bbox 1694 1115 1763 1156; x_wconf 81' lang='grc' dir='ltr'><strong>καὶ</strong></span> 
     </span>
     <span class='ocr_line' id='line_1_15' title="bbox 298 1178 1763 1237; baseline -0.001 -11"><span class='ocrx_word' id='word_1_131' title='bbox 298 1184 345 1227; x_wconf 82' lang='grc' dir='ltr'><strong><em>τὸ</em></strong></span> <span class='ocrx_word' id='word_1_132' title='bbox 367 1183 532 1237; x_wconf 81' lang='grc' dir='ltr'><strong><em>θέλημα</em></strong></span> <span class='ocrx_word' id='word_1_133' title='bbox 554 1181 600 1223; x_wconf 86' lang='grc' dir='ltr'><strong><em>τὸ</em></strong></span> <span class='ocrx_word' id='word_1_134' title='bbox 623 1178 732 1235; x_wconf 69' lang='grc' dir='ltr'><strong><em>ἐμόν.</em></strong></span> <span class='ocrx_word' id='word_1_135' title='bbox 801 1183 868 1223; x_wconf 84' lang='grc' dir='ltr'><strong>καὶ</strong></span> <span class='ocrx_word' id='word_1_136' title='bbox 896 1183 1152 1236; x_wconf 75' lang='grc' dir='ltr'><strong><em>βουλομένων</em></strong></span> <span class='ocrx_word' id='word_1_137' title='bbox 1174 1183 1350 1231; x_wconf 71' lang='grc' dir='ltr'><strong><em>ἐξελθεῖν</em></strong></span> <span class='ocrx_word' id='word_1_138' title='bbox 1373 1183 1576 1224; x_wconf 73' lang='grc' dir='ltr'><strong><em>ἒπευδοκῶ·</em></strong></span> <span class='ocrx_word' id='word_1_139' title='bbox 1595 1183 1663 1225; x_wconf 80' lang='grc' dir='ltr'><strong>καὶ</strong></span> <span class='ocrx_word' id='word_1_140' title='bbox 1685 1182 1763 1225; x_wconf 79' lang='grc' dir='ltr'><strong>αὖ-</strong></span> 
     </span>
     <span class='ocr_line' id='line_1_16' title="bbox 298 1245 1816 1307; baseline -0.001 -13"><span class='ocrx_word' id='word_1_141' title='bbox 298 1250 416 1303; x_wconf 79' lang='grc' dir='ltr'><strong><em>τός.”</em></strong></span> <span class='ocrx_word' id='word_1_142' title='bbox 489 1247 545 1299; x_wconf 84' lang='grc' dir='ltr'><strong>ὥς</strong></span> <span class='ocrx_word' id='word_1_143' title='bbox 573 1248 616 1292; x_wconf 74' lang='grc' dir='ltr'><strong>δ’</strong></span> <span class='ocrx_word' id='word_1_144' title='bbox 648 1247 892 1300; x_wconf 79' lang='grc' dir='ltr'><strong><em>ἀκούσαντες</em></strong></span> <span class='ocrx_word' id='word_1_145' title='bbox 918 1250 957 1292; x_wconf 78' lang='grc' dir='ltr'><strong>οἱ</strong></span> <span class='ocrx_word' id='word_1_146' title='bbox 985 1249 1128 1307; x_wconf 76' lang='grc' dir='ltr'><strong><em>ἄνδρες</em></strong></span> <span class='ocrx_word' id='word_1_147' title='bbox 1151 1245 1284 1305; x_wconf 74' lang='grc' dir='ltr'><strong><em>ἦλθον</em></strong></span> <span class='ocrx_word' id='word_1_148' title='bbox 1305 1251 1360 1301; x_wconf 77' lang='grc' dir='ltr'><strong><em>εἷς</em></strong></span> <span class='ocrx_word' id='word_1_149' title='bbox 1381 1250 1586 1306; x_wconf 67' lang='grc' dir='ltr'><strong><em>ἔκπληξιν,</em></strong></span> <span class='ocrx_word' id='word_1_150' title='bbox 1621 1252 1689 1293; x_wconf 79' lang='grc' dir='ltr'><strong>καὶ</strong></span> <span class='ocrx_word' id='word_1_151' title='bbox 1715 1249 1762 1303; x_wconf 71' lang='grc' dir='ltr'><strong><em>τὸ</em></strong></span> <span class='ocrx_word' id='word_1_152' title='bbox 1774 1258 1816 1293; x_wconf 90' lang='grc'><strong>15</strong></span> 
     </span>
     <span class='ocr_line' id='line_1_17' title="bbox 298 1317 1789 1377; baseline 0.001 -16"><span class='ocrx_word' id='word_1_153' title='bbox 298 1324 429 1377; x_wconf 76' lang='grc' dir='ltr'><strong><em>γῆρας</em></strong></span> <span class='ocrx_word' id='word_1_154' title='bbox 465 1318 568 1360; x_wconf 72' lang='grc' dir='ltr'><strong><em>ἀνθ’</em></strong></span> <span class='ocrx_word' id='word_1_155' title='bbox 610 1317 810 1375; x_wconf 78' lang='grc' dir='ltr'><strong><em>ἱκετηρίας</em></strong></span> <span class='ocrx_word' id='word_1_156' title='bbox 850 1317 1152 1375; x_wconf 81' lang='grc' dir='ltr'><strong><em>προυβάλλοντο</em></strong></span> <span class='ocrx_word' id='word_1_157' title='bbox 1187 1320 1254 1361; x_wconf 81' lang='grc' dir='ltr'><strong>καὶ</strong></span> <span class='ocrx_word' id='word_1_158' title='bbox 1285 1319 1380 1369; x_wconf 77' lang='grc' dir='ltr'><strong><em>τοὺς</em></strong></span> <span class='ocrx_word' id='word_1_159' title='bbox 1409 1319 1789 1376; x_wconf 74' lang='grc' dir='ltr'><strong><em>προηγησαμένους,</em></strong></span> 
     </span>
     <span class='ocr_line' id='line_1_18' title="bbox 299 1385 1764 1445; baseline -0.001 -14"><span class='ocrx_word' id='word_1_160' title='bbox 299 1387 400 1445; x_wconf 61' lang='grc' dir='ltr'><strong><em>’ὑπὲρ</em></strong></span> <span class='ocrx_word' id='word_1_161' title='bbox 425 1391 498 1430; x_wconf 80' lang='grc' dir='ltr'><strong><em>τοῦ</em></strong></span> <span class='ocrx_word' id='word_1_162' title='bbox 526 1385 818 1441; x_wconf 80' lang='grc' dir='ltr'><strong><em>πολιτεύματος</em></strong></span> <span class='ocrx_word' id='word_1_163' title='bbox 842 1385 1013 1440; x_wconf 85' lang='grc' dir='ltr'><strong><em>κόπους,</em></strong></span> <span class='ocrx_word' id='word_1_164' title='bbox 1048 1389 1114 1429; x_wconf 79' lang='grc' dir='ltr'><strong>καὶ</strong></span> <span class='ocrx_word' id='word_1_165' title='bbox 1139 1391 1437 1444; x_wconf 79' lang='grc' dir='ltr'><strong><em>παρενεχθῆναι</em></strong></span> <span class='ocrx_word' id='word_1_166' title='bbox 1462 1389 1505 1438; x_wconf 74' lang='grc' dir='ltr'><strong>ἐξ</strong></span> <span class='ocrx_word' id='word_1_167' title='bbox 1530 1387 1664 1430; x_wconf 78' lang='grc' dir='ltr'><strong><em>αὐτῶν</em></strong></span> <span class='ocrx_word' id='word_1_168' title='bbox 1689 1386 1764 1442; x_wconf 81' lang='grc' dir='ltr'><strong>τὴν</strong></span> 
     </span>
     <span class='ocr_line' id='line_1_19' title="bbox 299 1453 1764 1514; baseline -0.002 -14"><span class='ocrx_word' id='word_1_169' title='bbox 299 1454 488 1511; x_wconf 85' lang='grc' dir='ltr'><strong><em>τοιαύτην</em></strong></span> <span class='ocrx_word' id='word_1_170' title='bbox 508 1453 727 1512; x_wconf 71' lang='grc' dir='ltr'><strong><em>ὑπηρεσίαν</em></strong></span> <span class='ocrx_word' id='word_1_171' title='bbox 752 1457 978 1508; x_wconf 77' lang='grc' dir='ltr'><strong><em>ἱκέτευσαν,</em></strong></span> <span class='ocrx_word' id='word_1_172' title='bbox 1010 1454 1260 1513; x_wconf 66' lang='grc' dir='ltr'><strong><em>ὑπέστρεψεν</em></strong></span> <span class='ocrx_word' id='word_1_173' title='bbox 1281 1455 1484 1512; x_wconf 78' lang='grc' dir='ltr'><strong><em>ἄπρακτος</em></strong></span> <span class='ocrx_word' id='word_1_174' title='bbox 1504 1453 1526 1497; x_wconf 82' lang='grc' dir='ltr'><em>ὃ</em></span> <span class='ocrx_word' id='word_1_175' title='bbox 1547 1457 1764 1514; x_wconf 83' lang='grc' dir='ltr'><strong><em>πεμφθείς,</em></strong></span> 
     </span>
     <span class='ocr_line' id='line_1_20' title="bbox 303 1522 1763 1583; baseline -0.001 -15"><span class='ocrx_word' id='word_1_176' title='bbox 303 1527 371 1568; x_wconf 85' lang='grc' dir='ltr'><strong>καὶ</strong></span> <span class='ocrx_word' id='word_1_177' title='bbox 410 1529 467 1583; x_wconf 72' lang='grc' dir='ltr'><strong><em>τῷ</em></strong></span> <span class='ocrx_word' id='word_1_178' title='bbox 500 1528 663 1578; x_wconf 82' lang='grc' dir='ltr'><strong><em>βασιλεῖ’</em></strong></span> <span class='ocrx_word' id='word_1_179' title='bbox 687 1524 740 1567; x_wconf 79' lang='grc' dir='ltr'><strong><em>τὰ</em></strong></span> <span class='ocrx_word' id='word_1_180' title='bbox 771 1524 874 1581; x_wconf 76' lang='grc' dir='ltr'><strong><em>παρ’</em></strong></span> <span class='ocrx_word' id='word_1_181' title='bbox 908 1526 1064 1567; x_wconf 70' lang='grc' dir='ltr'><strong><em>ἐκείνων</em></strong></span> <span class='ocrx_word' id='word_1_182' title='bbox 1090 1524 1320 1580; x_wconf 68' lang='grc' dir='ltr'><strong><em>λαληθέντα</em></strong></span> <span class='ocrx_word' id='word_1_183' title='bbox 1348 1522 1594 1580; x_wconf 76' lang='grc' dir='ltr'><strong><em>ἀπήγγειλεν.</em></strong></span> <span class='ocrx_word' id='word_1_184' title='bbox 1659 1523 1763 1581; x_wconf 81' lang='grc' dir='ltr'><strong><em>ἅπερ</em></strong></span> 
     </span>
     <span class='ocr_line' id='line_1_21' title="bbox 301 1590 1818 1649; baseline 0 -13"><span class='ocrx_word' id='word_1_185' title='bbox 301 1591 480 1643; x_wconf 77' lang='grc' dir='ltr'><strong><em>ἀκούσας</em></strong></span> <span class='ocrx_word' id='word_1_186' title='bbox 506 1590 573 1634; x_wconf 66' lang='lat' dir='ltr'><strong>“ei</strong></span> <span class='ocrx_word' id='word_1_187' title='bbox 602 1593 647 1634; x_wconf 85' lang='grc' dir='ltr'><strong><em>τὸ</em></strong></span> <span class='ocrx_word' id='word_1_188' title='bbox 679 1593 749 1647; x_wconf 72' lang='grc' dir='ltr'><strong><em>ἐμὲ</em></strong></span> <span class='ocrx_word' id='word_1_189' title='bbox 775 1595 951 1644; x_wconf 72' lang='grc' dir='ltr'><strong><em>ἐξελθεῖν</em></strong></span> <span class='ocrx_word' id='word_1_190' title='bbox 973 1595 1086 1636; x_wconf 82' lang='grc' dir='ltr'><strong><em>δοκεῖ’</em></strong></span> <span class='ocrx_word' id='word_1_191' title='bbox 1101 1591 1198 1635; x_wconf 78' lang='grc' dir='ltr'><strong><em>εἶναι</em></strong></span> <span class='ocrx_word' id='word_1_192' title='bbox 1219 1591 1419 1636; x_wconf 79' lang='grc' dir='ltr'><strong><em>ἀδύνατον</em></strong></span> <span class='ocrx_word' id='word_1_193' title='bbox 1427 1624 1440 1645; x_wconf 90' lang='grc'><strong><em>,</em></strong></span> <span class='ocrx_word' id='word_1_194' title='bbox 1475 1597 1818 1649; x_wconf 71' lang='grc' dir='ltr'><strong><em>παραιτοῦνταιΞθ</em></strong></span> 
     </span>
     <span class='ocr_line' id='line_1_22' title="bbox 303 1659 1765 1719; baseline -0.001 -14"><span class='ocrx_word' id='word_1_195' title='bbox 303 1663 348 1705; x_wconf 80' lang='grc' dir='ltr'><strong>δὲ</strong></span> <span class='ocrx_word' id='word_1_196' title='bbox 376 1662 451 1716; x_wconf 82' lang='grc' dir='ltr'><strong>τὴν</strong></span> <span class='ocrx_word' id='word_1_197' title='bbox 480 1662 727 1718; x_wconf 82' lang='grc' dir='ltr'><strong><em>λειτουργίαν</em></strong></span> <span class='ocrx_word' id='word_1_198' title='bbox 758 1663 797 1704; x_wconf 80' lang='grc' dir='ltr'><strong>οἳ</strong></span> <span class='ocrx_word' id='word_1_199' title='bbox 827 1661 1103 1719; x_wconf 85' lang='grc' dir='ltr'><strong><em>λαμπρότατοι</em></strong></span> <span class='ocrx_word' id='word_1_200' title='bbox 1132 1660 1368 1717; x_wconf 80' lang='grc' dir='ltr'><strong><em>μάγιστροι,</em></strong></span> <span class='ocrx_word' id='word_1_201' title='bbox 1403 1661 1548 1704; x_wconf 70' lang='grc' dir='ltr'><strong><em>οὐδένα</em></strong></span> <span class='ocrx_word' id='word_1_202' title='bbox 1568 1659 1670 1715; x_wconf 65' lang='grc' dir='ltr'><strong><em>ἔχων</em></strong></span> <span class='ocrx_word' id='word_1_203' title='bbox 1691 1664 1765 1704; x_wconf 84' lang='grc' dir='ltr'><strong><em>τοῦ</em></strong></span> 
     </span>
     <span class='ocr_line' id='line_1_23' title="bbox 302 1729 1765 1788; baseline -0.001 -16"><span class='ocrx_word' id='word_1_204' title='bbox 302 1729 540 1788; x_wconf 79' lang='grc' dir='ltr'><strong><em>πράγματος</em></strong></span> <span class='ocrx_word' id='word_1_205' title='bbox 572 1730 777 1787; x_wconf 79' lang='grc' dir='ltr'><strong><em>διοικητὴν</em></strong></span> <span class='ocrx_word' id='word_1_206' title='bbox 809 1730 1025 1785; x_wconf 77' lang='grc' dir='ltr'><strong><em>ἀξιόχρεων</em></strong></span> <span class='ocrx_word' id='word_1_207' title='bbox 1057 1734 1377 1787; x_wconf 80' lang='grc' dir='ltr'><strong><em>καταλειφθῆναι</em></strong></span> <span class='ocrx_word' id='word_1_208' title='bbox 1411 1734 1530 1773; x_wconf 81' lang='grc' dir='ltr'><strong><em>τοῦτο</em></strong></span> <span class='ocrx_word' id='word_1_209' title='bbox 1561 1729 1765 1772; x_wconf 53' lang='lat' dir='ltr'><strong>duntaxa*</strong></span> 
     </span>
     <span class='ocr_line' id='line_1_24' title="bbox 161 1796 1765 1858; baseline -0.002 -15"><span class='ocrx_word' id='word_1_210' title='bbox 161 1806 192 1843; x_wconf 87' lang='lat' dir='ltr'>P</span> <span class='ocrx_word' id='word_1_211' title='bbox 214 1805 280 1843; x_wconf 81' lang='lat'><strong>591</strong></span> <span class='ocrx_word' id='word_1_212' title='bbox 304 1816 404 1843; x_wconf 85' lang='grc' dir='ltr'><strong><em>πτον</em></strong></span> <span class='ocrx_word' id='word_1_213' title='bbox 430 1796 648 1853; x_wconf 85' lang='grc' dir='ltr'><strong><em>βούλομαι.</em></strong></span> <span class='ocrx_word' id='word_1_214' title='bbox 717 1806 894 1856; x_wconf 79' lang='grc' dir='ltr'><strong><em>κρεῖττον</em></strong></span> <span class='ocrx_word' id='word_1_215' title='bbox 919 1799 1027 1857; x_wconf 77' lang='grc' dir='ltr'><strong><em>γὰρ”</em></strong></span> <span class='ocrx_word' id='word_1_216' title='bbox 1059 1800 1163 1858; x_wconf 78' lang='grc' dir='ltr'><strong><em>φησί</em></strong></span> <span class='ocrx_word' id='word_1_217' title='bbox 1180 1797 1539 1858; x_wconf 79' lang='grc' dir='ltr'><strong><em>“παρακερδαίνειν</em></strong></span> <span class='ocrx_word' id='word_1_218' title='bbox 1556 1797 1667 1848; x_wconf 78' lang='grc' dir='ltr'><strong><em>τινὰς</em></strong></span> <span class='ocrx_word' id='word_1_219' title='bbox 1684 1796 1765 1840; x_wconf 81' lang='grc' dir='ltr'><strong><em>ἀπὸ</em></strong></span> 
     </span>
    </p>
   </div>
   <div class='ocr_carea' id='block_1_3' title="bbox 397 1935 1619 1984">
    <p class='ocr_par' dir='ltr' id='par_1_3' title="bbox 397 1935 1619 1984">
     <span class='ocr_line' id='line_1_25' title="bbox 397 1935 1619 1984; baseline -0.001 -9"><span class='ocrx_word' id='word_1_220' title='bbox 397 1940 440 1975; x_wconf 89' lang='grc'><strong>11</strong></span> <span class='ocrx_word' id='word_1_221' title='bbox 466 1935 630 1974; x_wconf 84' lang='grc' dir='ltr'><strong><em>σαλεύων</em></strong></span> <span class='ocrx_word' id='word_1_222' title='bbox 653 1938 684 1972; x_wconf 86' lang='lat' dir='ltr'>C</span> <span class='ocrx_word' id='word_1_223' title='bbox 822 1939 866 1975; x_wconf 85' lang='lat'><strong>14</strong></span> <span class='ocrx_word' id='word_1_224' title='bbox 892 1936 1102 1982; x_wconf 77' lang='grc' dir='ltr'><strong><em>ἐπεξελθεῖν</em></strong></span> <span class='ocrx_word' id='word_1_225' title='bbox 1124 1939 1155 1974; x_wconf 88' lang='lat' dir='ltr'>C</span> <span class='ocrx_word' id='word_1_226' title='bbox 1292 1939 1336 1975; x_wconf 79' lang='lat'><strong>21</strong></span> <span class='ocrx_word' id='word_1_227' title='bbox 1360 1937 1564 1984; x_wconf 68' lang='grc' dir='ltr'><strong><em>ὑπηρεσίαν</em></strong></span> <span class='ocrx_word' id='word_1_228' title='bbox 1587 1938 1619 1974; x_wconf 87' lang='lat' dir='ltr'>C</span> 
     </span>
    </p>
   </div>
   <div class='ocr_carea' id='block_1_4' title="bbox 304 2062 1770 2892">
    <p class='ocr_par' dir='ltr' id='par_1_4' title="bbox 304 2062 1770 2892">
     <span class='ocr_line' id='line_1_26' title="bbox 304 2062 1765 2110; baseline -0.001 -11"><span class='ocrx_word' id='word_1_229' title='bbox 304 2063 388 2100; x_wconf 84' lang='lat' dir='ltr'><strong>ralis</strong></span> <span class='ocrx_word' id='word_1_230' title='bbox 411 2062 603 2108; x_wconf 85' lang='lat' dir='ltr'><strong>delegisset</strong></span> <span class='ocrx_word' id='word_1_231' title='bbox 624 2073 712 2110; x_wconf 88' lang='lat' dir='ltr'><strong>quos</strong></span> <span class='ocrx_word' id='word_1_232' title='bbox 735 2074 809 2098; x_wconf 84' lang='lat' dir='ltr'><strong>eam</strong></span> <span class='ocrx_word' id='word_1_233' title='bbox 832 2075 904 2098; x_wconf 89' lang='lat' dir='ltr'><strong>rem</strong></span> <span class='ocrx_word' id='word_1_234' title='bbox 927 2066 1024 2099; x_wconf 87' lang='lat' dir='ltr'><strong>recte</strong></span> <span class='ocrx_word' id='word_1_235' title='bbox 1049 2062 1348 2099; x_wconf 72' lang='lat' dir='ltr'><strong>administratur-os</strong></span> <span class='ocrx_word' id='word_1_236' title='bbox 1378 2065 1546 2110; x_wconf 79' lang='lat' dir='ltr'><strong>putabat,</strong></span> <span class='ocrx_word' id='word_1_237' title='bbox 1580 2065 1618 2098; x_wconf 83' lang='lat' dir='ltr'><strong>et</strong></span> <span class='ocrx_word' id='word_1_238' title='bbox 1648 2073 1765 2098; x_wconf 86' lang='lat' dir='ltr'><strong>eorum</strong></span> 
     </span>
     <span class='ocr_line' id='line_1_27' title="bbox 306 2108 1767 2157; baseline -0.002 -12"><span class='ocrx_word' id='word_1_239' title='bbox 306 2110 444 2145; x_wconf 83' lang='lat' dir='ltr'><strong>nomina</strong></span> <span class='ocrx_word' id='word_1_240' title='bbox 467 2109 512 2144; x_wconf 86' lang='lat' dir='ltr'><strong>ad</strong></span> <span class='ocrx_word' id='word_1_241' title='bbox 533 2108 777 2155; x_wconf 79' lang='lat' dir='ltr'><strong>imperatorem</strong></span> <span class='ocrx_word' id='word_1_242' title='bbox 801 2111 991 2154; x_wconf 84' lang='lat' dir='ltr'><strong>attulisset,</strong></span> <span class='ocrx_word' id='word_1_243' title='bbox 1015 2110 1052 2144; x_wconf 89' lang='lat' dir='ltr'><strong>in</strong></span> <span class='ocrx_word' id='word_1_244' title='bbox 1076 2122 1233 2155; x_wconf 82' lang='lat' dir='ltr'><strong>magnam</strong></span> <span class='ocrx_word' id='word_1_245' title='bbox 1256 2111 1347 2157; x_wconf 82' lang='lat' dir='ltr'><strong>apud</strong></span> <span class='ocrx_word' id='word_1_246' title='bbox 1366 2121 1441 2145; x_wconf 89' lang='lat' dir='ltr'><strong>eum</strong></span> <span class='ocrx_word' id='word_1_247' title='bbox 1459 2109 1767 2155; x_wconf 71' lang='lat' dir='ltr'>reprehensionem</span> 
     </span>
     <span class='ocr_line' id='line_1_28' title="bbox 304 2154 1767 2201; baseline -0.001 -11"><span class='ocrx_word' id='word_1_248' title='bbox 304 2155 472 2201; x_wconf 75' lang='lat' dir='ltr'><strong>incurrit,</strong></span> <span class='ocrx_word' id='word_1_249' title='bbox 498 2155 591 2201; x_wconf 89' lang='lat' dir='ltr'><strong>quod</strong></span> <span class='ocrx_word' id='word_1_250' title='bbox 612 2155 699 2190; x_wconf 79' lang='lat' dir='ltr'><strong>tales</strong></span> <span class='ocrx_word' id='word_1_251' title='bbox 722 2155 876 2190; x_wconf 82' lang='lat' dir='ltr'><strong>homines</strong></span> <span class='ocrx_word' id='word_1_252' title='bbox 899 2162 996 2191; x_wconf 87' lang='lat' dir='ltr'><strong>tanto</strong></span> <span class='ocrx_word' id='word_1_253' title='bbox 1020 2157 1161 2201; x_wconf 88' lang='lat' dir='ltr'><strong>negotio</strong></span> <span class='ocrx_word' id='word_1_254' title='bbox 1186 2156 1331 2191; x_wconf 83' lang='lat' dir='ltr'><strong>idoneos</strong></span> <span class='ocrx_word' id='word_1_255' title='bbox 1356 2155 1558 2194; x_wconf 84' lang='lat' dir='ltr'><strong>iudicasset.</strong></span> <span class='ocrx_word' id='word_1_256' title='bbox 1605 2154 1767 2189; x_wconf 81' lang='lat' dir='ltr'><strong>meliores</strong></span> 
     </span>
     <span class='ocr_line' id='line_1_29' title="bbox 306 2197 1770 2248; baseline -0.002 -11"><span class='ocrx_word' id='word_1_257' title='bbox 306 2214 346 2237; x_wconf 84' lang='lat' dir='ltr'><strong>se</strong></span> <span class='ocrx_word' id='word_1_258' title='bbox 376 2202 412 2236; x_wconf 88' lang='lat' dir='ltr'><strong>in</strong></span> <span class='ocrx_word' id='word_1_259' title='bbox 444 2206 520 2236; x_wconf 87' lang='lat' dir='ltr'><strong>tota</strong></span> <span class='ocrx_word' id='word_1_260' title='bbox 549 2201 696 2237; x_wconf 86' lang='lat' dir='ltr'><strong>civitate</strong></span> <span class='ocrx_word' id='word_1_261' title='bbox 728 2213 795 2237; x_wconf 91' lang='lat' dir='ltr'><strong>non</strong></span> <span class='ocrx_word' id='word_1_262' title='bbox 828 2201 989 2236; x_wconf 88' lang='lat' dir='ltr'><strong>invenire</strong></span> <span class='ocrx_word' id='word_1_263' title='bbox 1012 2202 1187 2246; x_wconf 77' lang='lat' dir='ltr'><strong>causanti,</strong></span> <span class='ocrx_word' id='word_1_264' title='bbox 1223 2203 1414 2248; x_wconf 86' lang='lat' dir='ltr'><strong>imperator</strong></span> <span class='ocrx_word' id='word_1_265' title='bbox 1443 2197 1622 2236; x_wconf 80' lang='lat' dir='ltr'><strong>“tantum”</strong></span> <span class='ocrx_word' id='word_1_266' title='bbox 1652 2200 1689 2235; x_wconf 88' lang='lat' dir='ltr'><strong>in</strong></span> <span class='ocrx_word' id='word_1_267' title='bbox 1739 2199 1770 2234; x_wconf 84' lang='lat' dir='ltr'><strong>it</strong></span> 
     </span>
     <span class='ocr_line' id='line_1_30' title="bbox 304 2245 1768 2294; baseline -0.001 -13"><span class='ocrx_word' id='word_1_268' title='bbox 304 2245 395 2282; x_wconf 79' lang='lat' dir='ltr'><strong>“hoc</strong></span> <span class='ocrx_word' id='word_1_269' title='bbox 419 2257 540 2282; x_wconf 82' lang='lat' dir='ltr'><strong>munus</strong></span> <span class='ocrx_word' id='word_1_270' title='bbox 564 2247 723 2282; x_wconf 86' lang='lat' dir='ltr'><strong>existimo</strong></span> <span class='ocrx_word' id='word_1_271' title='bbox 747 2259 846 2293; x_wconf 85' lang='lat' dir='ltr'><strong>esse,</strong></span> <span class='ocrx_word' id='word_1_272' title='bbox 883 2254 921 2283; x_wconf 86' lang='lat' dir='ltr'><strong>ut</strong></span> <span class='ocrx_word' id='word_1_273' title='bbox 941 2247 972 2282; x_wconf 87' lang='lat' dir='ltr'><strong>si</strong></span> <span class='ocrx_word' id='word_1_274' title='bbox 997 2248 1046 2282; x_wconf 87' lang='lat' dir='ltr'><strong>ita</strong></span> <span class='ocrx_word' id='word_1_275' title='bbox 1068 2248 1210 2293; x_wconf 84' lang='lat' dir='ltr'><strong>liceret,</strong></span> <span class='ocrx_word' id='word_1_276' title='bbox 1237 2260 1290 2283; x_wconf 90' lang='lat' dir='ltr'><strong>me</strong></span> <span class='ocrx_word' id='word_1_277' title='bbox 1311 2248 1424 2294; x_wconf 86' lang='lat' dir='ltr'><strong>ipsum</strong></span> <span class='ocrx_word' id='word_1_278' title='bbox 1447 2248 1492 2283; x_wconf 83' lang='lat' dir='ltr'><strong>ad</strong></span> <span class='ocrx_word' id='word_1_279' title='bbox 1514 2247 1550 2281; x_wconf 90' lang='lat' dir='ltr'><strong>id</strong></span> <span class='ocrx_word' id='word_1_280' title='bbox 1575 2247 1686 2280; x_wconf 88' lang='lat' dir='ltr'><strong>obeun</strong></span> <span class='ocrx_word' id='word_1_281' title='bbox 1712 2257 1768 2280; x_wconf 85' lang='lat' dir='ltr'><strong>um</strong></span> 
     </span>
     <span class='ocr_line' id='line_1_31' title="bbox 306 2292 1768 2340; baseline -0.001 -12"><span class='ocrx_word' id='word_1_282' title='bbox 306 2293 483 2340; x_wconf 86' lang='lat' dir='ltr'><strong>proficisci</strong></span> <span class='ocrx_word' id='word_1_283' title='bbox 514 2292 644 2328; x_wconf 86' lang='lat' dir='ltr'><strong>debere</strong></span> <span class='ocrx_word' id='word_1_284' title='bbox 677 2299 804 2340; x_wconf 89' lang='lat' dir='ltr'><strong>putem.</strong></span> <span class='ocrx_word' id='word_1_285' title='bbox 853 2294 946 2339; x_wconf 85' lang='lat' dir='ltr'><strong>quod</strong></span> <span class='ocrx_word' id='word_1_286' title='bbox 977 2294 1060 2340; x_wconf 84' lang='lat' dir='ltr'><strong>quia</strong></span> <span class='ocrx_word' id='word_1_287' title='bbox 1089 2294 1288 2329; x_wconf 85' lang='lat' dir='ltr'><strong>indecorum</strong></span> <span class='ocrx_word' id='word_1_288' title='bbox 1321 2299 1375 2329; x_wconf 91' lang='lat' dir='ltr'><strong>est</strong></span> <span class='ocrx_word' id='word_1_289' title='bbox 1404 2304 1518 2338; x_wconf 87' lang='lat' dir='ltr'><strong>neque</strong></span> <span class='ocrx_word' id='word_1_290' title='bbox 1538 2292 1617 2327; x_wconf 79' lang='lat' dir='ltr'><strong>fieri</strong></span> <span class='ocrx_word' id='word_1_291' title='bbox 1637 2296 1768 2338; x_wconf 79' lang='lat' dir='ltr'><strong>potest,</strong></span> 
     </span>
     <span class='ocr_line' id='line_1_32' title="bbox 306 2337 1768 2386; baseline -0.001 -13"><span class='ocrx_word' id='word_1_292' title='bbox 306 2351 451 2374; x_wconf 87' lang='lat' dir='ltr'><strong>necesse</strong></span> <span class='ocrx_word' id='word_1_293' title='bbox 481 2339 595 2374; x_wconf 85' lang='lat' dir='ltr'><strong>habeo</strong></span> <span class='ocrx_word' id='word_1_294' title='bbox 625 2351 723 2385; x_wconf 84' lang='lat' dir='ltr'><strong>spem</strong></span> <span class='ocrx_word' id='word_1_295' title='bbox 756 2350 864 2374; x_wconf 86' lang='lat' dir='ltr'><strong>meam</strong></span> <span class='ocrx_word' id='word_1_296' title='bbox 897 2340 1115 2386; x_wconf 84' lang='lat' dir='ltr'><strong>despondere</strong></span> <span class='ocrx_word' id='word_1_297' title='bbox 1148 2341 1283 2375; x_wconf 83' lang='lat' dir='ltr'><strong>duobus</strong></span> <span class='ocrx_word' id='word_1_298' title='bbox 1311 2339 1365 2374; x_wconf 90' lang='lat' dir='ltr'><strong>rei</strong></span> <span class='ocrx_word' id='word_1_299' title='bbox 1395 2339 1556 2386; x_wconf 81' lang='lat' dir='ltr'><strong>publicae</strong></span> <span class='ocrx_word' id='word_1_300' title='bbox 1578 2337 1768 2383; x_wconf 74' lang='lat' dir='ltr'><strong>magistris,</strong></span> 
     </span>
     <span class='ocr_line' id='line_1_33' title="bbox 306 2383 1768 2431; baseline -0.001 -12"><span class='ocrx_word' id='word_1_301' title='bbox 306 2385 368 2430; x_wconf 90' lang='lat' dir='ltr'><strong>qui</strong></span> <span class='ocrx_word' id='word_1_302' title='bbox 391 2391 547 2430; x_wconf 84' lang='lat' dir='ltr'><strong>tempore</strong></span> <span class='ocrx_word' id='word_1_303' title='bbox 570 2389 606 2420; x_wconf 82' lang='lat' dir='ltr'><strong>et</strong></span> <span class='ocrx_word' id='word_1_304' title='bbox 627 2397 692 2420; x_wconf 87' lang='lat' dir='ltr'><strong>usu</strong></span> <span class='ocrx_word' id='word_1_305' title='bbox 716 2397 830 2420; x_wconf 86' lang='lat' dir='ltr'><strong>rerum</strong></span> <span class='ocrx_word' id='word_1_306' title='bbox 863 2385 1046 2431; x_wconf 86' lang='lat' dir='ltr'><strong>multisque</strong></span> <span class='ocrx_word' id='word_1_307' title='bbox 1071 2386 1108 2420; x_wconf 90' lang='lat' dir='ltr'><strong>in</strong></span> <span class='ocrx_word' id='word_1_308' title='bbox 1129 2385 1233 2431; x_wconf 87' lang='lat' dir='ltr'><strong>longa</strong></span> <span class='ocrx_word' id='word_1_309' title='bbox 1263 2386 1338 2421; x_wconf 82' lang='lat' dir='ltr'><strong>vita</strong></span> <span class='ocrx_word' id='word_1_310' title='bbox 1367 2385 1477 2431; x_wconf 82' lang='lat' dir='ltr'><strong>gestis</strong></span> <span class='ocrx_word' id='word_1_311' title='bbox 1507 2383 1768 2430; x_wconf 75' lang='lat' dir='ltr'><strong>magistratibus</strong></span> 
     </span>
     <span class='ocr_line' id='line_1_34' title="bbox 307 2429 1768 2478; baseline -0.001 -14"><span class='ocrx_word' id='word_1_312' title='bbox 307 2431 391 2465; x_wconf 83' lang='lat' dir='ltr'><strong>fidei</strong></span> <span class='ocrx_word' id='word_1_313' title='bbox 412 2443 495 2465; x_wconf 84' lang='lat' dir='ltr'><strong>suae</strong></span> <span class='ocrx_word' id='word_1_314' title='bbox 515 2430 752 2477; x_wconf 82' lang='lat' dir='ltr'><strong>integritatem</strong></span> <span class='ocrx_word' id='word_1_315' title='bbox 777 2437 815 2466; x_wconf 82' lang='lat' dir='ltr'><strong>et</strong></span> <span class='ocrx_word' id='word_1_316' title='bbox 835 2432 998 2467; x_wconf 85' lang='lat' dir='ltr'><strong>virtutem</strong></span> <span class='ocrx_word' id='word_1_317' title='bbox 1015 2434 1220 2478; x_wconf 79' lang='lat' dir='ltr'><strong>probarunt.</strong></span> <span class='ocrx_word' id='word_1_318' title='bbox 1267 2444 1345 2467; x_wconf 84' lang='lat' dir='ltr'><strong>nam</strong></span> <span class='ocrx_word' id='word_1_319' title='bbox 1367 2434 1410 2466; x_wconf 81' lang='lat' dir='ltr'><strong>ab</strong></span> <span class='ocrx_word' id='word_1_320' title='bbox 1433 2431 1487 2467; x_wconf 85' lang='lat' dir='ltr'><strong>his</strong></span> <span class='ocrx_word' id='word_1_321' title='bbox 1511 2429 1685 2476; x_wconf 82' lang='lat' dir='ltr'><strong>negotium</strong></span> <span class='ocrx_word' id='word_1_322' title='bbox 1709 2440 1768 2464; x_wconf 83' lang='lat' dir='ltr'><strong>re-</strong></span> 
     </span>
     <span class='ocr_line' id='line_1_35' title="bbox 310 2475 1766 2524; baseline -0.001 -14"><span class='ocrx_word' id='word_1_323' title='bbox 310 2482 365 2510; x_wconf 88' lang='lat' dir='ltr'><strong>cte</strong></span> <span class='ocrx_word' id='word_1_324' title='bbox 390 2478 584 2512; x_wconf 81' lang='lat' dir='ltr'><strong>confectum</strong></span> <span class='ocrx_word' id='word_1_325' title='bbox 608 2477 653 2511; x_wconf 91' lang='lat' dir='ltr'><strong>iri</strong></span> <span class='ocrx_word' id='word_1_326' title='bbox 675 2478 758 2516; x_wconf 85' lang='lat' dir='ltr'><strong>fido.</strong></span> <span class='ocrx_word' id='word_1_327' title='bbox 806 2482 846 2512; x_wconf 89' lang='lat' dir='ltr'><strong>tu</strong></span> <span class='ocrx_word' id='word_1_328' title='bbox 877 2489 961 2523; x_wconf 87' lang='lat' dir='ltr'><strong>ergo</strong></span> <span class='ocrx_word' id='word_1_329' title='bbox 994 2478 1072 2524; x_wconf 87' lang='lat' dir='ltr'><strong>abi,</strong></span> <span class='ocrx_word' id='word_1_330' title='bbox 1110 2482 1146 2513; x_wconf 89' lang='lat' dir='ltr'><strong>et</strong></span> <span class='ocrx_word' id='word_1_331' title='bbox 1169 2478 1214 2512; x_wconf 83' lang='lat' dir='ltr'><strong>iis</strong></span> <span class='ocrx_word' id='word_1_332' title='bbox 1236 2478 1390 2513; x_wconf 86' lang='lat' dir='ltr'><strong>rationes</strong></span> <span class='ocrx_word' id='word_1_333' title='bbox 1413 2477 1514 2512; x_wconf 86' lang='lat' dir='ltr'><strong>huius</strong></span> <span class='ocrx_word' id='word_1_334' title='bbox 1545 2475 1766 2511; x_wconf 82' lang='lat' dir='ltr'><strong>administra-</strong></span> 
     </span>
     <span class='ocr_line' id='line_1_36' title="bbox 308 2521 1768 2570; baseline -0.003 -12"><span class='ocrx_word' id='word_1_335' title='bbox 308 2522 415 2558; x_wconf 79' lang='lat' dir='ltr'><strong>tionis</strong></span> <span class='ocrx_word' id='word_1_336' title='bbox 440 2534 618 2567; x_wconf 85' lang='lat' dir='ltr'><strong>meamque</strong></span> <span class='ocrx_word' id='word_1_337' title='bbox 640 2524 850 2559; x_wconf 84' lang='lat' dir='ltr'><strong>voluntatem</strong></span> <span class='ocrx_word' id='word_1_338' title='bbox 880 2535 1028 2570; x_wconf 81' lang='lat' dir='ltr'><strong>expone.</strong></span> <span class='ocrx_word' id='word_1_339' title='bbox 1077 2524 1108 2559; x_wconf 92' lang='lat' dir='ltr'><strong>si</strong></span> <span class='ocrx_word' id='word_1_340' title='bbox 1132 2524 1252 2559; x_wconf 87' lang='lat' dir='ltr'><strong>volunt</strong></span> <span class='ocrx_word' id='word_1_341' title='bbox 1275 2525 1318 2559; x_wconf 83' lang='lat' dir='ltr'><strong>ad</strong></span> <span class='ocrx_word' id='word_1_342' title='bbox 1343 2535 1415 2558; x_wconf 87' lang='lat' dir='ltr'><strong>eam</strong></span> <span class='ocrx_word' id='word_1_343' title='bbox 1441 2523 1633 2558; x_wconf 84' lang='lat' dir='ltr'><strong>obeundam</strong></span> <span class='ocrx_word' id='word_1_344' title='bbox 1656 2521 1768 2564; x_wconf 91' lang='lat' dir='ltr'><strong>exire,</strong></span> 
     </span>
     <span class='ocr_line' id='line_1_37' title="bbox 308 2567 1767 2616; baseline 0 -15"><span class='ocrx_word' id='word_1_345' title='bbox 308 2568 394 2602; x_wconf 86' lang='lat' dir='ltr'><strong>mihi</strong></span> <span class='ocrx_word' id='word_1_346' title='bbox 418 2567 484 2602; x_wconf 86' lang='lat' dir='ltr'><strong>hoc</strong></span> <span class='ocrx_word' id='word_1_347' title='bbox 508 2567 711 2613; x_wconf 88' lang='lat' dir='ltr'><strong>probatur.”</strong></span> <span class='ocrx_word' id='word_1_348' title='bbox 755 2569 913 2615; x_wconf 77' lang='lat' dir='ltr'><strong>magistri</strong></span> <span class='ocrx_word' id='word_1_349' title='bbox 936 2571 1003 2605; x_wconf 86' lang='lat' dir='ltr'><strong>hoc</strong></span> <span class='ocrx_word' id='word_1_350' title='bbox 1025 2570 1147 2605; x_wconf 89' lang='lat' dir='ltr'><strong>nuntio</strong></span> <span class='ocrx_word' id='word_1_351' title='bbox 1171 2569 1352 2616; x_wconf 81' lang='lat' dir='ltr'><strong>perterriti</strong></span> <span class='ocrx_word' id='word_1_352' title='bbox 1376 2568 1551 2615; x_wconf 85' lang='lat' dir='ltr'><strong>supplices</strong></span> <span class='ocrx_word' id='word_1_353' title='bbox 1574 2568 1767 2613; x_wconf 83' lang='lat' dir='ltr'><strong>deprecan-</strong></span> 
     </span>
     <span class='ocr_line' id='line_1_38' title="bbox 309 2612 1769 2662; baseline 0 -15"><span class='ocrx_word' id='word_1_354' title='bbox 309 2618 384 2656; x_wconf 88' lang='lat' dir='ltr'><strong>tur,</strong></span> <span class='ocrx_word' id='word_1_355' title='bbox 408 2614 534 2648; x_wconf 87' lang='lat' dir='ltr'><strong>aetatis</strong></span> <span class='ocrx_word' id='word_1_356' title='bbox 559 2626 642 2649; x_wconf 87' lang='lat' dir='ltr'><strong>suae</strong></span> <span class='ocrx_word' id='word_1_357' title='bbox 663 2619 700 2650; x_wconf 85' lang='lat' dir='ltr'><strong>et</strong></span> <span class='ocrx_word' id='word_1_358' title='bbox 723 2615 878 2651; x_wconf 83' lang='lat' dir='ltr'><strong>laborum</strong></span> <span class='ocrx_word' id='word_1_359' title='bbox 901 2628 966 2662; x_wconf 86' lang='lat' dir='ltr'><strong>pro</strong></span> <span class='ocrx_word' id='word_1_360' title='bbox 990 2628 1030 2651; x_wconf 90' lang='lat' dir='ltr'><strong>re</strong></span> <span class='ocrx_word' id='word_1_361' title='bbox 1052 2616 1193 2662; x_wconf 80' lang='lat' dir='ltr'><strong>publica</strong></span> <span class='ocrx_word' id='word_1_362' title='bbox 1214 2615 1282 2650; x_wconf 87' lang='lat' dir='ltr'><strong>iam</strong></span> <span class='ocrx_word' id='word_1_363' title='bbox 1305 2620 1385 2651; x_wconf 89' lang='lat' dir='ltr'><strong>ante</strong></span> <span class='ocrx_word' id='word_1_364' title='bbox 1410 2615 1651 2649; x_wconf 80' lang='lat' dir='ltr'><strong>exhaustorum</strong></span> <span class='ocrx_word' id='word_1_365' title='bbox 1674 2612 1769 2647; x_wconf 88' lang='lat' dir='ltr'><strong>inni-</strong></span> 
     </span>
     <span class='ocr_line' id='line_1_39' title="bbox 309 2659 1769 2707; baseline 0 -14"><span class='ocrx_word' id='word_1_366' title='bbox 309 2663 423 2693; x_wconf 76' lang='lat' dir='ltr'><strong>tentes</strong></span> <span class='ocrx_word' id='word_1_367' title='bbox 443 2659 680 2703; x_wconf 85' lang='lat' dir='ltr'><strong>excusationi;</strong></span> <span class='ocrx_word' id='word_1_368' title='bbox 702 2666 894 2707; x_wconf 86' lang='lat' dir='ltr'><strong>petuntque</strong></span> <span class='ocrx_word' id='word_1_369' title='bbox 918 2667 957 2697; x_wconf 90' lang='lat' dir='ltr'><strong>ut</strong></span> <span class='ocrx_word' id='word_1_370' title='bbox 975 2662 1042 2697; x_wconf 88' lang='lat' dir='ltr'><strong>hoc</strong></span> <span class='ocrx_word' id='word_1_371' title='bbox 1063 2662 1288 2697; x_wconf 86' lang='lat' dir='ltr'><strong>ministerium</strong></span> <span class='ocrx_word' id='word_1_372' title='bbox 1310 2661 1386 2697; x_wconf 84' lang='lat' dir='ltr'><strong>aliis</strong></span> <span class='ocrx_word' id='word_1_373' title='bbox 1403 2661 1611 2706; x_wconf 87' lang='lat' dir='ltr'><strong>imponatur.</strong></span> <span class='ocrx_word' id='word_1_374' title='bbox 1658 2670 1769 2704; x_wconf 82' lang='lat' dir='ltr'><strong>gene-</strong></span> 
     </span>
     <span class='ocr_line' id='line_1_40' title="bbox 309 2704 1767 2753; baseline 0.001 -15"><span class='ocrx_word' id='word_1_375' title='bbox 309 2704 394 2739; x_wconf 85' lang='lat' dir='ltr'><strong>ralis</strong></span> <span class='ocrx_word' id='word_1_376' title='bbox 417 2717 457 2739; x_wconf 90' lang='lat' dir='ltr'><strong>re</strong></span> <span class='ocrx_word' id='word_1_377' title='bbox 480 2705 611 2739; x_wconf 83' lang='lat' dir='ltr'><strong>infecta</strong></span> <span class='ocrx_word' id='word_1_378' title='bbox 634 2707 677 2740; x_wconf 90' lang='lat' dir='ltr'><strong>ad</strong></span> <span class='ocrx_word' id='word_1_379' title='bbox 700 2708 942 2752; x_wconf 84' lang='lat' dir='ltr'><strong>imperatorem</strong></span> <span class='ocrx_word' id='word_1_380' title='bbox 965 2708 1079 2753; x_wconf 89' lang='lat' dir='ltr'><strong>redit,</strong></span> <span class='ocrx_word' id='word_1_381' title='bbox 1111 2719 1299 2752; x_wconf 84' lang='lat' dir='ltr'><strong>eorumque</strong></span> <span class='ocrx_word' id='word_1_382' title='bbox 1333 2706 1573 2742; x_wconf 81' lang='lat' dir='ltr'><strong>excusationes</strong></span> <span class='ocrx_word' id='word_1_383' title='bbox 1609 2704 1767 2751; x_wconf 82' lang='lat' dir='ltr'><strong>exponit.</strong></span> 
     </span>
     <span class='ocr_line' id='line_1_41' title="bbox 310 2748 1768 2800; baseline 0.001 -17"><span class='ocrx_word' id='word_1_384' title='bbox 310 2750 354 2784; x_wconf 85' lang='lat' dir='ltr'><strong>ad</strong></span> <span class='ocrx_word' id='word_1_385' title='bbox 388 2762 429 2784; x_wconf 82' lang='lat' dir='ltr'><strong>ea</strong></span> <span class='ocrx_word' id='word_1_386' title='bbox 461 2751 609 2785; x_wconf 87' lang='lat' dir='ltr'><strong>Basilius</strong></span> <span class='ocrx_word' id='word_1_387' title='bbox 639 2748 821 2797; x_wconf 79' lang='lat' dir='ltr'><strong>“quando”</strong></span> <span class='ocrx_word' id='word_1_388' title='bbox 856 2754 906 2788; x_wconf 86' lang='lat' dir='ltr'><strong>ait</strong></span> <span class='ocrx_word' id='word_1_389' title='bbox 936 2750 1038 2789; x_wconf 81' lang='lat' dir='ltr'><strong>“fieri</strong></span> <span class='ocrx_word' id='word_1_390' title='bbox 1070 2766 1138 2789; x_wconf 90' lang='lat' dir='ltr'><strong>non</strong></span> <span class='ocrx_word' id='word_1_391' title='bbox 1168 2758 1286 2800; x_wconf 80' lang='lat' dir='ltr'><strong>potest</strong></span> <span class='ocrx_word' id='word_1_392' title='bbox 1308 2757 1347 2788; x_wconf 84' lang='lat' dir='ltr'><strong>ut</strong></span> <span class='ocrx_word' id='word_1_393' title='bbox 1370 2764 1434 2797; x_wconf 84' lang='lat' dir='ltr'><strong>ego</strong></span> <span class='ocrx_word' id='word_1_394' title='bbox 1459 2762 1600 2795; x_wconf 85' lang='lat' dir='ltr'><strong>exeam,</strong></span> <span class='ocrx_word' id='word_1_395' title='bbox 1634 2757 1672 2786; x_wconf 85' lang='lat' dir='ltr'><strong>et</strong></span> <span class='ocrx_word' id='word_1_396' title='bbox 1701 2750 1768 2785; x_wconf 83' lang='lat' dir='ltr'><strong>hoc</strong></span> 
     </span>
     <span class='ocr_line' id='line_1_42' title="bbox 308 2796 1767 2845; baseline -0.001 -14"><span class='ocrx_word' id='word_1_397' title='bbox 308 2807 430 2831; x_wconf 90' lang='lat' dir='ltr'><strong>munus</strong></span> <span class='ocrx_word' id='word_1_398' title='bbox 451 2796 676 2831; x_wconf 87' lang='lat' dir='ltr'><strong>illustrissimi</strong></span> <span class='ocrx_word' id='word_1_399' title='bbox 698 2803 860 2833; x_wconf 82' lang='lat' dir='ltr'><strong>recusant</strong></span> <span class='ocrx_word' id='word_1_400' title='bbox 883 2800 981 2834; x_wconf 88' lang='lat' dir='ltr'><strong>obire</strong></span> <span class='ocrx_word' id='word_1_401' title='bbox 1001 2799 1181 2845; x_wconf 84' lang='lat' dir='ltr'><strong>magistri,</strong></span> <span class='ocrx_word' id='word_1_402' title='bbox 1207 2800 1440 2845; x_wconf 81' lang='lat' dir='ltr'><strong>inspectorum</strong></span> <span class='ocrx_word' id='word_1_403' title='bbox 1464 2797 1660 2832; x_wconf 85' lang='lat' dir='ltr'><strong>huiusmodi</strong></span> <span class='ocrx_word' id='word_1_404' title='bbox 1683 2808 1767 2831; x_wconf 87' lang='lat' dir='ltr'><strong>con-</strong></span> 
     </span>
     <span class='ocr_line' id='line_1_43' title="bbox 306 2842 1769 2892; baseline 0 -15"><span class='ocrx_word' id='word_1_405' title='bbox 306 2842 523 2878; x_wconf 81' lang='lat' dir='ltr'><strong>stitutionem</strong></span> <span class='ocrx_word' id='word_1_406' title='bbox 555 2853 621 2888; x_wconf 85' lang='lat' dir='ltr'><strong>ego</strong></span> <span class='ocrx_word' id='word_1_407' title='bbox 658 2844 771 2879; x_wconf 82' lang='lat' dir='ltr'><strong>omitti</strong></span> <span class='ocrx_word' id='word_1_408' title='bbox 800 2845 900 2881; x_wconf 84' lang='lat' dir='ltr'><strong>volo:</strong></span> <span class='ocrx_word' id='word_1_409' title='bbox 934 2851 1092 2892; x_wconf 83' lang='lat' dir='ltr'><strong>praestat</strong></span> <span class='ocrx_word' id='word_1_410' title='bbox 1123 2845 1255 2892; x_wconf 87' lang='lat' dir='ltr'><strong>quippe</strong></span> <span class='ocrx_word' id='word_1_411' title='bbox 1284 2844 1419 2891; x_wconf 84' lang='lat' dir='ltr'><strong>aliquos</strong></span> <span class='ocrx_word' id='word_1_412' title='bbox 1450 2843 1582 2879; x_wconf 89' lang='lat' dir='ltr'><strong>lucrum</strong></span> <span class='ocrx_word' id='word_1_413' title='bbox 1605 2843 1769 2878; x_wconf 82' lang='lat' dir='ltr'><strong>iniustum</strong></span> 
     </span>
    </p>
   </div>
  </div>
 </body>
</html>
