1890 3236
263 158 364 208 414
739 153 978 200 GEORGn
1011 153 1256 199 CEDRENI

263 274 332 318 καὶ
355 272 398 315 ἐν
421 274 479 330 τῷ
503 268 635 327 ὀβολῷ
659 267 792 311 εῗκόνα
817 265 1096 325 ἐγγράφεσθαι
1119 271 1193 312 τοῦ
1213 270 1418 326 σωτῆρος,
1450 269 1510 326 μὴ
1532 269 1728 330 πρότερον

264 340 410 385 τούτου
433 338 656 395 γινομένου.
723 335 948 394 ἐγράφοντο
970 337 1014 378 δὲ
1034 338 1100 379 καὶ
1122 334 1343 394 γράμματα
1364 336 1560 395 ῥωμαϊστὶ
1578 341 1622 386 ἐν
1641 344 1730 395 θοι-

261 410 368 466 τέρῳ
397 407 507 464 μέρει
536 399 617 463 ᾦδέ
645 422 701 462 πῃ
733 403 929 456 διεξιόντα
956 402 981 419 “
995 404 1150 460 Ἰησοῦς
1180 405 1363 463 Χριστὸς
1389 406 1730 462 βασιλεὺςβασι-

264 475 414 519 λέων.”
485 479 604 516 τοῦτο
629 474 674 515 δὲ
694 475 761 516 καὶ
782 472 821 515 οἳ
838 475 1016 528 καθεξῆς
1034 472 1234 529 ἐτήρησαν
1251 478 1445 529 βασιλεῖς.
1511 478 1729 525 Βασιλείου

266 545 311 587 de*
330 547 404 587 τοῦ
423 539 673 599 πατριάρχου
694 542 760 584 ἐπ’
782 543 927 592 αἰτίαις
945 542 1239 597 διαβληθέντος
1258 544 1326 586 καὶ
1343 544 1564 596 συνοδικῶς
1578 548 1764 597 καθαμό

268 613 457 673 ρεθέντος
477 608 714 667 προεβλήθη
735 608 986 667 πατριάρχης
1002 608 1211 662 Ἀντώνιος
1230 609 1251 653 ὃ
1272 613 1506 667 Στουδίτης.

405 677 632 737 Αὐγούστῳ
662 680 707 722 δὲ
737 680 857 735 μηνί,
892 681 1135 730 ῗνὸικτιῶνος
1162 678 1214 736 γ’,
1249 677 1378 737 ἐφάνη
1408 682 1475 723 καὶ
1504 676 1733 738 κομήτηςπὸ

270 746 483 804 λεγόμενος
523 748 759 804 πωγωνίας,
808 747 876 791 καὶ
908 749 1091 806 ἐφαίνετο
1121 748 1196 799 ἕως
1221 749 1470 806 Ὄκτωβριόυ
1502 749 1630 805 μηνὸς
1647 753 1735 805 τῆς

272 815 467 874 τετάρτης
509 818 768 868 ι’νδικτιῶνος.
836 815 1061 874 προεμήνυε
1104 818 1147 860 δ’
1184 812 1302 867 οὗτος
1332 817 1403 860 τὸν
1431 822 1505 860 τοῦ
1533 818 1736 872 βασιλέως

219 894 252 930 C
276 885 457 928 θάνατον
487 887 553 928 καὶ
578 884 652 936 τὰς
679 883 904 940 μελλούσας
930 891 1144 940 κατασχεῖν
1169 886 1243 941 τὴν
1262 884 1471 941 Ῥωμαίων
1493 890 1568 943 γῆν
1588 888 1632 930 ἐκ
1651 891 1734 932 τῶν
1745 891 1792 930 10

273 955 479 1012 ἐμφυλίων
499 955 684 1008 πολέμων
708 953 1060 1011 ἀπαραμυθήτως
1081 952 1219 1008 τύχας.

411 1026 507 1065 Τῶν
535 1023 575 1066 ‹5’
605 1021 683 1065 ὑπὸ
712 1028 786 1066 τοῦ
810 1024 1010 1077 βασιλέως
1036 1022 1278 1081 Νικηφόρον
1305 1026 1636 1080 προσκτηθεισῶν
1657 1019 1736 1066 πό-

274 1096 373 1134 λεων
397 1093 464 1134 καὶ
485 1095 566 1134 τῶν
587 1089 810 1149 ὗποφόρων
829 1092 1050 1148 γενομένων
1066 1090 1300 1146 Ῥωμαίοις,
1336 1090 1391 1143 ὥς
1417 1091 1649 1150 ἔμπροσθεν
1675 1091 1735 1136 εἴ·

273 1177 408 1218 ρηται,
437 1160 649 1218 ἀραμένων
666 1161 838 1218 πτέρναν
858 1162 925 1202 καὶ
943 1160 1015 1216 τὴν
1028 1158 1255 1217 Ῥωμαϊκὴν
1274 1160 1600 1216 ἀποσεισαμένων
1618 1161 1734 1212 ἕξου-

271 1230 385 1282 σίαν,
420 1227 542 1281 ἔξεισι
570 1228 667 1272 κατ’
693 1230 826 1273 αὐτῶν
849 1227 869 1270 ὃ
891 1229 1083 1283 βασιλεὺς
1105 1232 1172 1272 καὶ
1197 1229 1353 1273 ἄπεισιν
1375 1229 1469 1287 ἄχρι
1491 1229 1734 1284 Δαμασκοῦ.
1745 1235 1790 1274 15

273 1299 342 1340 καὶ
370 1297 444 1348 τὰς
468 1298 542 1352 μὲν
568 1302 713 1341 πειθοῖ
733 1300 802 1341 καὶ
826 1295 932 1357 λόγῳ
961 1298 1035 1349 τὰς
1061 1299 1107 1341 δὲ
1136 1299 1297 1357 πολέμῳ
1322 1301 1388 1341 καὶ
1408 1300 1482 1358 βίᾳ
1504 1297 1736 1354 ἀνακτησά-

271 1383 405 1421 μενος,
432 1368 506 1408 καὶ
522 1364 655 1410 πάντα
676 1367 782 1410 κατὰ
803 1366 848 1410 τὸ
873 1367 1024 1423 πρέπον
1043 1365 1411 1423 καταστησάμενος,
1438 1367 1615 1420 ἀνέζευξε
1634 1366 1738 1424 πρὸς

271 1435 347 1489 τὴν
371 1436 580 1489 βασιλίδα.
646 1434 854 1491 γενόμενος
877 1436 922 1478 δὲ
945 1435 1049 1478 κατὰ
1071 1436 1143 1490 τὴν
1157 1435 1428 1493 Ἀνάξαρβον,
1463 1437 1529 1478 καὶ
1552 1434 1624 1479 τὸν
1642 1437 1738 1478 Πο-

274 1503 425 1546 δανδὸν
441 1506 507 1546 καὶ
525 1503 598 1554 τὰς
615 1504 759 1555 λοιπὰς
774 1502 1008 1561 παροδεύων
1026 1502 1189 1561 χώρας,
1222 1507 1290 1547 καὶ
1310 1505 1471 1558 βλέπων
1490 1504 1542 1548 τὰ
1564 1505 1606 1547 ἓν
1626 1505 1736 1556 ποσί,

273 1570 432 1626 κτήσεις
458 1589 501 1615 τε
535 1570 642 1630 ὅριῦν
670 1576 898 1623 πολυτελεῖς
927 1575 994 1616 καὶ
1022 1574 1156 1629 χωρία
1185 1573 1317 1630 εὐφυῆ
1347 1590 1390 1616 τε
1423 1573 1488 1615 καὶ
1517 1570 1793 1630 πάιιφορα,20

222 1648 255 1684 D
280 1638 568 1683 διεπυνθάνετο
600 1641 695 1691 τοὺς
723 1642 1050 1699 παρευρημένους
1079 1642 1184 1692 τίνος
1213 1640 1264 1684 ἂν
1291 1642 1359 1683 καὶ
1383 1639 1456 1684 εἶεν
1481 1635 1614 1684 αὗται.
1681 1639 1738 1692 ὥς

276 1709 322 1752 δ’
351 1706 556 1763 ἐμάνθανε
579 1706 690 1766 παρὰ
709 1714 788 1752 τῶν
812 1710 1076 1766 ἓρωτωμένων
1100 1708 1162 1752 ὅτι
1183 1727 1257 1766 περ
1279 1714 1351 1752 τοῦ
1372 1708 1737 1767 παρακοιμωμένου

230 1828 233 1830 μ
277 1778 354 1821 εἶσὶ
382 1778 599 1821 Βασιλείου
626 1782 777 1832 πᾶσαι,
811 1777 914 1834 αὕτη
933 1779 1007 1833 μὲν
1025 1780 1093 1822 καὶ
1116 1777 1218 1835 αὕτη
1235 1776 1447 1834 Ῥωμαίοις
1466 1782 1738 1836 προσκτηθεΐ-

366 1896 393 1932 8
429 1893 655 1942 Ὀκτωβρίου
692 1893 835 1940 μηνὸς]
878 1894 972 1932 ὀκτὼ
1010 1896 1138 1941 μηνῶν
1172 1894 1205 1931 Ρ
1386 1897 1433 1934 17
1461 1892 1678 1943 ἀνεζεύγνυε
1706 1897 1739 1932 G

367 1942 414 1979 18
437 1939 655 1989 ἀνάβαρζοιν
677 1941 741 1978 καὶ
763 1939 805 1978 τὸ
829 1940 1024 1979 πανδαδόν
1046 1943 1077 1978 C

278 2043 379 2080 obolo
402 2045 594 2080 servatoris
616 2044 871 2092 insculperetur
892 2045 1027 2091 imago,
1050 2044 1143 2090 quod
1165 2044 1311 2081 antehac
1328 2057 1397 2080 non
1411 2045 1529 2089 fuerat
1540 2050 1739 2091 receptum3

280 2096 318 2125 et
340 2089 442 2125 alteri
466 2092 558 2136 parti
581 2092 727 2126 inscribi
746 2092 850 2126 iussit
868 2089 992 2127 “Iesus
1016 2091 1176 2127 Christus
1198 2104 1262 2126 rex
1284 2088 1441 2137 regum.”
1484 2092 1578 2136 quod
1597 2103 1739 2126 succes-

280 2148 379 2172 sores
411 2137 515 2171 etiam
544 2139 787 2173 observarunt.
833 2138 964 2173 Basilio
987 2138 1206 2183 patriarchae
1230 2138 1374 2172 crimina
1397 2139 1564 2183 quaedam
1587 2138 1740 2182 obiecta,

280 2183 381 2227 isque
403 2182 441 2216 in
463 2184 610 2218 concilio
631 2189 819 2230 propterea
841 2184 1022 2230 depositus
1053 2195 1130 2219 cum
1153 2189 1266 2229 esset,
1299 2184 1450 2219 Antonio
1481 2182 1644 2218 studitae
1673 2194 1741 2230 pa-

280 2227 493 2263 triarchatus
516 2231 696 2265 mandatus
723 2235 789 2264 est.
1487 2261 1491 2267 .

373 2274 527 2318 Augusto
551 2287 688 2320 mense,
723 2275 914 2311 indictione
935 2276 1061 2320 tertia,
1093 2279 1228 2311 cometa
1251 2275 1407 2319 exstitit,
1443 2286 1544 2321 quem
1565 2285 1587 2309 a
1609 2275 1742 2310 barbae

278 2320 392 2354 forma
422 2321 607 2365 pogoniam
637 2327 787 2364 vocant;
821 2327 858 2357 et
887 2322 984 2357 visus
1008 2327 1062 2357 est
1085 2333 1194 2367 usque
1217 2322 1261 2356 ad
1284 2327 1442 2356 octavum
1475 2332 1624 2355 mensem
1647 2320 1743 2355 indi-

281 2365 408 2399 ctionis
440 2372 601 2410 quartae.
658 2368 688 2402 is
716 2370 1016 2414 praemonstrabat
1043 2368 1265 2413 imperatoris
1297 2367 1428 2402 obitum
1463 2373 1499 2402 et
1529 2366 1742 2411 calamitates

280 2410 574 2458 immedicabiles,
617 2425 706 2460 quae
744 2420 889 2461 propter
927 2414 1046 2449 civilia
1082 2414 1176 2449 bella
1214 2414 1447 2449 Romanorum
1479 2412 1611 2448 dicioni
1641 2417 1743 2448 erant

282 2462 466 2495 eventura.

377 2503 574 2538 Secundum
596 2504 683 2540 haec
705 2505 895 2552 imperator
917 2505 1172 2551 expeditionem
1195 2504 1283 2540 facit
1305 2508 1427 2539 contra
1443 2515 1503 2538 eas
1518 2504 1623 2539 urbes
1638 2514 1742 2549 quae,

283 2546 338 2581 uti
369 2548 563 2593 docuimus,
601 2552 645 2585 ab
670 2551 880 2596 imperatore
901 2552 1102 2597 Nicephoro
1125 2553 1289 2586 subactae
1311 2550 1404 2585 bello
1429 2556 1466 2584 et
1488 2549 1652 2584 Romanis
1675 2549 1742 2583 sti-

281 2593 485 2639 pendiariae
517 2596 632 2630 factae
661 2597 881 2640 defecerant3
916 2604 952 2632 et
983 2599 1187 2632 Damascum
1218 2608 1330 2641 usque
1362 2596 1540 2641 profectus
1563 2594 1744 2631 nonnullas

286 2638 428 2682 verbis,
463 2642 628 2685 quasdam
651 2643 739 2677 bello
764 2647 799 2678 et
823 2643 860 2678 vi
882 2648 1084 2689 recuperat,
1120 2648 1156 2678 et
1180 2642 1336 2678 omnibus
1358 2641 1429 2676 rite
1451 2640 1650 2676 constitutis
1673 2640 1744 2676 iter

287 2684 423 2718 domum
454 2697 576 2721 versus
609 2688 773 2723 instituit.
822 2701 864 2723 eo
897 2690 935 2724 in
966 2690 1095 2724 itinere
1126 2700 1202 2724 cum
1230 2689 1445 2723 Anazarbam
1476 2687 1676 2722 Podandum
1706 2689 1743 2721 et

286 2729 424 2783 reliqua
446 2730 523 2765 loca
544 2734 730 2778 transiret,
762 2734 970 2781 videretque
993 2736 1109 2771 obiter
1130 2734 1314 2780 magnifica
1340 2739 1377 2768 et
1399 2732 1610 2767 fertilissima
1637 2743 1744 2778 prae-

287 2775 367 2819 dia,
399 2776 574 2820 quaesivit
604 2791 649 2814 ex
677 2779 722 2814 iis
752 2781 813 2825 qui
834 2782 982 2816 aderant
1006 2782 1144 2827 quinam
1171 2781 1291 2815 horum
1317 2784 1434 2814 essent
1460 2778 1601 2813 domini.
1647 2787 1742 2812 cum·

288 2831 358 2869 que
379 2823 649 2869 responderetur
671 2826 787 2862 omnia
810 2838 853 2862 ea
875 2839 954 2863 esse
976 2827 1100 2863 Basilii
1117 2825 1319 2862 cubicularii
1336 2825 1466 2871 intimi,
1490 2823 1621 2871 partim
1633 2833 1742 2870 nuper
