1890 3236
291 205 385 251 122
758 200 1022 246 -GEoRan
1037 201 1283 246 CEDRENI

285 313 492 373 τευμάτων
520 312 655 369 ἐδέησε
684 317 852 369 βουλῆς.
919 314 987 357 καὶ
1019 311 1041 356 ὃ
1070 314 1145 370 μὲν
1168 313 1376 371 Mamm
1395 314 1445 359 οὗ
1463 315 1620 360 δίκαιον
1630 313 1744 376 &eye

276 386 456 442 βασιλέα
473 377 681 436 Ῥωμαίων
702 382 805 439 πρὸς
825 382 1114 438 ἀμερμουμνῆν
1128 386 1338 438 πολεμεῖν,
1372 383 1478 427 ἀλλά
1505 402 1604 429 τινα,
1623 386 1746 444 μέρος

285 453 464 507 λαβόντα
494 455 574 494 τῶν
604 455 838 507 στρατηγῶν
869 452 1012 502 ἐξιέναι
1036 452 1142 495 κατὰ
1168 451 1385 510 πρόσωπον
1406 458 1487 496 τῶν
1506 453 1742 512 ἔχθρῶιᾶὥ

291 521 502 578 Θεόφοβος
529 519 574 562 δὲ
602 520 670 561 καὶ
699 519 825 562 αὐτὸν
844 520 912 566 ,ἐπὶ
940 520 1203 578 παρατάξεως
1225 519 1324 564 εἶναι
1344 521 1414 565 τὸν
1433 522 1605 576 βασιλέα
1625 520 1746 576 ἐβοᾶ-

287 595 401 640 λετο,
447 590 515 630 καὶ
552 584 708 645 νύκτωρ
737 587 1010 643 ἐπιθήσεσθαι
1037 596 1121 640 τοῖς
1149 591 1314 646 ἐχθροῖς
1345 589 1448 645 μετὰ
1477 594 1552 634 τοῦ
1584 592 1778 643 πεζικοῧό

287 655 569 714 συνεβούλευε,
612 656 959 712 συνεπιθήσεσθαι
989 658 1055 710 δέ,
1099 657 1163 701 ὅτε
1199 657 1330 714 δεήσει
1339 690 1352 711 ,
1394 660 1462 701 καὶ
1493 658 1539 702 τὸ
1571 656 1762 703 ἱππικόνψ

287 726 381 768 ἀλλ’
407 726 479 768 οὖκ
501 725 627 768 ἔπεισε
647 726 720 768 τὸν
738 726 930 780 βασιλέα,
958 731 1118 770 πολλῶν
1145 725 1334 770 εἰπόντων
1357 727 1748 786 σφετερίζεσθαιαὸν

292 793 506 852 Θεόφοβον
533 794 607 848 τὴν
636 798 717 837 τῶν
736 793 944 849 Ῥωμαίων
974 794 1097 847 δόξαν
1123 798 1190 838 καὶ
1224 795 1291 838 διὰ
1316 799 1435 839 τοῦτο
1455 794 1683 850 βούλεσθαι
1704 797 1747 840 ἓν

237 873 267 907 G
280 865 403 908 νυκτὶ
421 866 621 916 πολεμεῖν.
688 861 821 914 ἔδοξεν
839 858 910 906 οὖν
930 866 987 914 εἲς
1007 865 1237 922 τούμφανὲς
1255 865 1357 919 μεθ’
1377 863 1532 923 ἡμέραν
1549 861 1750 922 συρράξαι

290 932 361 976 τὸν
402 930 589 986 πόλεμον.
655 928 676 973 ὅ
709 932 783 987 μὲν
818 927 888 975 οὖν
921 931 1207 990 ἄμερμουμνῆς
1232 932 1452 990 ’Ῑμπραήλ,
1506 932 1582 976 εἷ’τε
1613 932 1747 983 ἄλλως
1759 940 1803 976 10

291 997 704 1054 καταλαζονευόμενος
722 1000 798 1043 εἴτε
815 1001 866 1056 δὴ
886 1003 954 1043 καὶ
974 1001 1042 1044 τὸν
1067 1001 1238 1056 βασιλέα
1263 999 1599 1059 κατορρωὸήσας,
1626 1001 1750 1058 μέρος

292 1074 364 1124 τῆς
394 1073 584 1126 στρατιᾶς
612 1069 737 1110 αὐτοῦ
763 1069 901 1124 λαβὼν
927 1069 1176 1127 ἀνεχώρησεν
1184 1092 1205 1122 ,·
1225 1069 1475 1128 Ἀβουζάχαρ
1497 1070 1545 1113 δέ
1560 1086 1651 1113 τινα
1669 1074 1750 1113 τῶν

293 1136 439 1181 ἑαυτοῦ
471 1141 705 1194 στρατηγῶν
732 1138 835 1195 πρὸς
857 1138 927 1181 τὸν
949 1138 1053 1182 κατὰ
1072 1139 1271 1193 βασιλέως
1288 1137 1462 1193 πόλεμον
1478 1138 1581 1193 μετὰ
1598 1135 1751 1197 μυριά-

293 1209 376 1249 δων
405 1205 509 1248 anub
538 1205 819 1256 ἐξαπέστειλεν.
887 1205 1124 1262 ε’γγισάντων
1158 1208 1202 1250 δὲ
1228 1212 1307 1250 τῶν
1339 1205 1650 1264 στρατευμάτων
1681 1207 1749 1248 καὶ

292 1278 526 1329 συμπλοκῆς
553 1276 765 1330 γενομένης
794 1277 860 1318 καὶ
888 1279 1049 1318 πολλῶν
1081 1274 1330 1333 ἑκατέρωθεν
1355 1274 1602 1328 πιπτόντων,
1634 1274 1749 1324 τέλος
1762 1281 1804 1317 15

293 1343 449 1386 ἔκλιναν
477 1343 519 1385 αἱ
547 1345 688 1397 σχολαὶ
706 1345 809 1398 μετὰ
828 1348 900 1386 τοῦ
919 1346 1156 1399 ὄομεστίκου
1178 1346 1245 1388 καὶ
1265 1344 1367 1402 πρὸς
1387 1342 1603 1400 ὑπαγωγὴν
1620 1341 1751 1398 ἐκινή-

292 1417 444 1466 θησαν.
511 1409 532 1453 ὅ
570 1411 761 1465 βασιλεὺς
795 1413 839 1455 δὲ
875 1414 978 1466 μετὰ
1002 1417 1076 1467 τῆς
1101 1416 1314 1467 βασιλικῆς
1340 1411 1548 1470 φάλαγγος
1577 1413 1645 1455 καὶ
1676 1409 1750 1454 δύο

290 1478 485 1535 χιλιάδων
504 1482 699 1537 Περσῶν,
733 1480 953 1538 προσόντος
974 1482 1109 1532 αὐτοῖς
1129 1484 1196 1523 καὶ
1215 1485 1288 1524 τοῦ
1311 1479 1525 1538 Θεοφόβου
1535 1512 1550 1533 ,
1578 1481 1645 1523 ἐπί
1661 1496 1751 1523 τινα

294 1548 443 1603 βουνὸν
477 1547 623 1600 ἄνεισι,
667 1549 1044 1607 περιστοιχισάντων
1073 1555 1215 1592 τοῦτον
1242 1554 1323 1592 τῶν
1355 1552 1617 1606 Σαρακηνῶν.
1684 1549 1752 1590 καὶ

240 1625 272 1660 D
299 1617 392 1674 ἄχρι
416 1618 491 1672 μὲν
518 1615 688 1675 ἑσπέρας
710 1619 836 1669 πολὺς
859 1614 908 1674 ἦν
925 1616 946 1660 ὅ
966 1621 1056 1675 περὶ
1075 1619 1207 1661 αὐτῶν
1224 1616 1418 1672 πόλεμος,
1445 1622 1526 1660 τῶν
1545 1617 1620 1672 μὲν
1640 1617 1807 1660 ἕλω-20

297 1686 442 1739 ζόντων
472 1685 727 1740 αἰχμάλωτον
751 1691 893 1730 τοῦτον
919 1691 1076 1742 λαβεῖν,
1119 1692 1200 1730 τῶν
1230 1687 1274 1729 δὲ
1305 1687 1565 1741 ἀμυνομένων
1598 1687 1666 1728 καὶ
1694 1685 1751 1740 μὴ

297 1757 518 1813 προδοῦναι
557 1755 628 1798 τὸν
666 1757 837 1811 βασιλέα
876 1756 1137 1811 ἀνεχομένων.
1204 1755 1268 1798 διὸ
1308 1755 1451 1806 νυκτὸς
1482 1754 1755 1812 ἐπιγενομένης

388 1886 408 1920 1
433 1883 602 1930 βασιλεὺς
624 1885 655 1920 C
770 1887 791 1921 5
813 1887 893 1925 τοῖς
915 1904 960 1910 -
984 1887 1007 1921 6
1027 1882 1344 1927 συνεπιθήσεσθαι
1365 1895 1420 1919 om
1442 1884 1473 1918 C
1585 1885 1615 1921 6
1631 1880 1672 1918 δ”
1696 1879 1757 1918 ὅτι

390 1928 519 1974 δεήσοι
542 1931 572 1965 C
693 1933 717 1968 9
742 1931 999 1976 συρράξασθαι
1021 1931 1051 1965 Ρ
1173 1934 1219 1967 10
1241 1929 1401 1976 ἰμβραήλ
1423 1930 1455 1965 C
1570 1931 1614 1967 11
1636 1930 1756 1976 φοβη-

391 1976 476 2017 θεὶς
496 1988 616 2022 margo
639 1978 670 2012 C
805 1980 848 2014 19
871 1975 1017 2019 τούτοις
1038 1978 1068 2013 Ρ
1205 1976 1268 2012 καὶ
1287 1989 1342 2011 om
1361 1977 1393 2010 C

300 2095 504 2138 perventum
536 2094 651 2135 esset,
685 2103 725 2126 re
748 2091 785 2126 in
809 2092 1095 2127 deliberationem
1119 2095 1267 2136 vocata,
1301 2090 1482 2126 Manuelus
1505 2089 1642 2125 censuit
1663 2089 1757 2124 indi—

300 2149 405 2183 gnum
445 2149 523 2172 esse
560 2137 800 2184 imperatorem
841 2132 1072 2173 Romanorum
1103 2138 1179 2172 acie
1210 2138 1376 2182 congredi
1406 2148 1482 2172 cum
1511 2147 1756 2172 amermumnaz

302 2195 406 2218 unum
443 2183 590 2228 aliquem
629 2195 705 2219 cum
739 2189 842 2229 parte
880 2184 1003 2218 ducum
1043 2188 1080 2219 et
1117 2184 1291 2218 exercitus
1327 2183 1362 2218 ei
1399 2184 1528 2218 debere
1558 2193 1756 2221 occurrere.

302 2229 540 2274 Theophobus
562 2230 672 2276 ipsum
696 2241 833 2276 quoque
855 2229 1097 2276 imperatorem
1118 2241 1255 2275 pugnae
1276 2230 1447 2264 interesse
1466 2228 1595 2274 voluit,
1627 2228 1757 2263 suasit-

303 2287 372 2320 que
394 2279 434 2309 ut
457 2287 531 2310 cum
562 2276 718 2322 peditatu
739 2277 858 2312 hostes
882 2288 946 2322 per
968 2282 1103 2311 noctem
1125 2275 1342 2320 adoriretur,
1377 2274 1572 2320 equitibus,
1603 2274 1665 2310 ubi
1694 2285 1756 2308 ne-

304 2320 451 2355 cessitas
484 2322 711 2367 postulasset,
744 2334 845 2368 opem
867 2321 1003 2357 laturis.
1049 2321 1147 2357 multi
1170 2327 1372 2356 nocturnum
1395 2320 1522 2356 bellum
1549 2319 1690 2355 suaderi
1712 2321 1757 2355 ab

305 2378 348 2400 eo
383 2368 565 2413 dicebant,
598 2373 637 2403 ut
659 2369 890 2404 Romanorum
911 2368 1055 2413 gloriam
1077 2380 1172 2403 suam
1194 2368 1349 2410 faceret3
1383 2367 1534 2412 ideoque
1561 2367 1758 2412 improbato

306 2412 382 2447 eius
406 2414 569 2458 consilio,
594 2414 783 2461 imperator
807 2419 928 2460 aperto
951 2414 1067 2449 Marte
1088 2414 1241 2449 interdiu
1265 2413 1388 2448 statuit
1410 2425 1486 2447 cum
1508 2412 1611 2448 hoste
1633 2411 1757 2446 confli-

306 2469 404 2502 gere.
451 2465 601 2495 ceterum
623 2460 812 2506 Impraelus
837 2472 1079 2505 amermumna,
1102 2459 1304 2506 arrogantia
1323 2460 1448 2494 ductus
1470 2470 1515 2493 an
1536 2457 1759 2504 imperatoris

307 2507 401 2537 metu
423 2503 589 2541 incertum
603 2533 613 2551 ,
643 2518 719 2542 cum
744 2512 844 2553 parte
864 2508 1038 2542 exercitus
1059 2506 1114 2541 sui
1136 2506 1316 2550 discessit,
1337 2505 1459 2540 relicto
1482 2515 1557 2538 cum
1581 2503 1760 2548 octoginta

307 2549 443 2584 milibus
468 2552 510 2584 ad
535 2563 681 2596 pugnam
698 2553 923 2588 Abuzachare
943 2554 1090 2598 quodam
1110 2564 1249 2587 suorum
1271 2553 1407 2586 ducum.
1454 2549 1634 2584 commisso
1654 2560 1758 2593 prae-

307 2595 379 2638 lio,
414 2607 488 2630 cum
513 2598 674 2643 utrinque
696 2599 794 2634 multi
818 2599 1047 2643 cecidissent,
1071 2599 1211 2633 tandem
1233 2599 1394 2633 cohortes
1418 2595 1580 2638 (scholas
1602 2595 1673 2640 ipsi
1695 2606 1760 2628 vo-

309 2642 461 2686 cabant)
485 2654 554 2676 una
571 2656 645 2678 cum
667 2645 854 2680 domestico
878 2645 1013 2689 (officii
1034 2646 1101 2680 hoc
1123 2656 1246 2679 nomen
1270 2645 1351 2687 est)
1373 2641 1561 2676 inclinatae
1581 2644 1762 2675 cesserunt

309 2688 493 2732 Agarenis.
539 2688 724 2733 imperator
748 2703 822 2726 cum
844 2692 988 2726 cohorte
1011 2691 1189 2736 praetoria
1211 2695 1248 2726 et
1268 2690 1400 2724 duobus
1417 2688 1603 2721 Persarum
1622 2686 1761 2721 milibus

311 2745 354 2767 ac
386 2733 605 2780 'Pheophobo
636 2736 672 2769 in
704 2736 822 2771 collem
845 2738 1014 2782 quendam
1034 2737 1168 2779 evasit3
1195 2746 1295 2780 quem
1315 2732 1470 2778 Agareni
1491 2732 1695 2776 cinxerunt,
1726 2737 1762 2766 et

313 2791 423 2824 usque
446 2780 491 2815 ad
512 2791 695 2825 vesperam
718 2783 846 2817 acriter
869 2790 923 2817 est
945 2784 1140 2818 dimicatum
1153 2809 1164 2826 ,
1195 2782 1240 2816 iis
1275 2790 1400 2825 capere
1421 2778 1664 2824 imperatorem
1686 2779 1761 2812 Ro·-

314 2837 489 2860 manorum
519 2827 742 2873 conantibus,
778 2829 941 2863 Romanis
973 2834 1094 2864 contra
1124 2839 1188 2873 pro
1218 2827 1429 2871 imperatore
1461 2825 1602 2859 fortiter
1631 2835 1761 2869 propu-

314 2872 514 2917 gnantibus,
561 2879 663 2909 nocte
697 2875 790 2910 sacta
819 2875 1058 2921 Theophobus
1089 2875 1282 2910 Saracenos
1312 2876 1389 2906 arte
1418 2871 1565 2915 delusit,
1599 2869 1763 2905 militibus
