1916 3210
328 184 424 230 836
747 180 1040 223 XYLANDRI
1072 181 1145 223 ET
1181 180 1354 224 GOARI

439 297 467 333 t.
481 293 515 331 ΙΙ
536 306 572 344 p.
584 293 637 334 93
654 302 686 328 v.
700 291 761 330 17.
820 285 986 337 Χᾶνδαξ
1006 282 1314 341 ὀνομαζόμενος]
1345 290 1443 330 idem
1462 292 1643 332 modernis
1659 293 1780 333 Grae-

330 353 383 390 cis
400 344 624 401 χανδᾶκιον,
648 350 684 384 et
701 346 898 384 correctius
916 340 1077 396 χάνδαξ,
1103 358 1146 383 ac
1164 343 1289 399 χάραξ
1306 347 1478 398 antiquis,
1507 348 1780 401 scilicetjbssa,

330 404 630 450 vallum‚11nde
657 402 847 441 universae
875 401 1013 440 insulae
1048 401 1225 439 candiae
1250 415 1384 442 nomen
1410 403 1583 456 deinceps
1607 409 1667 444 est
1685 407 1781 445 indi-

330 470 418 503 tum.
473 462 605 500 Gom.

443 516 498 554 ib
519 529 553 554 v
574 517 637 557 19.
682 513 809 564 fama
831 513 889 549 rei
906 512 964 550 ad
980 512 1220 564 Photinum]
1249 513 1340 552 haec
1358 514 1410 552 sic
1430 515 1520 554 verti
1541 518 1582 554 ut
1601 491 1781 556 sententia

331 574 557 614 cohaereret:
586 583 671 608 nam
696 571 736 608 in
760 570 905 608 Graeco
930 569 1029 608 locus
1057 574 1114 610 est
1137 569 1296 609 mutilus.
1323 571 1415 610 er..
1472 571 1718 624 supplevimus
1735 585 1781 612 ex

330 630 503 682 Scylitze.
559 628 695 666 GOAR·
876 675 888 691 1
1805 674 1808 678 ,

443 690 471 724 t.
489 685 525 722 ΙΙ
551 697 591 735 p.
612 683 666 724 94
688 694 722 720 v.
745 683 781 722 1.
837 693 994 732 κομητα
1019 682 1094 722 τοῦ
1121 682 1331 734 βασιλικοῦ
1357 680 1642 736 ἷπποστασίου]
1686 685 1783 725 hunc

332 741 430 782 nullo
451 741 601 790 negotio
624 739 802 775 comitem
820 736 986 783 stabuli,
1014 741 1058 776 ut
1075 742 1219 777 veteres
1236 738 1370 777 Franci
1387 738 1650 790 loquebantur,-
1677 741 1784 785 intel-

333 799 447 848 ligere
462 809 678 848 possumus,
707 806 814 844 quem
831 794 1052 845 posteriores
1070 794 1200 833 Graeci
1217 796 1526 846 κοντοσταῦλον,
1553 797 1670 836 nostri
1687 810 1783 835 con-

333 853 536 891 stabulum
555 856 594 891 et
613 849 952 888 constabularium
969 854 1197 889 vocaverunt.
1253 851 1388 889 Gom.

424 909 499 956 ib.
522 922 554 948 v.
575 910 640 948 10.
701 906 941 956 Saracenos]
971 907 1196 958 promiscue,
1226 910 1269 944 ut
1293 911 1331 946 et
1352 907 1432 956 alii,
1459 905 1648 959 Agar-enos
1669 908 1784 949 Sara-
1812 934 1814 936 -

333 978 516 1016 cenosque
546 965 661 1016 ponit.
719 963 820 1013 quod
848 966 972 1001 autem
1000 963 1050 1001 de
1078 963 1275 1002 Chandace
1301 965 1502 1015 praecessit
1535 969 1574 1004 et
1605 966 1784 1016 sequitur,

334 1023 483 1061 omnino
508 1023 601 1059 inter
620 1033 660 1058 se
679 1022 839 1070 pugnat,
867 1019 938 1057 nisi
957 1019 995 1056 in
1013 1019 1133 1057 media
1154 1019 1208 1056 his
1211 1020 1304 1057 toria
1322 1019 1458 1070 aliquid
1476 1020 1632 1071 excidit,
1661 1026 1727 1060 aut
1744 1023 1783 1060 in

334 1078 539 1117 nominibus
567 1080 726 1114 erratum
752 1078 818 1113 est.
876 1076 940 1125 qui
964 1075 1060 1114 enim
1085 1075 1275 1113 iubeantur
1302 1076 1448 1114 castra
1438 1089 1476 1115 m
1496 1051 1694 1117 Chand’ace
1714 1091 1783 1130 po-

334 1147 441 1183 nere,
470 1135 533 1172 ubi
556 1145 599 1171 ea
615 1132 687 1170 iam
709 1135 796 1170 ante
814 1129 1027 1170 habebant?
1081 1131 1173 1169 Xx'r..

446 1194 473 1228 t
492 1189 526 1227 Il
554 1202 591 1240 p.
611 1190 664 1230 97
686 1200 719 1225 v.
736 1190 802 1229 20.
860 1185 1211 1240 συντουρμαρχων]
1241 1188 1395 1240 τοῦρμα
1425 1200 1558 1238 agmen
1585 1192 1642 1228 est
1668 1189 1783 1229 tribus

334 1246 539 1294 ordinibus,
566 1243 842 1295 sagittariorum
858 1243 1046 1292 videlicet,
1074 1243 1311 1294 peltastarum
1329 1247 1365 1282 et
1382 1243 1663 1293 lanceariorum,
1695 1258 1785 1285 con-

336 1306 459 1340 stans:
488 1302 526 1339 hi
555 1301 604 1338 ad
630 1304 801 1349 centum,
829 1299 889 1337 isti
906 1300 955 1338 ad
975 1303 1238 1347 trecentorum,
1269 1299 1331 1338 alii
1348 1300 1398 1338 ad
1414 1301 1695 1351 quingentorum
1714 1315 1785 1341 nu-

334 1371 475 1396 merum
519 1356 791 1402 ascendebant,
828 1356 958 1406 quibus
994 1351 1243 1407 τουρμιίρχης
1280 1356 1458 1394 exercitus
1488 1358 1571 1396 duci
1602 1357 1783 1396 subiectus

333 1417 514 1466 praeerat.
558 1413 649 1451 haec
666 1424 782 1463 pauca
801 1424 822 1450 e
839 1411 1002 1463 pluribus
1020 1424 1043 1449 a
1061 1411 1219 1462 Rigaltio
1237 1412 1347 1450 docte
1362 1411 1531 1453 collectis.
1581 1413 1728 1452 mGoAn

446 1474 474 1507 t.
494 1469 527 1507 ΙΙ
555 1482 595 1520 p.
615 1470 695 1509 100
713 1480 747 1507 V.
766 1467 806 1509 5·
867 1463 1185 1519 πενταπύργιον]
1217 1459 1388 1529 quattuor
1416 1470 1582 1508 rotundis
1608 1470 1647 1508 in
1672 1473 1784 1522 quat-

335 1530 419 1564 tuor
437 1525 578 1575 angulis
590 1553 603 1572 ,
632 1528 670 1563 et
687 1536 760 1561 una
774 1524 811 1561 in
828 1524 950 1563 medio
966 1524 1145 1574 quadrata
1159 1525 1247 1561 turri
1263 1522 1492 1563 exstructum
1548 1525 1683 1565 Gom.

285 1630 288 1634 ⁸
446 1585 475 1619 t.
493 1581 526 1618 11
554 1594 591 1632 p.
613 1581 690 1620 103
711 1591 744 1617 v.
767 1577 830 1620 14.
890 1579 1101 1630 Θεοκτίστη
1135 1576 1261 1630 ζωστή
1292 1593 1333 1618 τε
1361 1579 1430 1620 καὶ
1458 1580 1668 1634 πατρικία]
1711 1593 1785 1620 una

338 1643 457 1673 zostes
475 1637 551 1675 sive
569 1636 719 1672 cinctae
737 1635 926 1687 privilegio
943 1638 983 1674 et
999 1635 1195 1685 patriciae
1220 1636 1366 1674 nomine
1390 1641 1545 1686 augetur
1567 1637 1785 1676 Theoctista

335 1692 560 1731 Theodorae
591 1695 720 1730 mater.
776 1692 981 1730 ambierunt
1017 1692 1113 1731 enim
1149 1691 1258 1730 etiam
1289 1691 1445 1730 feminae
1471 1692 1717 1732 sublimiorum
1745 1696 1785 1732 et

334 1749 419 1786 viris
447 1747 673 1786 solummodo
698 1759 947 1786 concessarum
966 1747 1228 1798 appellationes
1248 1748 1487 1796 dignitatum,
1515 1749 1643 1798 quidni
1665 1753 1704 1788 et
1723 1750 1783 1787 in-

335 1805 476 1854 signia,
503 1817 600 1854 quae
623 1803 757 1841 nullam
783 1807 981 1852 arguerent
1003 1803 1041 1841 in
1064 1804 1148 1841 viris
1171 1803 1474 1852 iurisdictionem,
1504 1803 1616 1844 solam
1641 1805 1784 1843 indica-

335 1863 418 1898 rent
435 1860 693 1897 sublimitatem
711 1862 748 1897 et
765 1857 968 1897 honorem?
997 1859 1204 1909 patriciatus
1220 1862 1341 1897 autem
1354 1860 1512 1910 dignitas
1526 1860 1784 1910 iurisdictione,

337 1928 410 1966 qua
432 1915 594 1953 solitaria
617 1919 696 1963 est,
723 1918 849 1962 vacat,
879 1914 1017 1964 gloriae
1037 1915 1114 1953 fere
1134 1927 1324 1966 supremus
1343 1919 1400 1954 est
1417 1916 1575 1966 gradus,
1602 1917 1653 1956 ad
1674 1929 1784 1967 quem

334 1972 489 2022 proinde
505 1970 656 2009 feminas
676 1971 745 2009 sibi
762 1971 1023 2009 coniunctiores
1040 1974 1239 2022 potuerunt
1258 1972 1493 2023 imperatores
1515 1972 1687 2021 evehere,
1714 1985 1785 2012 nec

335 2040 412 2064 non
437 2027 646 2078 patriciatus
670 2027 779 2064 virilis
805 2026 1007 2077 insignibus
1035 2039 1229 2075 exornare,
1257 2027 1417 2078 cingulo
1444 2028 1621 2067 nimirum.
1676 2028 1783 2067 huius

334 2083 565 2121 coniecturae
590 2083 835 2120 ,Cassiodorus
862 2087 1047 2121 auctorem
1072 2096 1113 2121 se
1137 2083 1262 2134 prodit
1284 2083 1372 2121 Var.
1397 2085 1423 2124 6
1451 2086 1489 2125 2.
1547 2084 1647 2123 cuius
1671 2084 1783 2124 verba

336 2141 439 2176 sunt:
467 2138 561 2175 hinc
584 2145 640 2174 esc
661 2138 768 2189 quod
780 2140 1022 2188 patriciatus
1039 2137 1165 2176 honor
1180 2139 1263 2189 ipse
1279 2139 1431 2176 cinctus
1449 2146 1522 2186 est,
1551 2153 1642 2178 cum
1657 2152 1782 2178 vaca-

334 2201 409 2239 ret,
436 2194 538 2231 nihil
561 2195 838 2231 iurisdictionis
863 2195 1013 2233 habens
1038 2202 1076 2231 et
1098 2195 1311 2233 iudicantis
1330 2195 1537 2247 cingulum
1558 2209 1640 2234 non
1661 2196 1783 2247 depo-

334 2263 447 2287 nens:
477 2254 594 2289 morte
619 2251 754 2302 quippe
780 2264 855 2289 non
881 2251 1121 2301 exstinguitur
1144 2251 1259 2290 honor
1281 2252 1495 2298 huiusmodi.
1550 2252 1674 2291 subdit
1692 2265 1782 2305 pro-

334 2310 481 2358 pterea:
524 2313 686 2344 ornatus
710 2306 959 2353 individuus,
1002 2306 1210 2359 cingulum
1226 2307 1370 2355 fidele,
1407 2308 1516 2359 quod
1540 2309 1664 2346 nescit
1688 2314 1783 2346 ante

333 2362 504 2399 deserere
534 2376 655 2413 quam
689 2362 737 2399 de
767 2364 913 2401 mundo
942 2364 1061 2411 exire5
1093 2365 1240 2414 unique
1260 2371 1415 2401 tantum
1436 2364 1538 2401 cedit
1564 2364 1780 2416 (coronae)

321 2417 501 2468 fiilgori,
530 2431 645 2468 quem
670 2419 866 2456 interdum
894 2420 1012 2457 etiam
1037 2434 1065 2456 a
1090 2419 1202 2457 nohis
1231 2427 1385 2457 constat
1411 2421 1574 2457 assumi.
1634 2420 1686 2458 ita
1704 2420 1782 2458 for-

333 2474 430 2511 mula
451 2486 497 2512 ex
515 2475 687 2526 principis
705 2488 874 2526 persona.
931 2489 977 2515 ex
995 2475 1125 2525 quibus
1143 2488 1252 2526 quam
1271 2478 1406 2514 vicinus
1423 2477 1534 2515 fuerit
1546 2475 1780 2527 imperatorio

333 2529 568 2568 Theoctistae
596 2543 662 2568 ceu
694 2532 811 2569 socrui
837 2533 980 2571 delatus
1004 2532 1122 2569 honor
1141 2544 1215 2570 non
1237 2531 1382 2570 difficile
1404 2537 1460 2571 est
1481 2532 1663 2583 colligere.
1716 2544 1780 2570 se·-

332 2585 487 2623 cundam
520 2590 659 2624 zostem
691 2586 791 2637 leges
818 2600 856 2638 p.
883 2587 987 2635 580,
1022 2588 1165 2626 tertiam
1195 2602 1234 2638 p
1258 2589 1352 2629 591
1411 2584 1537 2638 ζώνης
1562 2581 1778 2640 νπεροχήν,

334 2641 426 2677 sicut
457 2645 494 2679 et
524 2642 571 2680 ob
600 2643 734 2681 crimen
765 2638 999 2694 ἀφαίρεσιν,
1028 2648 1204 2682 memorat
1217 2644 1310 2683 liber
1326 2642 1462 2682 Leonis
1486 2648 1526 2683 et
1546 2643 1778 2682 Constantini

333 2694 411 2733 ΔΑ.
428 2696 485 2735 tit.
506 2700 533 2738 7
553 2702 652 2735 tomo
673 2699 699 2737 2
719 2699 810 2738 Iuris
832 2699 915 2736 GR.
973 2700 1109 2739 GOAm

442 2755 469 2788 t.
483 2751 518 2789 11
546 2766 584 2803 p.
608 2752 686 2794 104
706 2756 826 2795 v.23.
879 2751 1248 2807 παρακεκομμὲνος]
1282 2758 1323 2794 ut
1344 2755 1513 2805 fatuus,
1547 2755 1600 2793 ita
1631 2757 1668 2792 et
1700 2760 1775 2791 toto

333 2817 488 2854 corpore
509 2814 687 2854 truncus,
716 2822 863 2856 nanu-5⁸,
893 2814 1005 2863 atque
1027 2813 1137 2851 etiam
1159 2813 1307 2848 excisus
1329 2811 1528 2858 virilibus,
1557 2809 1772 2848 eunuchus.
