1890 3236
684 172 1054 218 GLOSSARJUM.
1495 171 1596 220 937

26 290 37 301 “’
102 332 103 335 ¹
138 295 218 323 ιιιιιι
235 282 449 332 dicebatur,
487 277 774 335 πριμμικήριος
792 286 874 324 τῶν
893 284 1177 335 σιλεντιαρίων,
1205 283 1345 323 concil.
1366 283 1593 328 Chalcedon.

138 340 298 381 aot-11.
355 339 494 390 Agath.
519 340 565 382 5·
603 336 648 387 ὃς
669 337 720 393 δη
740 357 788 381 τα
811 356 949 394 πρωτα
968 343 1092 382 τελων
1122 341 1167 382 ἐν
1193 343 1276 390 τοῖς
1303 344 1376 395 τῆς
1396 337 1500 395 α’μφὶ
1523 339 1596 384 τὸν

138 394 303 450 βασιλέα
322 397 438 449 σιγῆς
454 392 693 444 ἐπισταταις.

253 450 486 504 σκᾶμνος
514 466 714 492 scamnum.
771 448 997 507 σκαμνᾶλια
1027 452 1166 495 concil.
1194 453 1430 507 Cpolitanum
1454 457 1523 493 act.
1551 455 1597 498 5·

140 505 360 563 ωνηθῆναί
379 525 470 550 τινα
489 505 728 576 σκαμναλια.

253 577 279 606 σ
288 581 312 606 κ
325 580 351 607 α
361 581 384 620 ρ
397 581 424 606 α
434 582 462 619 μ
474 562 499 606 ἅ
509 581 532 619 γ
542 584 564 621 γ
574 582 587 606 ι
599 582 620 607 ο
631 582 655 607 ν
685 567 973 618 scaramangtum
983 595 996 616 ‚
1035 567 1293 618 scaramangis.
1348 567 1599 619 Luitprandus

140 625 230 664 Ber.
247 621 388 675 Europ.
405 623 438 664 l.
450 625 477 666 6
496 637 527 662 c.
547 624 591 665 5:
635 637 726 661 cum
749 625 1028 676 scaramangis
1050 623 1216 662 duobus.
1276 625 1388 662 vestis
1418 626 1600 664 arcendae

141 680 287 734 pluviae
312 680 470 728 idonea,
511 685 551 718 ut
580 686 714 732 putant
740 681 808 719 viri
829 682 1064 720 eruditissimi
1085 681 1358 720 Leunclavius
1348 694 1386 719 ιιι
1410 681 1600 720 Pandecte

110 749 114 760 ²
140 737 302 776 'turcico
330 741 371 775 et
388 736 543 775 Vossius
570 737 594 776 1,
615 740 641 778 2
665 739 713 777 de
731 738 824 776 vitiis
850 739 1026 777 sermonis
1051 751 1083 776 c.
1106 739 1171 779 17.
1229 738 1385 777 viderint
1409 742 1532 776 tamen
1551 750 1600 776 an

141 794 430 843 scaramangium
453 794 628 842 sericum,
658 794 760 834 cuius
776 795 942 834 meminit
964 795 1119 833 Aehmes
1137 809 1167 833 c.
1189 794 1288 844 158,
1322 795 1487 834 arcendis
1509 793 1600 833 coeli

141 850 281 888 iniuriis
301 851 391 888 satis
407 850 579 888 idoneum
597 851 655 889 sit.
711 865 748 890 v.
767 851 920 890 Glossas
939 852 1084 890 Basilic.
1101 851 1138 889 in
1159 847 1288 891 πόλλι.

255 903 578 955 σκευοφῦλαξ
608 921 790 947 sacrorum
812 921 982 947 vasorum
1003 912 1140 946 custos.
1197 913 1234 947 et
1252 908 1315 958 qui
1335 907 1517 958 dignitate
1536 920 1599 946 ce-

142 963 232 1003 teris
251 963 472 1033 antistabat,
513 961 536 1004 ὅ
554 962 674 1016 μέγας
691 965 895 1006 dicebatur.
953 963 1153 1003 Concilium
1171 964 1394 1003 Fl‹›rentin.:
1438 962 1461 1003 ὅ
1481 962 1601 1016 μέγας

142 1014 436 1071 σκευοφύλαξ’
411 1035 433 1060 ο
451 1017 750 1069 Ξανθόπουλος.
808 1021 907 1060 locus
926 1026 1047 1060 autem
1064 1022 1102 1059 in
1122 1034 1196 1071 quo
1216 1021 1496 1060 asservabantur
1514 1033 1603 1059 vasa

143 1089 257 1116 sacra
269 1073 590 1128 σκευοφυλακιον
613 1079 815 1117 dicebatur.
873 1079 988 1116 Sexta
1018 1079 1190 1129 Synodus
1214 1079 1304 1129 Cp.:
1341 1075 1385 1117 τό
1417 1072 1603 1117 αὗθειτι-

143 1147 219 1174 κον
237 1133 395 1186 βιβλίον
416 1136 491 1174 τοῦ
509 1135 827 1185 σκευοφυλακὶου
847 1131 1042 1186 ὑπάρχον.
1068 1134 1285 1174 Anastasius
1300 1134 1603 1174 Bibliothecarius

145 1191 184 1229 in
199 1191 366 1230 Historia
379 1189 520 1230 Eccles.
539 1194 650 1230 vertit
668 1205 854 1230 vasorum
872 1191 1172 1229 custodiarium.

258 1247 518 1300 σκορπίων
547 1250 703 1301 scorpio.
759 1248 973 1299 Regnorum
998 1249 1021 1286 1.
1045 1250 1070 1289 3
1088 1261 1121 1286 c.
1143 1250 1211 1290 12:
1242 1243 1318 1300 ἐγῶ
1338 1244 1382 1287 δὲ
1401 1242 1605 1286 παιδεύσει)

145 1301 252 1355 ιῗμᾶς
282 1302 325 1344 ἐν
355 1305 574 1357 σκορπίοις.
632 1306 877 1355 Hieronymus
899 1305 1029 1346 vertit:
1078 1317 1149 1356 ego
1179 1311 1314 1341 autem
1342 1303 1507 1340 caedam
1538 1317 1604 1340 vos

145 1360 427 1411 scorpionibus.
487 1362 588 1414 apud
609 1362 820 1401 Cedrenum
838 1361 969 1412 legitur
991 1360 1034 1402 ἐν
1053 1361 1245 1412 σκορπίῳ.
1301 1359 1605 1410 Martyrologium

146 1417 309 1456 Usum-di
330 1431 381 1457 m.
403 1416 490 1456 lut:
519 1418 713 1464 eculeum,
743 1432 840 1456 nert'
839 1431 899 1464 os,
917 1418 1070 1470 ficstes,
1089 1418 1295 1483 flamm-as·
1307 1417 1606 1467 scorpionesque

142 1474 332 1525 perpessi.
380 1478 420 1513 et
435 1487 484 1515 m.
501 1475 601 1514 Nov.
623 1477 661 1516 d.
683 1477 730 1517 8:
756 1476 888 1527 primo
908 1476 951 1512 iu
973 1488 1167 1512 carcerem
1184 1475 1311 1519 missi,
1338 1473 1480 1512 deinde
1498 1486 1607 1511 scor-

139 1529 334 1582 pionibus
362 1531 603 1582 gravissime
628 1539 722 1570 sunt
748 1546 864 1570 caesi.
925 1533 1071 1583 gravius
1098 1532 1351 1583 scorpionibus
1373 1531 1476 1569 caedi
1497 1543 1607 1580 quam

145 1587 317 1638 flagellis.
382 1589 558 1638 Sugerins
583 1589 699 1627 abbas
726 1589 764 1627 S.
785 1589 952 1640 Dionysii
973 1589 1066 1627 libro
1090 1589 1139 1627 de
1160 1590 1237 1626 vita
1256 1587 1290 1626 L
1290 1588 1432 1625 udovici
1454 1587 1606 1625 Grnssit

146 1644 218 1683 sed
241 1657 339 1696 quos
361 1651 482 1695 pater
496 1645 685 1697 flagellis
698 1673 712 1691 ,
750 1652 868 1697 patre
898 1645 1063 1696 nequior
1093 1643 1365 1695 scorpionibus
1401 1642 1602 1680 caedebat.

146 1700 450 1751 Martyrologium
467 1701 654 1742 Hrabani.
645 1717 654 1725 ·
685 1703 785 1740 iussi
798 1708 894 1740 sunt
909 1703 952 1739 in
973 1701 1103 1739 eculeo
1121 1701 1264 1746 levari,
1293 1708 1329 1738 et
1347 1699 1499 1737 attrahi
1515 1713 1608 1736 ner-

148 1759 227 1803 πίε,
255 1757 488 1809 etficstibus
507 1772 558 1795 ac
581 1759 853 1810 scorpionibus
872 1758 999 1797 caedi.
1034 1759 1266 1797 innocentius
1282 1761 1306 1799 3
1326 1759 1373 1796 de
1397 1762 1607 1808 contemptu

149 1814 318 1855 mundil.
332 1817 351 1855 1
369 1827 400 1853 c.
411 1817 487 1856 27:
517 1822 748 1867 torquentur
768 1823 809 1868 ty
807 1814 967 1867 graffiis,
991 1823 1029 1853 et
1042 1813 1606 1866 scorpionibusflagellantur.

263 1866 575 1921 σκουτᾶριον
603 1877 755 1912 scutum.
813 1874 1077 1911 Constantinus
1108 1874 1155 1911 de
1185 1872 1355 1911 Themat.
1392 1874 1413 1912 1
1458 1869 1606 1912 13:311

148 1920 180 1982 ᾗ
215 1923 263 1967 το
300 1922 538 1978 σκουτάριον
573 1931 647 1969 τοῦ
687 1924 1033 1999 μεγαλομᾶρτυρος
1071 1924 1285 1998 Θεοδώρου
1325 1923 1607 1992 ἆποκρὲμαται.

149 1984 314 2052 Oppiani
332 1984 562 2025 scholiastes.
592 1981 714 2033 σάκος
731 2001 776 2027 το
798 1982 1051 2038 σκουτᾶριον,
1086 1981 1168 2025 οἷπο
1186 1987 1269 2024 ταῖν
1283 1980 1450 2036 πρώτως
1472 1978 1610 2033 εὗρόν-

150 2055 231 2080 των
255 2036 353 2080 αυτᾶ
375 2044 536 2082 Σακων.
577 2042 796 2082 Theodorus
812 2042 1084 2108 Hermopolites
1106 2042 1130 2081 l.
1148 2043 1176 2082 7
1198 2043 1256 2080 tit.
1279 2044 1350 2082 11.
1379 2040 1608 2080 πινακίδιον

149 2094 180 2149 ἦ
198 2094 447 2150 σκουτοὶριον.
503 2099 774 2151 Theophanes·
811 2094 997 2165 ἐβασταζε
1016 2094 1230 2149 σκουτάριν
1250 2093 1404 2150 μικρόν
1462 2098 1610 2135 Corona

151 2155 334 2205 pretiosa:
361 2155 482 2192 scudo
503 2154 720 2208 σκουτοῖρη.
777 2167 1011 2207 σκουταριος
1033 2160 1156 2193 autem
1177 2159 1234 2193 est
1252 2155 1441 2192 scutarius.
1499 2153 1611 2191 utitur

141 2209 206 2249 ·Μ.
226 2210 429 2249 Antoninus
450 2212 474 2252 1
497 2213 546 2252 de
565 2213 640 2256 vita
658 2226 739 2251 sua.
795 2213 860 2250 sed
886 2213 952 2250 viri
979 2212 1178 2250 doctissimi
1199 2211 1339 2249 malunt
1359 2205 1608 2261 σκουτοὶριος.

152 2268 236 2305 vide
258 2271 383 2306 tamen
404 2269 582 2307 Suidam
573 2283 609 2307 ιιι
632 2265 865 2321 πρασιανός.
925 2269 970 2307 Β.
995 2268 1272 2318 Hieronymus
1262 2280 1300 2305 m
1326 2267 1399 2306 fine
1419 2267 1610 2305 Chronici:

152 2322 220 2360 hic
239 2323 423 2362 tribunus
441 2326 704 2363 scutariorum
730 2339 750 2362 e
769 2326 985 2362 Pannonia
1009 2329 1078 2363 etc.
1134 2325 1258 2364 Simeo
1280 2324 1548 2375 Metaphrastes
1572 2323 1610 2361 in

152 2380 361 2420 Hilarione·
385 2383 584 2420 scutarius
604 2383 770 2433 quidam
789 2395 880 2419 cum
898 2383 941 2419 in
958 2380 1127 2419 basilica
1146 2380 1201 2418 B.
1223 2381 1336 2418 Petri
1352 2386 1606 2431 torqueretur.

153 2437 264 2475 Iulius
282 2438 461 2477 Firmicus
486 2439 644 2478 Mathes.
664 2440 691 2480 3
717 2453 747 2478 c.
772 2439 842 2481 14:
861 2438 995 2490 saciet
1021 2439 1213 2475 scutarios
1242 2437 1307 2475 vel
1330 2438 1612 2488 imperatorum

149 2500 403 2543 protectores,
433 2495 500 2533 tel
518 2497 590 2548 qui
597 2510 645 2547 Pl
648 2509 762 2547 Uopno
785 2494 968 2533 excubitu
985 2494 1153 2532 salutem
1168 2493 1418 2545 principibus
1441 2499 1606 2530 servent.

179 2555 323 2589 ‚notas
342 2553 391 2590 ad
412 2553 710 2592 Cantacuzenum
732 2567 768 2604 p.
793 2553 890 2594 995.
934 2553 1104 2590 dixerunt
1126 2558 1163 2590 et
1184 2547 1488 2603 σκουταράτους.
1531 2548 1612 2588 Leo

153 2606 297 2646 'factic-
321 2621 351 2647 c.
375 2611 401 2650 9
424 2607 450 2661 §
472 2611 548 2651 74:
586 2606 658 2657 τὰς
678 2607 720 2649 δὲ
739 2624 819 2649 των
839 2607 1010 2650 οπλιτῶν
1030 2605 1156 2675 ἤγουν
1176 2605 1418 2649 σκουτᾶτων.
1479 2605 1612 2644 Consi

156 2662 265 2702 Tact·
287 2677 324 2714 p-
343 2667 396 2707 6:
428 2664 495 2705 καὶ
513 2668 671 2718 πρῶτον
692 2663 764 2718 μὲν
782 2681 875 2714 τους
896 2677 1202 2717 σκουταρατους.
1259 2665 1342 2703 hinc
1367 2658 1611 2710 σκουτειῖειν,

155 2721 483 2761 scutodefendere.
504 2722 632 2763 Leod.
646 2737 679 2762 c.
690 2719 835 2775 9§49:
849 2738 917 2762 και
927 2718 996 2762 ὑπ’
1012 2718 1304 2762 αὕτῶνωσανει
1315 2714 1615 2762 σκουτεύεσθαι.

152 2776 263 2870 {udde
273 2773 295 2828 §
317 2775 385 2818 64.
443 2779 492 2818 de
515 2780 682 2818 scutariis
700 2780 784 2819 vide
800 2778 1029 2819 Ammianum
1050 2778 1298 2819 Marcellinum
1324 2783 1363 2819 et
1386 2777 1615 2818 Glossarium

193 2844 359 2872 omicum.
