1890 3236
467 222 863 268 HISTORIARUM
897 221 1290 272 COMPENDIUM.
1521 219 1620 268 215

150 338 457 399 προσπίπτοντα
474 337 674 398 φέροντας
682 370 696 391 ,
731 335 880 394 ἀνοχὴν
900 342 958 397 τῷ
975 337 1139 397 πολέμῳ
1161 337 1260 390 δοὺς
1274 332 1522 381 ἐπυνθάνετο
1540 340 1621 381 τῶν

149 409 268 456 ’ἔνδον
292 409 361 467 ἐφ’
391 407 472 469 ὅτῳ
493 406 756 460 πεποιθότες,
789 411 863 463 τῆς
891 409 1086 465 πατρίδος
1119 407 1254 451 αὐτῶν
1283 406 1364 464 ἤδη
1394 404 1621 463 μελλούσης

152 476 554 536 παραλαμβάνεσθαι
567 509 581 530 ,
624 477 758 534 ὀλίγον
789 476 917 521 αὐτοῦ
951 475 1072 533 λόγον
1108 475 1342 532 ποιούμενοι
1382 477 1620 535 φαίνονταν

152 548 258 606 πρὸς
274 546 320 591 ὃν
338 545 579 605 ἀπεκρίνατό
594 564 656 598 τις
671 550 752 590 τῶν
766 545 1007 603 γεραιτέρων
1026 548 1308 604 πληροφορίαν
1320 546 1530 602 ἐσχηκέναι
1547 545 1623 601 οὐχ

119 615 233 663 δῧπό
250 620 327 661 σοῦ
344 620 667 675 πολιορκηθῆναι
689 620 761 660 νῦν
777 615 854 670 τὴν
874 613 1005 667 πόλιν,
1040 614 1135 657 ἀλλ’
1156 613 1234 673 ὑφ’
1255 614 1395 674 ἑτέρου
1416 614 1523 667 τινὸς
1542 632 1615 659 πε·
1637 624 1671 660 D

151 686 364 744 πρωμένον
397 684 497 730 εἶναι
528 684 680 741 ταύτην
709 688 924 743 ληφθῆναι
957 684 1060 727 κατὰ
1104 684 1218 741 ’γένος
1250 702 1316 728 σοι
1349 683 1623 743 προσήκοντος

153 757 482 811 (Κωνσταντῖνος
506 753 638 815 τούτῳ
663 755 710 798 τὸ
730 753 897 809 ὄνομα),
931 755 998 797 καὶ
1019 752 1089 797 διὰ
1112 758 1231 798 τοῦτο
1259 754 1318 810 μὴ
1344 753 1621 810 καταπλήττε-

153 829 258 868 σθαι
278 830 364 876 τοῖς
390 825 701 882 προσπίπτουσι.
767 827 840 867 τοῦ
872 823 917 866 δὲ
943 822 1014 866 τὸν
1046 822 1136 866 υἱὸν
1165 823 1434 876 ἐπιδείξαντος
1464 825 1532 867 καὶ
1565 821 1622 875 ὥς

152 895 461 945 ,Κωνσταπΐνος
479 897 662 937 καλεῖται
684 890 865 943 εἰπόντος
871 924 884 946 ,
928 892 977 936 οὗ
995 897 1138 936 τοῦτον
1161 891 1182 936 ὅ
1205 891 1468 950 ἐξηγούμενος
1491 892 1622 950 ἔλεγεν

96 968 145 1006 10
155 961 254 1006 εἶναι
277 962 349 1006 τὸν
369 964 677 1006 Κωνσταντΐνον
706 961 753 1012 ὃς
781 962 917 1005 αὐτῶν
944 962 1079 1017 μέλλει
1102 967 1269 1018 ποιῆσαι
1291 963 1365 1018 τὴν
1385 961 1503 1006 πόλιν
1519 960 1623 1005 ἀνά-

154 1049 329 1085 στατον,
350 1030 476 1075 ἄλλον
493 1032 541 1075 δέ
558 1049 649 1075 τινα
666 1031 767 1086 μετὰ
789 1030 940 1088 χρόνον
958 1031 1106 1086 συχνὸν
1126 1034 1194 1075 καὶ
1214 1037 1295 1075 τῶν
1316 1030 1525 1089 ἀπογόνων
1542 1036 1623 1075 τῶν

153 1105 252 1146 σῶν»
320 1101 392 1160 ἔφ’
417 1099 481 1152 οἷς
502 1099 524 1144 ὅ
543 1101 736 1156 βασιλεὺς
753 1100 959 1159 ὀργισθείς
967 1132 981 1153 ,
1016 1102 1083 1143 καὶ
1103 1100 1234 1158 ἔργοις
1251 1102 1447 1158 ἐξελέγξαι
1466 1105 1621 1157 βουλη-

153 1172 246 1222 θἐὶς
266 1172 422 1226 ψεῦδος
441 1171 515 1225 τὴν
531 1169 770 1228 πρόρρησιν,
806 1169 1101 1228 συντονώτερον
1119 1170 1266 1226 ἥπτετο
1284 1176 1357 1227 τῆς
1374 1172 1623 1228 πολιορκίας.

153 1237 211 1291 ὥς
240 1240 286 1283 δὲ
315 1238 477 1283 πάντων
508 1239 737 1282 πονούντων
764 1239 823 1295 μὴ
855 1241 1159 1297 προβαίνουσαν
1186 1238 1296 1299 ἑώρα
1324 1240 1397 1295 τὴν
1425 1238 1623 1296 σπουδήν,

98 1314 143 1352 15
155 1309 356 1366 ἐπεγένετο
378 1309 425 1352 δὲ
448 1308 571 1366 κρύος
592 1307 815 1364 ἀμήχανον,
848 1308 945 1360 τοὺς
966 1310 1008 1352 ἓν
1028 1307 1223 1367 ὑπαίθρῳ
1252 1311 1446 1367 σφοδρῶς
1474 1314 1625 1365 λυμαι-

153 1377 338 1433 νόμενον,
373 1378 488 1422 ἔλυσε
513 1379 590 1434 τὴν
614 1379 861 1435 πολιορκίαν.
931 1378 973 1420 ἓν
1000 1378 1045 1421 δὲ
1073 1383 1131 1437 τῷ
1152 1376 1421 1436 ὑποστρέφειν
1446 1378 1492 1422 τὸ
1519 1378 1624 1422 πολὺ
1648 1385 1677 1420 Ρ
1700 1384 1770 1422 575

153 1452 236 1491 ’τῶν
266 1445 538 1503 αἰχμαλώτων
563 1447 633 1490 διὰ
661 1447 709 1491 τὸ
738 1446 870 1505 βάρος
901 1448 1007 1505 ξίφει
1039 1445 1231 1498 κελεύσας
1261 1448 1625 1506 ἀποφορτίζεσθαι,

153 1520 228 1572 τῆς
250 1516 353 1574 πρὸς
376 1516 452 1573 τὴν
473 1515 773 1572 βασιλεύουσαν
794 1517 935 1572 εἴχετο,
979 1516 1082 1572 πολὺ
1107 1517 1200 1568 δέος
1228 1523 1315 1568 τοῖς
1340 1518 1383 1560 ἐκ
1407 1522 1480 1574 τῆς
1498 1516 1626 1575 ’Άγαρ

153 1583 399 1629 καταλιπών.
468 1584 757 1644 προσδοκήσας
777 1587 822 1629 δὲ
842 1584 1121 1641 ἐπιθήσεσθαι
1143 1587 1282 1638 αὐτοῖς
1298 1587 1403 1630 κατὰ
1420 1587 1472 1630 τὰ
1490 1585 1625 1639 στενά,

59 1701 61 1706 A
96 1652 303 1710 ωλόχους
331 1656 374 1698 ἓν
402 1661 488 1707 τοῖς
516 1657 739 1713 ἐπικαίροις
771 1655 890 1714 ἀφεὶς
922 1655 1096 1707 πολλοὺς
1127 1661 1210 1699 τῶν
1241 1653 1498 1712 ἕλλοχιῦντων
1528 1654 1627 1710 ἐζώ-

153 1741 292 1782 γρησε.
360 1723 464 1782 πρὸς
480 1723 581 1782 ἅπερ
599 1725 888 1783 Ἀβὸελομέλερ
919 1722 941 1767 ὅ
972 1730 1045 1768 τοῦ
1071 1723 1197 1770 τόπου
1225 1723 1440 1783 κατάρχων
1456 1726 1626 1784 ἀπειρη-

154 1791 256 1846 κώς,
285 1793 475 1852 πρέσβεις
494 1795 708 1850 ἐκπέμψας
727 1794 866 1845 ἀδείας
884 1796 952 1837 καὶ
972 1792 1132 1852 εῗρήνης
1154 1796 1281 1838 ἐδεῖτο
1301 1802 1456 1851 τυχεῖν·
1485 1790 1534 1839 οὗ
1551 1795 1627 1851 τὴν

155 1863 293 1919 δέησιν
319 1861 535 1919 δεξάμενος
561 1862 584 1907 ὃ
613 1863 807 1919 βασιλεὺς
832 1862 1050 1920 σύμμαχον
1080 1865 1204 1908 αὐτὸν
1222 1865 1268 1908 τὸ
1291 1865 1370 1908 ἀπὸ
1394 1867 1513 1908 τοῦδε.
1536 1864 1629 1920 ἴσχε

247 1961 272 1996 3
291 1956 438 1996 ἁλῶναι
459 1961 491 1995 C
627 1961 675 1996 20
695 1958 820 2005 λόχοις
842 1958 910 2004 μὲν
932 1961 1014 2002 τοῖς
1037 1961 1068 1996 C
1203 1959 1346 2007 ἐλλοχ.]
1370 1959 1572 2007 ἐπικαίρων
1596 1961 1627 1996 C

154 2039 296 2076 videret
317 2042 482 2076 obsessos
505 2041 649 2077 fortiter
672 2045 709 2075 et
733 2040 910 2086 impavide
933 2041 1230 2087 oppugnationem
1253 2042 1369 2086 ferre,
1394 2042 1499 2077 factis
1522 2042 1627 2076 indu-

153 2087 214 2122 tiis
248 2099 310 2122 eos
341 2094 568 2133 percontatus
603 2093 657 2122 est
680 2087 815 2122 cuinam
837 2087 891 2122 rei
917 2087 1089 2133 fidentes,
1121 2090 1258 2135 patriae
1280 2089 1481 2123 imminente
1504 2088 1626 2133 exitio,

152 2138 224 2168 tam
249 2133 384 2169 securis
415 2139 534 2170 essent
563 2134 700 2169 animis.
746 2135 932 2180 respondit
960 2135 1100 2181 quidam
1134 2136 1178 2170 de
1209 2135 1406 2170 senioribus
1440 2140 1556 2169 certos
1587 2146 1629 2168 se

154 2192 235 2215 esse
258 2181 379 2216 urbem
403 2193 473 2216 non
496 2182 541 2216 ab
565 2181 644 2226 ipso
668 2180 705 2215 in
729 2181 951 2226 praesentia,
988 2182 1049 2216 sed
1084 2183 1129 2216 ab
1161 2181 1229 2216 alio
1263 2182 1411 2226 quodam
1444 2192 1556 2226 genus
1581 2181 1627 2215 ad

152 2226 269 2271 ipsum
291 2228 490 2273 referente,
524 2227 663 2261 nomine
687 2227 939 2271 Constantino,
973 2235 1208 2274 expugnatum
1233 2228 1301 2269 iri3
1340 2228 1459 2272 itaque
1493 2239 1532 2261 se
1555 2238 1626 2261 non

153 2273 284 2308 teneri
307 2273 374 2308 hac
394 2274 667 2320 oppugnatione.
725 2285 871 2319 cumque
892 2273 1044 2308 Basilius
1065 2274 1173 2309 filium
1196 2274 1241 2308 iis
1266 2285 1364 2308 suum
1389 2274 1627 2308 demonstras—

154 2324 223 2362 set,
243 2325 350 2364 atque
374 2320 467 2354 hunc
486 2319 753 2354 Constantinum
776 2320 899 2354 vocari
922 2319 1080 2364 dixisset,
1104 2333 1172 2355 non
1198 2321 1289 2354 hunc
1312 2332 1392 2354 esse
1412 2320 1507 2354 illum
1528 2319 1624 2354 Con-

153 2365 344 2400 stantinum
367 2366 559 2401 collocutor
582 2365 651 2400 iste
672 2366 875 2410 respondit,
907 2366 1006 2401 urbis
1037 2366 1140 2401 huius
1172 2378 1392 2411 eversorem,
1428 2366 1491 2401 sed
1521 2365 1626 2401 alium

154 2412 327 2456 quendum
349 2412 428 2447 sore
451 2412 556 2446 multo
580 2418 660 2457 post
681 2418 850 2457 tempore,
876 2424 919 2446 ex
942 2413 1151 2458 posteritate
1173 2412 1311 2447 Basilii.
1358 2413 1412 2447 ira
1435 2418 1624 2447 commotus

155 2459 202 2492 ol»
235 2458 323 2493 haec
355 2458 568 2504 imperator,
603 2459 797 2503 falsumque
827 2470 907 2493 esse
942 2459 1007 2493 hoc
1034 2459 1237 2494 vaticinium
1262 2470 1303 2494 re
1331 2459 1412 2505 ipsa
1438 2459 1627 2494 ostendere

154 2504 318 2550 cupiens,
354 2505 477 2540 maiori
509 2516 611 2550 quam
635 2510 740 2539 antea
762 2504 799 2539 vi
823 2505 1076 2550 oppugnationi
1099 2505 1276 2540 incubuit:
1311 2506 1373 2540 sed
1396 2517 1472 2540 cum
1495 2505 1625 2540 defati-

153 2551 319 2596 gantibus
348 2563 388 2586 se
413 2552 573 2586 omnibus
597 2551 684 2586 nihil
706 2550 800 2585 effici
826 2552 982 2595 videret,
1016 2552 1188 2598 simulque
1210 2552 1291 2597 gelu
1316 2552 1439 2598 ingens
1463 2553 1625 2587 obortum

154 2599 220 2632 sub
244 2598 304 2632 dio
326 2604 511 2633 versantes
534 2598 731 2643 affligeret,
764 2598 979 2633 obsidionem
1010 2598 1118 2633 solvit
1147 2599 1353 2644 domumque
1383 2610 1508 2633 versus
1542 2609 1626 2633 suos

153 2644 314 2679 abduxit.
358 2645 453 2679 inter
473 2646 720 2680 revertendum
744 2644 996 2679 multitudinem
1023 2644 1259 2690 captivorum,
1296 2645 1390 2691 quod
1413 2645 1513 2680 oneri
1536 2650 1625 2689 erat,

152 2690 250 2724 ferro
273 2692 478 2728 obtruncari
498 2691 617 2726 iussit.
664 2692 784 2736 itaque
806 2690 925 2726 levato
949 2691 1108 2726 exercitu
1131 2691 1200 2726 iter
1221 2693 1266 2727 ad
1286 2693 1407 2726 urbem
1425 2691 1624 2726 institutum

154 2743 362 2782 prosecutus
383 2744 450 2783 est,
477 2750 601 2783 magno
626 2736 796 2782 Agarenis
819 2743 957 2772 terrore
978 2738 1132 2773 incusso.
1179 2749 1267 2784 quos
1291 2749 1366 2773 cum
1388 2737 1534 2773 insidias
1557 2737 1625 2772 sibi

154 2783 191 2816 in
215 2783 386 2828 angustiis
410 2791 606 2820 structuros
638 2784 908 2829 praesagiisset‚
941 2785 1014 2819 suis
1043 2784 1212 2820 militibus
1245 2785 1291 2820 ad
1323 2793 1522 2831 opportuna
1550 2784 1626 2819 loca

155 2828 308 2864 dimissis
339 2829 583 2867 insidiatorum
619 2831 744 2865 multos
780 2831 882 2865 vivos
914 2831 1022 2876 cepit.
1069 2831 1198 2877 quibus
1230 2832 1336 2866 rebus
1359 2831 1627 2875 Abdelomeleri‚

155 2874 215 2920 qui
238 2875 284 2909 iis
306 2875 392 2911 locis
417 2882 602 2924 praeerat,
640 2877 774 2912 animus
804 2877 856 2912 ita
886 2883 942 2912 est
963 2877 1098 2913 fractus
1127 2883 1170 2914 ut
1199 2877 1315 2913 missis
1338 2878 1464 2923 legatis
1490 2877 1626 2912 veniam

153 2933 345 2968 pacemque
368 2924 550 2970 petiverit.
595 2924 817 2969 assensioque
840 2923 1053 2970 imperator,
1079 2929 1118 2960 et
1135 2924 1226 2961 hunc
1248 2925 1377 2961 deinde
1398 2930 1626 2972 spontaneum
