1916 3210
418 196 813 244 HISTORIARUM
853 194 1242 242 COMPENDIUM.
1465 192 1526 238 53
1537 192 1560 238 1

102 309 412 372 ἴΜκανάκτ-οις·
457 306 508 368 ἧς
525 312 775 368 μηνυθείσης
806 310 916 369 αὗτῷ
942 309 1117 366 Μιχαὴλ
1145 309 1219 364 μέν
1247 306 1268 352 ὅ
1295 308 1337 350 Γ
1333 310 1465 365 αβρᾶς
1495 307 1562 349 καὶ

105 380 327 434 Θεοδόσιος
342 381 365 426 ὅ
376 379 649 437 Μεσανῦκτης
665 382 732 423 καὶ
753 379 869 423 ἄλλοι
889 381 1030 422 πολλοὶ
1044 383 1124 422 τῶν
1140 381 1396 435 ταγματικῶν
1412 373 1563 435 ἀρχόν-

102 468 185 496 των
208 451 478 508 ’ἓκπηροῦνται
505 449 601 500 τοὺς
627 447 873 507 ὀφθαλμούς
882 480 895 501 ,
945 450 986 489 Γ
982 445 1170 505 ρηγόριον
1195 448 1240 490 δὲ
1263 446 1473 503 πατρίκιον
1493 444 1563 487 τὸν

69 553 74 557 ⁷
106 522 342 580 Ταρωνίτην
361 518 548 577 ἔξαρχον,
579 515 635 569 ὥς
655 518 830 573 ἐλέγετο,
869 518 937 559 καὶ
955 516 1216 574 πρωτουργὸν
1236 519 1310 570 τῆς
1332 512 1567 564 συστάσεως

71 587 201 642 ὅόντα
217 587 309 647 ὠμῇ
328 586 462 645 βύρσῃ
489 586 590 642 βοὸς
617 586 687 629 διὰ
711 586 863 635 παντὸς
881 588 956 628 τοῦ
975 583 1165 640 σώματος
1185 581 1414 639 καλύψαςὸ
1438 584 1558 626 Κων-
1581 586 1612 621 D

102 663 330 710 σταντῒνος,
363 646 430 700 καὶ
451 653 578 711 μόνης
598 659 670 710 τῆς
687 653 889 708 ἀναπνοῆς
906 653 1050 705 ἔξοδον
1072 652 1191 712 ἀφεὶς
1215 655 1282 695 καὶ
1311 656 1384 709 τῆς
1413 650 1564 708 ὅψεως,

101 725 205 785 πρὸς
222 725 293 770 τὸν
311 722 622 783 ὄρφανοτρόφον
636 723 853 766 ἀπέστειλε.

241 793 504 851 Σεπτεμβρίῳ
541 793 586 835 δὲ
625 792 744 847 μηνί,
795 792 1042 840 ἰνὸικτιῶνος
1079 787 1125 832 θ’
1154 793 1229 833 τοῦ
1260 785 1408 847 ,ςφμθ’
1438 787 1565 841 ἔτους,

101 860 378 912 Ἀλουσιάνος
407 861 617 918 πατρίκιος
645 861 712 902 καὶ
742 858 966 917 στρατηγὸς
994 856 1391 910 Θεοδοσιουπόλεως,
1442 857 1463 900 ὃ
1491 862 1565 900 τοῦ

53 931 279 989 10Ἀαρὼν
309 928 494 986 δεύτερος
515 927 622 981 υἱός,
666 927 783 985 ἄφνω
815 932 889 983 τῆς
917 925 1072 977 πόλεως
1097 926 1280 983 ἀποδρὰς
1297 931 1355 985 τῷ
1377 925 1568 986 Δελεάνῳ

106 999 372 1059 προσέρχεται
391 999 434 1050 ἐξ
455 998 586 1048 αἰτίας
606 996 807 1053 τοιαύτης.
836 998 878 1039 ἐν
900 995 1238 1039 Θεοδοσιουπόλει
1260 996 1421 1053 καὶγὰρ
1443 1012 1570 1051 στρα-

107 1072 241 1126 τηγῶν
261 1061 380 1119 οὗτος
405 1068 474 1110 καὶ
492 1065 548 1117 ὥς
569 1065 709 1117 ἄδικος
728 1067 1043 1122 κατηγορηθείς,
1077 1066 1171 1123 πρὶν
1191 1063 1219 1120 ἢ
1242 1062 1415 1115 ἐξετάσει
1437 1067 1570 1120 δοθῆ-

109 1155 177 1181 ναι
191 1136 246 1181 τὰ
267 1135 362 1180 κατ’
386 1135 513 1179 αὐτοῦ
533 1133 726 1192 λεγόμενα
734 1167 747 1187 ,
784 1132 977 1192 ἀπῃτήθη
1011 1134 1123 1191 παρὰ
1153 1138 1228 1177 τοῦ
1252 1132 1440 1176 Ἰωάννου
1463 1150 1570 1191 χρυ-

110 1206 200 1251 σίου
220 1205 359 1263 λίτρας
373 1202 423 1258 ν’,
450 1204 751 1262 προσαφῃρὲθη
771 1204 815 1246 δὲ
834 1204 899 1245 καὶ
919 1209 1142 1259 γυναικεῖον
1157 1203 1321 1259 χωρίον,
1349 1202 1447 1260 ὅπερ
1469 1201 1570 1257 εἶχεν

57 1284 102 1322 15
112 1275 155 1319 ἓν
172 1279 231 1333 τῷ
248 1276 475 1332 Χαρσιανῷ
493 1271 721 1316 κάλλιστον.
769 1273 931 1327 δεηθεὶς
952 1272 996 1314 δὲ
1012 1274 1101 1328 περὶ
1119 1270 1265 1315 τούτου
1282 1276 1355 1315 τοῦ
1371 1271 1572 1326 βασιλέως

110 1343 245 1389 πολλὰ
274 1345 339 1386 καὶ
368 1341 428 1398 μὴ
456 1341 589 1397 τυχῶν
617 1342 885 1399 ἐπιστροφῆς,
933 1339 1136 1383 πάντοθεν
1166 1338 1388 1397 ἀπογνούς,
1421 1340 1570 1394 στολὴν

111 1411 252 1467 λαβὼν
266 1411 482 1470 Ἀρμενίων
502 1412 571 1453 καὶ
591 1408 647 1462 ὥς
663 1409 769 1464 τάχα
791 1407 984 1466 θεράπων
1003 1414 1078 1452 τοῦ
1103 1407 1420 1466 Θεοδωροκάνου
1438 1411 1572 1452 Βασι-

111 1482 220 1525 λείου
247 1481 290 1532 ἐς
318 1480 389 1524 τὸν
415 1479 588 1535 βασιλέα
622 1480 664 1529 ἐς
690 1478 989 1533 Θεσσαλονίκην
1018 1476 1172 1530 ἀπιών,
1216 1477 1360 1520 λαθὼν
1391 1475 1573 1528 ἅπαντας

0 1558 4 1571 ³
66 1552 74 1560 '
111 1548 236 1608 ἴφυγε
252 1552 319 1593 καὶ
341 1549 383 1591 ἐν
398 1547 611 1607 Ὀστροβῷ
625 1546 887 1601 διασώζεται,
933 1547 1057 1590 ἒκεΐσε
1076 1548 1250 1590 πανσυδὶ
1270 1551 1345 1589 τοῦ
1367 1545 1572 1589 Δελεάνου
1597 1551 1626 1588 P
1650 1552 1719 1587 748

58 1617 527 1676 Ξοέστρατοπεὸευμένου
561 1615 839 1673 τυγχάνοντος.
907 1619 1052 1659 τοῦτον
1093 1619 1323 1673 περιχαρῶς
1360 1613 1579 1670 δεξάμενος

113 1686 136 1732 ὅ
154 1685 357 1738 Δελεάνος
384 1685 592 1741 (ἐδεδοίκει
618 1685 695 1743 γὰρ
725 1684 785 1741 μή
813 1702 899 1736 πως
923 1689 1206 1743 προστεθῶσιν
1230 1685 1342 1744 αὐτῷ
1358 1689 1516 1740 μᾶλλον
1534 1685 1574 1728 οἱ

115 1755 348 1814 Βούλγαροι
371 1752 427 1806 ὥς
447 1756 502 1806 εἷς
520 1753 732 1810 βασιλικὸν
752 1751 855 1810 αἷμα
877 1753 951 1809 τὴν
973 1753 1187 1812 ἀναφορὰν
1208 1752 1365 1809 istoru)
1397 1755 1464 1797 καὶ
1488 1771 1575 1797 κοι-

113 1825 242 1869 νωνὸν
257 1823 314 1877 ὥς
330 1822 458 1867 ἐδόκει
477 1828 550 1880 τῆς
563 1825 772 1878 βασιλείας
791 1821 1065 1882 παρειληφώς,
1086 1823 1282 1881 στρατιὰν
1303 1824 1415 1882 αὐτῷ
1433 1824 1575 1867 δίδωσι

109 1892 303 1952 χιλιάδας
333 1891 657 1952 τεσσαράκοντα,
715 1893 908 1936 ἀπελθεῖν
941 1890 1134 1943 κελεύσας
1163 1894 1230 1935 καὶ
1263 1893 1575 1951 ἐκπολιορκῆσαι

203 2004 249 2040 17
271 2000 450 2049 βασιλέως
472 2001 504 2038 C
641 2003 686 2039 18
706 1999 851 2043 πάντας
872 2001 904 2037 C
1043 2003 1087 2038 19
1104 1999 1265 2037 πασσυδὶ
1282 2001 1313 2036 C
1451 2000 1499 2039 24
1521 1997 1578 2037 ἐκ·

202 2048 399 2096 πορθῆσαι
420 2049 451 2084 C

113 2141 170 2178 rei
191 2141 318 2187 delato,
343 2140 538 2177 Michaelus
562 2142 715 2187 Gabras,
738 2141 960 2177 Theodosius
984 2140 1195 2176 Mesanictes
1219 2140 1386 2187 multique
1408 2139 1469 2176 alii
1492 2152 1576 2176 cen-

115 2187 275 2224 turiones
297 2188 490 2232 excaecati,
513 2188 688 2233 Georgius
710 2193 825 2223 autem
848 2188 1016 2235 patricius
1042 2188 1226 2231 Taronita,
1258 2188 1318 2233 qui
1342 2193 1464 2222 auctor
1485 2188 1576 2222 faci-

117 2233 215 2270 noris
234 2234 426 2278 ferebatur,
450 2235 556 2269 cruda
579 2234 669 2280 pelle
691 2239 800 2269 totum
825 2244 950 2279 corpus
974 2234 1157 2279 obductus,
1190 2239 1230 2268 ut
1252 2233 1319 2269 soli
1335 2233 1479 2280 spiritui
1501 2234 1578 2270 exi-

117 2285 177 2317 tus
200 2284 237 2315 et
259 2279 352 2314 oculi
377 2279 493 2326 aperti
514 2286 643 2324 essent,
667 2281 711 2314 ad
735 2280 1052 2326 orphanotrophum
1077 2285 1131 2315 est
1155 2279 1294 2315 missus.

210 2326 311 2361 Anno
330 2326 448 2360 mundi
463 2325 566 2370 6549,
587 2325 779 2361 indictione
802 2337 904 2371 nona,
928 2337 1045 2360 mense
1068 2325 1278 2371 Septembri,
1302 2325 1487 2362 Alusianus
1511 2337 1578 2374 pa-

118 2371 243 2408 tricius
265 2376 303 2406 et
323 2371 619 2418 Theodosiopolis
641 2372 852 2417 praefectus,
887 2373 1059 2408 secundus
1081 2372 1229 2407 Aaronis
1249 2371 1362 2419 filius,
1394 2373 1510 2408 subito
1535 2385 1579 2408 ex

117 2419 208 2454 urbe
231 2418 401 2464 profugus
424 2417 468 2452 ad
489 2417 676 2452 Deleanum
700 2430 739 2453 se
764 2418 921 2453 contulit.
969 2430 1044 2453 cum
1068 2419 1158 2453 enim
1180 2417 1374 2454 iniustitiae
1397 2425 1580 2454 accusatus

121 2469 228 2509 esset,
287 2463 465 2509 riusquam
487 2463 531 2499 de
554 2475 660 2499 causa
682 2471 970 2510 cognosceretur,
1004 2464 1153 2499 Ioannes
1177 2466 1222 2500 ab
1245 2477 1288 2500 eo
1312 2470 1480 2511 exegerat
1502 2465 1580 2500 auri

119 2510 229 2546 libras
252 2477 317 2555 fil),
349 2510 593 2556 ademeratque
625 2510 656 2545 ei
682 2511 915 2546 mulierculam
937 2510 1246 2556 elegantissimam,
1279 2523 1380 2558 quam
1403 2511 1439 2546 in
1465 2511 1579 2546 Char—

122 2557 222 2592 siano
246 2555 412 2591 habebat.
458 2567 604 2602 cumque
639 2556 753 2592 multis
786 2557 878 2603 apud
907 2557 1150 2602 imperatorem
1183 2558 1347 2604 precibus
1382 2569 1451 2592 non
1484 2557 1577 2592 obti-

120 2603 258 2639 nuisset
291 2608 332 2638 ut
362 2602 417 2637 sui
448 2602 636 2638 haberetur
664 2604 776 2646 ratio,
814 2603 1009 2649 desperatis
1038 2603 1111 2638 suis
1144 2605 1247 2647 rebus
1269 2603 1432 2638 Armenio
1458 2603 1578 2638 habitu

120 2654 270 2694 sumpto,
293 2648 524 2695 simulansque
546 2660 586 2683 se
608 2649 731 2684 Basilii
754 2650 1022 2684 Theodorocani
1042 2650 1206 2685 famulum
1230 2662 1308 2685 esse
1332 2656 1436 2696 atque
1458 2649 1576 2684 Thes-

122 2694 311 2731 salonicam
331 2695 375 2729 ad
393 2697 635 2741 imperatorem
659 2696 722 2740 ire,
747 2696 832 2730 clam
855 2695 1013 2731 omnibus
1036 2697 1182 2742 aufugit,
1216 2697 1474 2742 Ostrobumque
1519 2706 1578 2730 er-

122 2741 233 2786 venit,
258 2741 319 2776 ubi
340 2747 412 2776 tum
435 2752 511 2776 cum
535 2742 627 2776 omni
651 2742 808 2777 exercitu
831 2747 947 2777 castra
962 2742 1137 2778 Deleanus
1160 2743 1323 2778 habebat.
1347 2753 1473 2787 magna
1515 2753 1582 2777 unc

123 2798 202 2823 cum
232 2787 366 2822 laetitia
397 2788 535 2834 accepit
563 2788 758 2834 Deleanus,
790 2793 946 2824 metuens
970 2801 1013 2824 ne
1037 2790 1080 2824 ad
1103 2789 1214 2835 ipsum
1238 2789 1355 2836 potius
1376 2787 1585 2823 inclinarent

123 2833 269 2879 Bulgari
291 2840 329 2868 ut
350 2834 449 2879 regio
473 2835 643 2880 sanguine
666 2840 799 2870 natum:
834 2839 1039 2878 consortem,
1066 2840 1105 2871 ut
1129 2847 1213 2881 prae
1235 2847 1274 2870 se
1296 2835 1446 2879 ferebat,
1470 2835 1583 2879 impe-

124 2879 171 2915 rii
196 2879 358 2925 adscivit,
382 2892 424 2916 ac
446 2891 523 2917 cum
547 2881 706 2918 exercitu
727 2881 960 2929 quadraginta
977 2881 1105 2918 milium
1123 2882 1168 2918 ad
1184 2881 1450 2930 oppugnandam
1466 2880 1583 2917 Thes-
