1916 3210
776 165 1060 238 fflsroma.
1548 163 1645 211 685

184 300 266 331 m
297 279 494 335 κώλυσις,
522 279 673 334 πάσαις
694 288 784 334 ταῖς
805 279 915 333 ὁδοῖς
933 276 1228 340 ἓφεδρευόντων
1237 310 1252 332 ,
1286 282 1366 323 τῶν
1388 275 1649 336 στρατευμά-

182 370 266 399 των
293 351 427 397 mium
454 351 558 395 καθ’
591 349 696 396 αὖτὰ
724 350 1039 407 μεμονωμένων,
1067 349 1126 405 μὴ
1156 347 1385 404 δυναμένων
1413 348 1649 403 ἀντιστῆναι
1668 351 1697 385 B

184 422 346 474 αὖτοῒς,
392 425 466 464 τοῦ
509 421 554 464 δὲ
588 420 788 476 βασιλέως
819 415 942 471 αὖθις
970 420 1029 476 μὴ
1063 421 1151 462 o‘lov
1183 435 1226 462 τε
1257 416 1373 468 ὄντος
1399 418 1650 475 μερίζεσθαι,

185 491 282 536 ἀλλ’
315 488 373 533 ἑνὶ
401 487 603 548 παρόντος
631 487 756 548 τόπῳ.
824 486 1015 540 εἰσιόντος
1043 488 1087 531 δέ
1112 487 1240 530 αὐτοῦ
1268 488 1324 538 εἷς
1345 486 1418 542 τὴν
1440 487 1650 540 βασιλίδα,

149 560 250 607 5321'
282 559 396 603 οἰκον
421 561 491 602 καὶ
518 558 565 602 τὸ
595 558 735 601 λοιπὸν
764 555 995 616 στράτευμα
1024 556 1202 614 γέγονεν,
1232 557 1476 606 ῖνδικτιῶνος
1506 553 1652 612 ὀγδόης

183 628 538 685 ἔνισταμένηςτοῢ
564 626 698 686 ‘gmon'
727 626 862 678 ξ’τους,
897 625 963 670 ὅτε
984 627 1050 669 καὶ
1071 625 1116 668 τὸ
1137 625 1324 680 μέγιστον
1346 624 1453 682 ἱερὸν
1473 624 1650 682 ἔπυρπο-

182 695 294 754 λήθη
310 700 392 741 τῶν
408 698 652 754 Βλαχερκῶν
668 696 744 747 ἕως
763 694 954 754 ἐδάφους.
1022 695 1105 738 ἐπεὶ
1125 694 1169 737 δὲ
1187 693 1232 737 τὸ
1253 692 1326 750 ἔαρ
1348 691 1649 751 ὖποφαίνεσθαι

182 765 363 824 ἤρξατο,
396 765 596 821 ἐσκέψατο
626 770 812 822 παρεῖναι
838 769 889 822 τῇ
915 764 1096 818 βασιλίδι
1118 760 1139 806 ὃ
1159 760 1366 817 βασιλεύς.
1433 764 1651 819 προκρίνας

183 835 228 879 δὲ
258 833 479 889 Μανουὴλ,
495 831 832 892 πρωτοπρόεδρον
856 832 928 876 τὸν
956 829 1192 887 Κομνηνόν,
1222 833 1289 874 καὶ
1311 834 1454 879 τοῦτον
1475 829 1650 886 τιμήσας

128 914 175 952 10
184 907 242 963 τῷ
282 907 356 947 τοῦ
393 901 701 960 κουροπαλάτου
743 900 941 957 ἀξιώματι
953 933 968 954 ,
1016 900 1240 957 στρατηγὸν
1270 901 1337 943 καὶ
1365 898 1544 957 ἀρχηγὸν
1578 903 1652 943 τοῦ

181 969 483 1030 στρατεύματος
525 971 795 1014 ἀποδείκνυσι.
863 970 910 1014 τὸ
953 970 996 1013 δ’
1035 970 1220 1013 ἐντεῦθεν
1248 968 1301 1012 τὰ
1331 967 1538 1026 προσάντη
1583 970 1650 1011 καὶ

181 1042 360 1098 δυσχερῆ
385 1041 454 1084 καὶ
478 1039 640 1097 λυπηρὰ
658 1044 710 1097 τῇ
727 1041 915 1101 βασιλεία
929 1037 1140 1094 Ῥωμαίων
1156 1035 1467 1096 προσεκῦρησεν.
1535 1037 1650 1090 ἐξιὼν

181 1104 254 1156 οὖν
271 1107 294 1153 ὃ
311 1109 638 1169 προβεβλημένος
656 1110 713 1160 εἷς
730 1113 871 1161 τοῦτο,
901 1110 936 1151 εἰ
956 1110 1025 1152 καὶ
1046 1108 1135 1160 νέος
1152 1108 1227 1164 τὴν
1244 1106 1402 1164 ἡλικίαν
1419 1103 1645 1164 ἐτύγχανεν,
1671 1113 1701 1147 O

182 1177 290 1224 ἄλλά
314 1195 360 1237 γε
388 1178 690 1234 πεπλανημένον
714 1177 830 1222 οὐδὲν
852 1176 878 1234 ἢ
901 1179 1166 1235 μειρακιῶδες
1181 1177 1351 1234 ἐνεργῶν
1371 1178 1647 1235 κατεφαίνετο,

129 1258 173 1297 15
182 1248 311 1292 πολὺν
326 1247 373 1292 δέ
390 1251 472 1292 τῶν
490 1245 654 1290 εῖκότων
673 1245 793 1303 λόγον
809 1245 1068 1303 ποιούμενος·
1102 1246 1178 1296 τὰς
1201 1245 1280 1303 γὰρ
1308 1243 1498 1300 δυνάμεις
1523 1262 1648 1301 συνη-

180 1316 362 1376 θροικὼς
382 1316 645 1374 πασίρρωμος
667 1320 718 1374 τῇ
738 1317 966 1376 Καισαρείᾳ
988 1314 1237 1371 ἐπεδήμησεν
1243 1347 1257 1367 ,
1284 1314 1332 1357 οὔ
1360 1318 1434 1370 τῆς
1463 1314 1650 1369 εὐνομίας

179 1385 307 1444 μόνον
338 1385 444 1429 ἀλλὰ
474 1387 542 1429 καὶ
570 1389 645 1429 τοῦ·
672 1390 849 1443 στρατοῦ
877 1387 1096 1442 φροντίζων
1123 1381 1429 1441 προσηκόντως,
1463 1385 1532 1427 καὶ
1556 1383 1650 1434 τοὺς

181 1455 421 1506 ἀδικοῦντας
439 1459 521 1498 τῶν
541 1458 800 1511 στρατιωτῶν
821 1455 1005 1497 ἐκτίσεων
1025 1454 1261 1511 προστίμοις
1280 1450 1506 1509 κατάγχων.
1573 1468 1650 1494 πο-

180 1525 319 1581 λέμοις
348 1524 395 1568 δέ
422 1540 527 1567 τισιν
558 1523 733 1578 ἐντυχὼν
762 1523 924 1579 νικητὴς
951 1520 1180 1581 κατεφάνη,
1214 1523 1282 1564 καὶ
1309 1522 1383 1578 τὴν
1406 1523 1496 1579 περὶ
1524 1520 1651 1565 αὐτοῦ

124 1593 367 1645 ωεῦδοξίαν
395 1591 475 1650 ἤδη
505 1591 717 1635 πλατύνειν
747 1593 1011 1649 διηγωνίζετο.
1079 1589 1384 1646 πυνθανόμενος
1409 1591 1455 1633 δὲ
1480 1592 1598 1633 ταυτὶ
1627 1588 1649 1632 ὃ

181 1666 342 1722 κρατῶν
364 1662 556 1718 εὗθυμεΐν
574 1656 648 1717 μὲν
669 1659 803 1720 ἐῴκει,
832 1659 998 1718 κρύψας
1017 1661 1058 1704 ἓν
1079 1658 1213 1720 ἑαυτῷ
1230 1659 1300 1704 τὸν
1320 1658 1502 1717 φθόνον·
1536 1657 1648 1714 ὅμως
1673 1673 1700 1706 ι)

182 1732 227 1776 δ’
263 1726 433 1783 offae-‘iva
463 1730 537 1788 τὴν
563 1735 636 1787 τῆς
659 1728 920 1788 Ἰεραπόλεως
943 1728 1049 1786 τάχα
1080 1728 1184 1787 λύσῃ
1214 1730 1449 1786 πολιορκίαν
1479 1730 1546 1771 καὶ
1577 1728 1651 1783 τὴν

180 1801 382 1846 σιτοδείαν
417 1797 769 1859 παραμυθήσηται
778 1832 794 1854 ,
837 1806 987 1859 μοῖραν
1013 1798 1086 1844 οὐκ
1112 1799 1325 1855 ἐλαχίστην
1351 1795 1651 1854 ἀποτεμόμενος

179 1977 297 2016 causis
318 1977 510 2014 difficulter
528 1977 709 2025 prohiberi
729 1980 910 2025 poterant,
943 1977 975 2012 si
997 1976 1136 2024 quidem
1160 1975 1317 2012 omnibus
1339 1975 1409 2010 viis
1433 1974 1648 2010 insidiaban-

179 2030 260 2071 tur,
298 2030 335 2061 et
368 2024 543 2066 exercitus
577 2025 732 2070 ipsorum
765 2036 830 2071 per
856 2036 896 2059 se
929 2023 995 2059 soli
1026 2023 1142 2058 relicti
1174 2035 1242 2058 non
1272 2027 1436 2069 poterant
1466 2021 1646 2057 resistere,

179 2071 402 2119 imperatoris
433 2082 518 2106 vero
551 2071 724 2107 exercitus
754 2070 866 2106 dividi
889 2069 1080 2116 nequibat,
1110 2069 1173 2104 sed
1197 2069 1258 2104 uni
1279 2069 1356 2103 loco
1379 2073 1511 2104 tantum
1535 2067 1648 2103 inter-

180 2123 271 2156 erat.
319 2129 396 2153 cum
429 2129 514 2153 vero
547 2117 680 2163 regiam
713 2118 833 2152 urbem
863 2115 942 2162 ipse
971 2115 1151 2161 ingressus
1176 2120 1291 2159 esset,
1327 2114 1482 2159 reliquus
1507 2125 1648 2159 quoque

181 2162 358 2200 exercitus
381 2164 517 2199 domum
539 2175 579 2198 se
601 2163 746 2210 recepit,
771 2162 962 2197 indictione
981 2168 1119 2207 octava,
1142 2173 1233 2196 anno
1255 2162 1356 2206 6578,
1381 2160 1520 2206 quando
1545 2161 1649 2196 etiam

181 2209 364 2245 maximum
400 2208 672 2244 Blachernarum
708 2209 870 2255 templum
907 2209 1085 2243 incensum
1117 2213 1173 2243 est
1205 2219 1315 2253 usque
1343 2207 1388 2242 ad
1417 2206 1541 2241 solum.
1589 2206 1650 2241 ubi

181 2267 268 2291 vero
292 2266 357 2290 ver
381 2253 548 2302 appetiit,
571 2255 733 2290 decrevit
751 2254 943 2300 imperator
965 2253 1009 2288 ad
1032 2253 1164 2299 regiam
1188 2255 1308 2288 urbem
1331 2253 1519 2297 accedere,
1551 2251 1649 2287 dele-

181 2307 344 2348 ctumque
366 2301 561 2336 Manuelem
584 2301 731 2347 primum
754 2301 968 2347 praefectum
992 2300 1223 2344 Comnenum,
1255 2305 1298 2334 -et
1321 2312 1362 2334 eo
1386 2299 1519 2334 honore
1542 2299 1650 2334 deco-

180 2354 294 2384 ratum
318 2351 356 2383 ut
379 2346 598 2394 curopalates
631 2352 749 2390 esset,
782 2347 902 2381 ducem
928 2350 965 2381 et
987 2345 1178 2393 principem
1203 2346 1310 2380 totius
1333 2345 1509 2380 exercitus
1533 2344 1648 2380 decla-

181 2399 251 2431 rat.
298 2404 388 2440 quae
410 2393 578 2440 deinceps
598 2398 869 2438 consequuntur,
895 2391 1042 2427 molesta
1065 2404 1106 2427 ac
1133 2392 1294 2427 difficilia
1316 2396 1353 2427 et
1374 2391 1551 2426 laboriosa
1576 2391 1648 2426 Ro-

181 2451 358 2476 manorum
390 2439 537 2486 imperio
571 2439 745 2475 accidere.
792 2450 953 2484 egressus
979 2438 1089 2484 igitur
1111 2438 1143 2474 is
1165 2437 1226 2484 qui
1249 2439 1294 2474 ad
1317 2438 1384 2473 hoc
1407 2449 1529 2472 munus
1553 2437 1648 2472 dele-

182 2491 261 2522 etus
283 2486 418 2531 suerat,
443 2485 579 2521 etiamsi
601 2490 717 2521 aetate
738 2484 876 2520 iuvenis
900 2490 1014 2529 esset,
1037 2490 1191 2520 attamen
1213 2484 1340 2520 nullum
1361 2485 1496 2519 facinus
1516 2483 1555 2518 in
1580 2495 1649 2528 quo

184 2532 358 2569 erraverit
386 2537 448 2568 aut
473 2532 567 2578 quod
599 2531 745 2567 iuvenili
777 2531 888 2567 aetati
917 2531 1172 2566 condonaretur
1202 2531 1378 2578 patravit,
1416 2530 1519 2565 immo
1543 2530 1650 2565 multa

182 2578 306 2614 habita
327 2589 447 2615 eorum
471 2590 562 2625 quae
585 2578 753 2614 decerent
773 2578 911 2613 ratione
935 2578 1066 2613 coactis
1086 2578 1198 2624 copiis
1221 2578 1306 2614 totis
1329 2577 1465 2613 viribus
1488 2577 1533 2612 ad
1556 2576 1648 2612 Cae-

183 2636 318 2660 saream
341 2625 520 2672 profectus
544 2631 617 2670 est,
644 2636 713 2660 non
734 2624 945 2670 aequitatem
968 2629 1101 2659 tantum
1122 2625 1185 2660 sed
1209 2625 1312 2659 etiam
1335 2623 1499 2670 populum
1525 2634 1649 2658 curans

182 2671 368 2716 decenter,
393 2677 429 2707 et
454 2676 640 2718 peccantes
662 2670 790 2706 milites
814 2670 943 2707 debitis
968 2670 1127 2706 afficiens
1148 2671 1292 2717 poenis3
1318 2681 1463 2715 cumque
1481 2669 1518 2704 in
1537 2681 1647 2714 quae-

183 2717 262 2752 dam
297 2717 431 2763 praelia
463 2717 667 2762 incidisset,
700 2717 817 2752 victor
849 2717 976 2754 evasit.
1023 2717 1162 2763 iamque
1195 2729 1291 2752 suam
1325 2716 1470 2762 gloriam
1502 2715 1650 2751 dilatare

182 2763 428 2798 contendebat.
476 2775 566 2810 quae
601 2775 676 2798 cum
711 2762 850 2798 audiret
882 2764 1093 2810 imperator,
1127 2763 1251 2799 laetari
1278 2763 1417 2810 quidem
1449 2762 1648 2806 videbatur,

182 2810 247 2844 ned
278 2809 444 2845 invidiam
474 2810 726 2845 dissimulabat.
773 2814 926 2845 attamen
950 2816 988 2846 ut
1010 2809 1212 2856 Hierapolis
1242 2809 1457 2845 obsidionem
1481 2809 1550 2844 cito
1575 2808 1647 2844 sol·

181 2861 285 2892 vetet
306 2861 344 2892 et
363 2862 573 2894 commeatus
595 2856 737 2904 inopiae
757 2862 997 2906 succurreret,
1028 2868 1099 2894 non
1118 2856 1294 2894 minimam
1315 2856 1491 2894 exercitus
1512 2862 1646 2904 partem
