1890 3236
322 186 418 235 452
794 171 1030 235 GEORGII
1059 189 1301 236 cunnum

265 304 267 306 ’
318 311 446 362 γικαΐς
482 303 624 360 ἀρχαῖς
660 301 955 359 ὃιαπρὲψαντες
990 302 1058 355 διὰ
1083 302 1130 346 τὸ
1162 300 1462 347 ὑποπτεύεσθαι
1487 309 1544 362 τῷ
1570 306 1768 361 Σαμουὴλ

317 369 633 428 προσερρύησαν,
677 368 698 412 ὅ
725 371 798 424 μὲν
818 370 1030 425 Βατάτζης
1057 373 1236 422 πανοικί,
1278 370 1402 426 μόνος
1429 373 1474 415 δὲ
1501 373 1713 424 Βασίλειος
1744 372 1766 416 ὅ

315 443 356 482 Γ
355 443 504 495 λαβάς·
547 431 596 480 οὗ
626 437 696 481 τὸν
723 438 811 480 υἱὸν
835 436 857 480 ὃ
884 438 1075 493 βασιλεὺς
1105 443 1291 496 καθεῖρξε
1320 442 1387 482 καὶ
1422 441 1486 483 ἐπὶ
1513 446 1620 498 τρεῖς
1640 440 1768 492 ὅλους

315 506 520 557 ἐνιαυτοὺς
537 512 728 560 κατεῖχεν,
762 503 847 549 εἶτα
872 506 1055 551 ἀπέλυσε.
1120 504 1210 550 τότε
1233 510 1299 550 καὶ
1321 513 1378 566 τῷ
1399 507 1562 565 ἄρχοντι
1580 510 1768 560 Bastiae

314 582 483 631 γυναῖκα
514 572 683 628 νόμιμον
711 572 857 617 ἔδωκεν
879 572 900 616 ὅ
926 572 1118 628 βασιλεὺς
1138 575 1211 630 τὴν
1234 577 1442 634 θυγατέρα
1463 580 1537 620 τοῦ
1555 576 1768 635 Ἀργυροῦἷ,

1777 585 1798 620 5

264 647 296 682 Β
321 642 499 699 ἀδελφὴν
528 642 572 684 δὲ
594 639 811 696 ςΡωμανοῐί
832 646 906 686 τοῦ
927 643 1028 697 μετὰ
1048 648 1177 686 ταῦτα
1197 642 1534 698 βασιλεύσαντος,
1579 644 1625 687 τὸ
1648 643 1769 695 ἴθ”ῐος
1799 673 1802 676 ·

267 1391 299 1426 C

314 710 443 761 οὕτως
458 707 785 764 ὑποποιούμενος.
857 707 1071 767 ἐποιήσατο
1103 713 1146 754 δὲ
1176 714 1242 755 καὶ
1270 713 1455 768 εῗσβολὴν
1476 713 1518 755 ἓν
1535 714 1768 772 Βουλγαρῖᾳ

315 779 385 821 διὰ
406 777 763 829 Φιλιππουπόλεως
784 775 805 820 ὃ
827 778 1037 833 βασιλεύς,
1066 779 1217 835 ταύτην
1237 787 1427 838 φρουρεῖν
1450 779 1575 831 τάξας
1596 781 1667 823 τὸν
1686 797 1768 823 πα-

302 848 463 903 τρίκιον
490 844 814 903 Θεοδωροκάνον.
881 848 1103 898 καὶπολλὰ
1133 852 1214 891 τῶν
1242 849 1283 891 ἐν
1313 851 1533 906 Τριαὸίτζῃ
1563 850 1769 906 φρουρίων

314 913 697 972 καταστρεψάμενος
715 915 938 970 ἐπανῆλθεν
958 918 1013 966 εἷς
1029 915 1334 960 Μοσυνόπολιν.
1711 918 1717 931 ”

452 986 495 1024 Τ
493 986 526 1041 cii
547 983 591 1024 δὲ
613 981 719 1040 ’ςφῆ
746 980 847 1035 ἔτει,
878 985 1120 1040 ῗνδικτιιῦνος
1141 984 1204 1040 ιγ’,
1239 984 1409 1039 δύναμιν
1429 988 1599 1041 βαρεῖαν
1621 984 1770 1039 ἐκπέμ-

315 1062 402 1106 ψας
421 1048 442 1092 ὃ
461 1050 651 1104 βασιλεὺς
666 1051 769 1094 κατὰ
782 1055 863 1094 ’τῶν
879 1052 1005 1110 πέραν
1020 1058 1094 1097 τοῦ
1111 1055 1251 1107 Αἵμου
1263 1055 1551 1110 Βουλγαρικῶν
1570 1051 1768 1110 κάστρων,

316 1119 519 1176 ἀρχηγοὺς
549 1118 719 1174 ἔχουσαν
749 1119 820 1162 τὸν
852 1121 1058 1177 πατρίκιον
1090 1119 1400 1179 Θεοδωροκάνον
1436 1123 1503 1163 καὶ
1530 1119 1769 1178 Νικηφόρον

315 1185 684 1244 πρωτοσπαθάριον
701 1185 772 1230 τὸν
791 1185 962 1245 Ξιφιάν,
1003 1187 1077 1244 τήν
1103 1206 1146 1232 τε
1174 1188 1351 1246 μεγάλην
1378 1186 1456 1232 εἷλε
1485 1186 1769 1246 Περσθλάβαν

1780 925 1824 961 10

315 1257 383 1297 καὶ
403 1255 477 1310 τὴν
493 1255 642 1312 μικρὰν
660 1257 728 1298 καὶ
746 1255 818 1311 τὴν
835 1258 1087 1311 Πλίσκοβαν,
1122 1259 1188 1300 καὶ
1208 1257 1347 1314 ἀσινὴς
1370 1260 1438 1301 καὶ
1457 1261 1725 1315 τροπαιοῦχος
1740 1255 1766 1312 ἦ
1779 1267 1822 1301 15

309 1321 519 1378 ῑΡωμαϊκὴ
535 1321 776 1379 ὖπενόστησε
792 1323 974 1379 δύναμις.

458 1395 531 1449 Τῷ
563 1391 605 1433 δ’
635 1391 783 1435 ἐπιόντι
808 1391 927 1435 πάλιν
951 1393 1026 1436 ἔτει
1055 1392 1189 1437 ἄπεισι
1211 1393 1314 1437 κατὰ
1338 1391 1587 1451 Βουλγάρων
1605 1391 1626 1436 ὃ
1647 1398 1770 1447 βασι-

317 1459 408 1508 λεὺς
430 1459 497 1501 διὰ
526 1459 842 1515 Θεσσαλονίκης,
877 1463 944 1503 καὶ
973 1461 1200 1519 προσερρύη
1228 1464 1337 1521 αὐτῷ
1363 1462 1637 1519 Δοβρομηρὸς
1658 1459 1679 1504 ὅ
1697 1466 1771 1516 τῆς

317 1528 519 1582 Βερροίας
529 1524 752 1584 κατάρχων,
772 1529 982 1586 παραδοὺς
1002 1531 1068 1571 καὶ
1085 1531 1157 1585 τὴν
1174 1529 1289 1573 πόλιν
1308 1535 1366 1589 τῷ
1382 1534 1546 1584 βασιλεῖ
1556 1532 1624 1573 καὶ
1637 1529 1770 1573 ἀνθύ-

317 1611 443 1645 πατος
471 1596 669 1650 τιμηθείς.
737 1593 758 1638 ὃ
791 1597 834 1639 δὲ
863 1597 915 1640 τὰ
940 1597 1092 1654 Σέρβια
1115 1597 1330 1655 φυλάττων
1347 1597 1572 1650 Νικόλαος,
1616 1597 1662 1640 ὃν
1679 1602 1768 1641 vNt-
1779 1610 1824 1644 20

318 1664 501 1715 κολιτζᾶν
519 1660 842 1720 ὑποκοριζόμενοι
861 1664 930 1707 διὰ
950 1665 996 1708 τὸ
1014 1665 1148 1723 βραχὺ
1167 1671 1239 1721 τῆς
1254 1665 1409 1721 ἡλικίας
1427 1664 1609 1718 ἐκάλουν,
1643 1665 1768 1709 ἐκθύ-

318 1748 407 1784 μως
426 1731 576 1788 ἀντεῖχε
597 1733 663 1774 καὶ
682 1731 755 1787 τὴν
785 1733 1088 1790 ἐπενηνεγμένην
1108 1734 1218 1793 αὒτῷ
1242 1734 1471 1791 γεγηθότως
1493 1732 1667 1792 ὖπέφερε
1691 1751 1769 1777 πο-

410 1862 430 1895 1
455 1859 534 1905 διὰ]
561 1860 613 1901 εἰς
635 1862 665 1896 C
802 1863 824 1899 7
848 1856 960 1904 οὗτος
982 1865 1012 1899 C
1129 1865 1173 1899 10
1193 1863 1467 1907 μοσυνούπολιν
1492 1864 1522 1898 C
1637 1865 1680 1900 11
1702 1865 1770 1909 τῆς

410 1906 458 1940 ιδ’
484 1907 554 1942 ἰνδ.
580 1907 611 1941 O
737 1908 782 1943 12
803 1906 871 1954 τὴν
893 1909 920 1942 Ρ
1037 1909 1081 1945 13
1103 1906 1266 1955 ἀρχηγὸν
1289 1909 1319 1943 C
1343 1936 1345 1938 -
1435 1911 1478 1946 17
1500 1910 1722 1955 βουλγαρίας
1738 1911 1768 1944 C

412 1953 455 1987 18
477 1951 709 1998 δομρομηρὸς
731 1953 763 1988 C

321 2065 551 2112 suspicionem
575 2069 611 2101 et
632 2066 702 2113 ipsi
725 2067 922 2112 venissent,
954 2068 998 2103 ad
1021 2068 1215 2104 Samuelum
1238 2079 1316 2103 sese
1338 2068 1574 2113 contulerunt,
1604 2067 1770 2104 Batatzes

322 2123 398 2145 cum
420 2117 494 2146 tota
513 2112 656 2157 familia,
688 2113 838 2148 Basilius
859 2113 990 2148 Glabas
1014 2114 1120 2149 solus.
1167 2114 1264 2149 cuius
1287 2114 1392 2148 fllium
1413 2114 1602 2161 imperator
1624 2126 1689 2161 per
1712 2115 1770 2150 in-

319 2162 455 2201 tegrum
477 2158 663 2193 triennium
686 2159 723 2193 in
746 2160 903 2194 custodia
925 2160 1099 2194 detentum
1121 2162 1259 2195 tandem
1281 2160 1424 2195 dimisit.
1446 2165 1529 2195 tunc
1546 2160 1649 2195 etiam
1669 2161 1768 2205 prin—

321 2202 393 2247 cipi
422 2203 592 2238 Venetiae
625 2204 815 2251 imperator
843 2211 985 2250 nuptum
1017 2205 1163 2241 tradidit
1192 2206 1296 2240 filiam
1324 2205 1471 2251 Argyri,
1509 2217 1661 2240 sororem
1693 2206 1768 2242 eius

321 2249 470 2283 Romani
490 2250 551 2294 qui
572 2257 653 2294 post
674 2250 820 2296 imperio
844 2251 975 2296 potitus
999 2256 1074 2297 est,
1106 2252 1172 2286 hoc
1194 2251 1292 2286 modo
1315 2252 1384 2286 sibi
1407 2254 1546 2296 gentem
1567 2251 1768 2286 devinciens

320 2294 504 2328 Venetam.
530 2306 593 2340 per
605 2296 867 2342 Philippopolin
883 2308 1021 2342 quoque
1043 2297 1303 2343 impressionem
1317 2297 1355 2331 in
1370 2297 1566 2343 Bulgariam
1584 2296 1690 2340 fecit,
1707 2308 1769 2333 cu-

321 2340 436 2374 stodia
454 2340 554 2375 huius
572 2342 670 2376 urbis
690 2342 871 2377 commissa
889 2343 1034 2388 patricio
1049 2344 1346 2386 Theodorocano3
1368 2343 1552 2389 multisque
1565 2342 1769 2379 Triaditzae

320 2386 454 2420 eversis
477 2387 626 2421 castellis
648 2387 893 2434 Mosynopolin
913 2389 1019 2423 redit.

413 2431 510 2465 Anno
534 2432 651 2467 mundi
676 2434 775 2477 6508,
810 2434 1000 2469 indictione
1025 2435 1079 2479 13,
1115 2446 1254 2480 gravem
1279 2434 1465 2470 exercitum
1488 2433 1638 2470 Basilius
1662 2433 1769 2469 mittit

322 2476 488 2511 adversus
509 2478 693 2523 Bulgarica
714 2484 810 2514 trans
833 2480 970 2514 Aemum
996 2487 1127 2526 castra,
1158 2481 1302 2515 ducibus
1325 2480 1471 2526 patricio
1494 2479 1770 2515 Theodorocano

324 2527 361 2554 et
394 2521 592 2566 Nicephoro
626 2525 906 2570 protospathario
941 2526 1084 2570 Xiphia.
1141 2532 1242 2571 capta
1285 2527 1328 2561 ab
1365 2527 1420 2560 his
1451 2525 1561 2560 maior
1590 2526 1771 2571 minorque

321 2567 527 2619 Persthlaba
567 2574 672 2615 atque
709 2570 893 2616 Pliscoba,
940 2572 1122 2617 victorque
1153 2573 1287 2608 domum
1318 2572 1424 2607 rediit
1456 2572 1633 2606 Romanus
1668 2582 1770 2606 exer—

323 2618 425 2646 citus.
1604 2638 1607 2641 -
1657 2641 1659 2644 .

412 2658 612 2704 Insequenti
632 2672 721 2696 anno
743 2674 879 2697 rursum
899 2662 1089 2709 imperator
1112 2662 1149 2697 in
1173 2662 1370 2707 Bulgariam
1392 2661 1466 2696 abit
1490 2673 1553 2707 per
1574 2661 1766 2697 Thessalo-

325 2700 448 2737 nicam.
495 2705 547 2739 ibi
569 2717 608 2740 se
631 2708 819 2753 urbemque
841 2708 1028 2744 Berroeam
1051 2710 1124 2743 eius
1147 2709 1307 2754 princeps
1325 2707 1558 2742 Dobromerus
1585 2708 1699 2751 dedit,
1733 2712 1770 2742 et

323 2750 539 2791 proconsulis
571 2752 723 2787 afficitur
747 2754 891 2789 honore.
938 2759 975 2789 at
997 2754 1058 2800 qui
1080 2755 1206 2789 Servia
1228 2752 1403 2800 praesidio
1425 2755 1568 2788 tenebat
1588 2752 1767 2796 Nicolam’,

324 2803 424 2836 quem
454 2794 658 2831 diminutiva
689 2798 799 2833 forma
835 2801 878 2834 ob
918 2803 1072 2835 staturae
1107 2800 1313 2835 brevitatem
1344 2798 1550 2834 Nicolitzam
1583 2799 1768 2840 vocabant,

324 2844 520 2884 oppugnato
545 2844 588 2877 ab
612 2842 820 2888 imperatore
842 2845 983 2881 castello
1007 2845 1214 2882 fortiter-ac
1235 2845 1397 2886 alacriter
1419 2845 1623 2890 resistebat,
1657 2844 1767 2878 donec
