1890 3236
310 188 410 240 224
785 182 1021 240 caoaou
1049 190 1291 246 canuam
1330 230 1331 233 ,

309 323 353 351 τε
383 309 456 360 τῆς
489 299 724 361 ἅμαρτάὸος
756 303 966 357 αῗτοῦντες
995 305 1063 347 καὶ
1101 304 1338 360 συμμαχίαν
1376 307 1618 362 ζητοῦντεᾳλ»
1639 307 1767 353 ἀλλὰ

306 374 410 430 μεθ’
434 371 591 428 ὕβρεως
609 371 935 424 ἀποπέμπονται,
979 372 1196 430 ἐπιχαίρειν
1216 373 1394 425 εἰπόντος
1414 379 1467 432 τῇ
1490 375 1768 436 ἆπωλσίῳηό,

308 446 401 485 τῶν.
469 438 685 496 ἀπράκτων
704 439 748 482 δὲ
765 443 845 483 τῶν
865 444 1121 498 πρεσβευτῶν
1137 442 1527 499 ἐπαναστρεψάντων
1548 443 1768 502 dumea&—

305 526 418 565 μενοι
440 510 506 550 καὶ
526 507 584 562 μὴ
607 507 761 562 ἔχοντες
781 506 804 550 ὅ
824 526 863 551 τι
885 510 952 551 καὶ
975 508 1182 566 δράσειαν,
1223 512 1362 562 δεινῶς
1389 512 1432 554 δὲ
1459 509 1678 566 πιεζόμενοι
1693 514 1767 558 αἰεὶ

305 584 396 627 ταῖς
413 580 486 630 τῆς
505 577 737 633 πολιορκίας
755 575 969 633 ἀνάγκαις,
1004 578 1236 621 στέλλουσιν
1251 578 1419 635 ἄγγελον
1433 579 1536 636 πρὸς
1552 581 1798 628 Baccheus

253 654 286 690 D
309 644 379 688 τὸν
410 644 581 699 βασιλέα
605 642 827 699 Ῥὼμαίων,
869 644 1069 702 βοήθειαν
1100 646 1384 702 ἐξαιτούμενοι.
1465 642 1584 700 οὗτος
1617 648 1663 692 δὲ
1692 648 1767 704 τὴν
1791 695 1794 699 ,

303 713 518 770 πρεσβείαν
549 711 763 767 δεξάμενος
791 717 944 757 θᾶττον
975 715 1162 769 ἐκπέμπει
1193 715 1264 759 τὸν
1298 714 1560 774 πρεσβευτήν,
1593 721 1766 775 θαρρεῖν

304 780 635 838 παρεγγυήσοντα
655 779 710 832 ὥς
726 782 830 836 μετὰ
849 782 994 841 μικρὸν
1013 783 1098 839 ἣξει
1118 801 1160 826 τε
1181 784 1319 835 αὐτοῖς
1338 786 1560 842 ἀποχρῶσα
1586 784 1765 840 βοήθεια

304 852 372 893 καὶ
395 854 468 905 τῆς
487 848 661 906 ἀνάγκης
680 851 827 902 αὐτοὺς
846 852 1044 902 ἐξελεῖται.
1106 851 1369 910 ὑποστρέψας
1386 849 1457 897 οὖν
1475 851 1765 911 δ’πρεσβευτὴς

304 917 561 973 αἰχμάλωτος
583 919 732 974 ἐγένετο
750 925 835 970 τοῖς
855 922 1042 978 ἐχθροῖς·
1076 919 1123 964 ὃν
1144 923 1211 963 καὶ
1232 921 1595 979 παραστησάμενος
1612 919 1637 965 ὃ
1652 924 1818 968 an-{o

304 986 429 1038 ὅάνος
455 985 628 1029 “oven'’
665 987 743 1046 ἔφη
775 986 1077 1046 “προκειμένοιν
1094 987 1203 1033 Merv
1224 990 1360 1041 ἔξεστί
1376 1008 1440 1033 σοι
1457 991 1531 1046 τὴν
1545 991 1762 1048 ὠφελιμω-

303 1056 423 1113 τέραν
452 1054 631 1099 ἑλέσθαι.
700 1058 735 1099 εἷ
751 1057 826 1110 μέν
844 1056 921 1113 γὰρ
943 1058 1077 1108 θέλεις
1100 1058 1175 1112 τὴν
1203 1057 1349 1102 ἑαυτοῦ
1372 1061 1575 1116 σωτηρίαν
1598 1061 1761 1116 δωρεῶν

302 1141 346 1168 τε
366 1131 498 1178 τυχεῖν
517 1126 583 1167 καὶ
607 1126 787 1181 χαρίτων
813 1129 985 1178 πολλῶν,
1019 1124 1196 1181 λάλησον
1221 1127 1324 1185 πρὸς
1346 1127 1441 1178 τοὺς
1460 1129 1699 1182 πέμψαντας
1717 1129 1761 1171 ἐν

303 1192 462 1250 ἐπηκόῳ
483 1190 538 1243 ὥς
559 1192 771 1250 ἀπείρηται
795 1198 855 1251 τῷ
875 1198 1040 1249 βασιλεῖ’
1058 1192 1266 1249 Ῥωμαίων
1293 1193 1320 1250 ’ἦ
1347 1195 1450 1251 πρὸς
1467 1194 1576 1250 ὑμᾶς
1595 1212 1761 1252 συμμα-

298 1262 396 1316 χία,
439 1263 506 1303 καὶ
538 1260 736 1319 σωθήσῃ·
787 1267 868 1305 τῶν
903 1262 948 1305 ‹5'
983 1256 1189 1318 ἀληθινῶν
1217 1264 1459 1320 ἐπαγγελιῶν
1490 1265 1665 1322 ἐχομένῳ
1693 1281 1758 1307 σοι
1770 1271 1814 1308 15

302 1330 446 1384 ἕψεται
467 1328 690 1384 ταχύτατος
712 1328 939 1381 θάνατος.”
1007 1336 1082 1375 τοῦ
1111 1332 1154 1374 δ’
1187 1330 1482 1390 ἅγγελιαφόρου
1510 1333 1759 1386 συνθεμένου

300 1398 348 1441 τὸ
366 1399 530 1453 θέλημα
552 1403 718 1454 ποιῆσαι
738 1404 811 1441 τοῦ
829 1400 982 1457 ἆμηρᾶ,
1008 1400 1091 1442 ἐπεὶ
1109 1398 1165 1451 ὧς
1184 1400 1263 1443 ἀπὸ
1288 1400 1405 1452 τόξου
1423 1405 1549 1455 βολῆς
1568 1405 1625 1459 τῷ
1643 1401 1762 1455 τείχει

299 1465 588 1524 προσήγγισαν,
630 1468 727 1518 τοὺς
751 1466 937 1525 πρώτους
958 1467 978 1510 ὃ
1002 1469 1250 1526 πρεσβευτὴς
1269 1470 1570 1525 παραγενέσθαι
1590 1473 1664 1525 τῆς
1682 1467 1762 1512 πό-

153 1544 184 1579 Ρ
207 1543 277 1580 580
300 1539 400 1586 λεως
416 1534 649 1592 ἐξῃτήσατο.
717 1538 783 1578 καὶ
807 1536 857 1592 δὴ
877 1538 1220 1593 παραγενομένων,
1260 1536 1452 1580 τοιούτων
1482 1538 1583 1595 πρὸς
1613 1537 1762 1588 αὐτοὺς

296 1603 448 1661 ἤρξατο
468 1603 596 1660 λόγων
624 1602 689 1647 “a'
708 1607 774 1647 καὶ
792 1604 994 1662 πρόδηλός
1012 1623 1083 1660 μοι
1101 1604 1284 1661 τυγχάνει
1305 1604 1325 1648 ὃ
1345 1605 1548 1658 θάνατος,
1579 1601 1612 1649 ὦ
1631 1606 1814 1650 nates-20

298 1689 386 1729 ρες,
421 1674 488 1714 καὶ
504 1673 549 1715 τὸ
574 1674 689 1730 ’ξίφος
706 1675 746 1716 ἐν
766 1677 817 1730 τῇ
838 1678 999 1731 σφαγῇ,
1034 1674 1128 1716 ἀλλ’
1152 1674 1263 1729 ὅμως
1283 1674 1354 1718 οὐκ
1375 1673 1667 1732 ἀποκρύψομαι
1683 1674 1757 1730 τὴν

299 1739 510 1795 ἀλήθειαν.
579 1743 680 1783 αι’τῶ
712 1742 755 1784 δὲ
786 1742 1011 1785 ἀποδοῦναί
1035 1760 1107 1797 μοι
1128 1742 1201 1797 τὴν
1221 1740 1344 1801 χάριν
1365 1745 1421 1794 εἷς
1439 1742 1492 1786 τὰ
1514 1743 1592 1799 ἐμὰ
1613 1742 1757 1799 ἔκγονα

298 1811 366 1852 καὶ
388 1809 461 1863 τὴν
482 1806 680 1853 σύνευνον.
747 1810 824 1866 ἐγὼ
845 1809 944 1869 γάρ,
979 1805 1013 1853 ὦ
1038 1809 1172 1867 κύριοί
1189 1829 1272 1865 μου
1282 1843 1296 1863 ,
1332 1813 1366 1854 εἰ
1385 1813 1452 1854 καὶ
1472 1817 1563 1862 ταῖς
1580 1815 1661 1854 τῶν
1679 1827 1757 1854 πο-

298 1879 444 1933 λεμίων
463 1877 681 1933 κατέχομαι
694 1880 846 1936 χερσίν,
881 1877 986 1923 ἀλλά
1002 1896 1045 1936 γε
1063 1880 1136 1936 τὴν
1153 1881 1368 1939 πρεσβείαν
1382 1897 1464 1936 μου
1483 1877 1755 1938 ἔξεπλήρωσα,

389 2031 433 2067 18
455 2027 672 2078 προσήγγισε
694 2032 726 2068 C

298 2167 448 2214 liumque
470 2168 712 2213 implorantes.
759 2179 847 2214 quos
879 2169 940 2204 ille
972 2168 1219 2205 contumeliose
1250 2169 1403 2214 dimisit,
1436 2170 1564 2216 gaudio
1585 2169 1655 2205 sibi
1676 2170 1754 2205 fore

296 2215 452 2260 ipsorum
466 2215 618 2249 exitium
644 2217 870 2259 respondens.
914 2215 1040 2261 legatis
1061 2228 1100 2250 re
1123 2215 1257 2251 infecta
1278 2216 1443 2262 reversis,
1467 2216 1602 2251 obsessi
1625 2227 1693 2261 quo
1713 2227 1754 2251 se

297 2265 478 2295 verterent
497 2272 565 2294 non
588 2261 772 2305 habentes,
808 2262 1107 2307 oppugnandoque
1129 2262 1166 2296 in
1189 2274 1337 2297 summas
1360 2263 1495 2297 redacti
1515 2262 1753 2307 difficultates,

294 2306 410 2351 legato
434 2307 478 2341 ad
496 2306 662 2341 Basilium
683 2307 914 2342 Romanorum
937 2308 1180 2353 imperatorem
1203 2308 1306 2342 misso
1333 2313 1371 2343 ut
1393 2313 1573 2343 succurrat
1593 2307 1662 2343 sibi
1684 2308 1753 2342 fla-

294 2353 421 2397 gitant.
471 2353 618 2387 assentit
648 2352 856 2407 imperator3
890 2354 1074 2399 statimque
1099 2354 1248 2398 legatum
1272 2353 1438 2398 remittit,
1472 2355 1533 2399 qui
1554 2365 1637 2389 suos
1660 2354 1752 2389 bono

295 2399 407 2432 animo
428 2410 505 2432 esse
520 2399 672 2442 iuberet,
695 2405 940 2445 nuntiaretque
963 2412 1041 2434 mox
1064 2401 1226 2434 adfutura
1248 2400 1334 2435 satis
1358 2399 1475 2434 valida
1497 2399 1638 2444 auxilia,
1661 2410 1753 2445 quae

294 2444 390 2489 ipsos
414 2444 606 2478 discrimini
629 2444 818 2489 eriperent.
866 2446 897 2480 is
919 2446 950 2480 le
977 2452 1053 2480 atus
1078 2447 1114 2480 in
1141 2445 1258 2480 reditu
1288 2447 1332 2480 ab
1355 2446 1514 2480 hostibus
1538 2450 1592 2480 est
1613 2451 1750 2491 captus.

295 2489 399 2534 eique
424 2490 594 2524 Soldanus
628 2491 670 2524 ad
702 2503 742 2525 se
774 2492 921 2526 adducto
951 2490 959 2502 “
976 2492 1071 2537 optio
1104 2489 1196 2526 tibi'’
1220 2492 1335 2537 inquit
1355 2488 1498 2527 “datm-2
1522 2491 1638 2544 delige
1659 2491 1754 2536 quod

292 2542 349 2570 est
372 2535 505 2570 melius.
552 2536 582 2569 si
606 2536 723 2571 salvus
748 2548 827 2571 esse
849 2538 904 2572 vis
928 2538 1129 2583 magnisque
1151 2538 1245 2571 affici
1269 2537 1382 2581 donis,
1407 2537 1464 2571 dic
1481 2536 1526 2571 iis
1547 2548 1608 2582 qui
1625 2540 1662 2571 te
1683 2535 1750 2570 mi-

293 2588 423 2624 serant,
447 2581 605 2616 omnibus
629 2583 861 2628 audientibus,
889 2584 1083 2629 denegasse
1103 2583 1345 2642 imperatorem
1369 2583 1559 2618 Romanum
1581 2582 1626 2617 iis
1649 2582 1750 2616 auxi-

293 2626 359 2660 lia:
393 2627 447 2660 sin
470 2638 589 2661 verum
613 2629 846 2672 renuntiabis‚
877 2629 972 2665 illico
1006 2630 1150 2675 peribis.
1166 2626 1176 2640 ’
1221 2629 1392 2675 promittit
1412 2628 1548 2672 legatus
1571 2639 1610 2663 se
1632 2629 1750 2663 factu-

293 2683 368 2706 rum
393 2672 485 2716 quod
508 2672 659 2708 iusserat
682 2686 840 2716 ameras3
864 2681 900 2709 et
922 2688 997 2710 cum
1025 2677 1067 2710 ad
1090 2676 1240 2720 sagittae
1262 2675 1352 2709 ictus
1377 2673 1525 2718 spatium
1546 2674 1590 2709 ad
1615 2674 1750 2709 moenia

294 2718 534 2760 accessissent,
553 2719 690 2764 ¹primos
715 2721 810 2755 urbis
837 2722 977 2766 prodire
999 2722 1164 2767 postulat.
1210 2721 1271 2765 qui
1295 2726 1335 2754 ut
1355 2725 1497 2766 praesto
1519 2720 1672 2764 fuerunt,
1696 2719 1750 2754 sic

295 2775 356 2798 eos
379 2763 560 2808 compellat
580 2761 741 2800 “tametsi
764 2766 869 2811 mihi,
908 2779 927 2801 o
951 2774 1088 2812 patres,
1115 2771 1211 2801 certa
1233 2777 1324 2801 mors
1343 2765 1520 2811 impendet
1543 2765 1749 2810 gladiusque

295 2810 340 2845 ad
363 2809 513 2855 iugulum
536 2814 601 2853 est,
626 2822 694 2844 non
717 2817 831 2846 tamen
853 2813 973 2847 celabo
992 2814 1188 2856 veritatem,
1212 2816 1249 2846 et
1267 2822 1353 2856 rogo
1375 2815 1414 2845 ut
1435 2812 1537 2846 uxori
1557 2811 1749 2856 liberisque

233 2878 235 2881 -
295 2855 380 2891 meis
401 2856 549 2903 gratiam
570 2856 749 2894 referatis.
796 2869 883 2905 ego,
915 2859 1066 2906 domini,
1098 2868 1293 2906 quanquam
1317 2868 1409 2893 nunc
1437 2856 1476 2893 iu
1505 2858 1662 2895 manibus
1684 2857 1749 2892 ho-
