1916 3210
339 198 439 248 560
665 232 667 234 -
807 195 1042 243 GEORGII
1083 197 1326 243 CEDRENI

338 312 523 359 ἐναντίων
530 342 545 365 ,
576 308 853 369 παρασπείρας
870 310 913 354 ἓν
931 316 1015 363 τοῖς
1032 307 1240 355 κόκλωθεν
1259 316 1333 368 τῆς
1351 310 1503 364 πόλεως
1522 307 1636 360 οὖσιν
1654 311 1785 370 ἀμπε-

337 387 438 426 λῶσι
463 378 628 432 τοξότας
654 376 817 432 πεζούς,
859 379 927 422 καὶ
954 377 1204 437 κρύπτεσθαι
1230 382 1298 423 καὶ
1323 380 1558 438 προσμένειν
1572 381 1784 436 κελεύσας,

338 450 455 507 ἄχρις
471 447 521 491 ἂν
537 447 659 498 αὐτὸς
676 451 726 504 τῇ
744 445 931 504 σάλπιγγι
948 445 1238 504 ἐπισημήνηται
1255 448 1301 492 τὸ
1321 447 1514 493 ἐνυάλιον.
1580 451 1620 494 οἳ
1640 451 1684 495 δὲ
1703 456 1784 496 τῶν

332 517 538 571 Ῥωμαίων
566 515 754 572 ἄρχοντες
773 513 843 559 τόν
863 533 906 560 τε
930 517 986 568 εἷς
1009 516 1083 573 τὴν
1107 515 1222 560 πόλιν
1245 516 1509 573 συγκλεισμόν
1530 519 1600 562 καὶ
1618 518 1697 575 τὴν
1711 524 1785 576 τῆς

337 583 527 635 πεδιάδος
546 584 747 627 ἓπίκλυσιν
766 584 914 635 δειλίας
933 583 1047 642 ἔργον
1065 586 1131 628 καὶ
1148 583 1410 643 ἀπογνώσεως
1429 586 1651 643 κρίναντες,
1683 586 1817 632 ἄνα-5

287 665 320 700 0
341 670 426 697 κτοι
443 654 510 696 καὶ
529 650 738 709 σποράδην
756 651 871 695 ἄλλοι
887 653 961 707 μὲν
979 653 1072 705 τοὺς
1084 653 1233 705 ἰ’ππους
1249 652 1494 708 ἀποβάντες,
1523 653 1639 698 ἄλλοι
1657 655 1703 701 δὲ
1719 659 1786 700 καὶ
1813 684 1816 687 -

338 721 527 781 ἔφιπποι,
560 719 616 772 ὥς
643 738 699 778 πῃ
731 719 897 772 ἕκαστος
924 720 1132 776 ἐβούλετο,
1165 722 1268 779 πρὸς
1295 722 1368 779 τὴν
1398 721 1515 765 πόλι-ν
1545 721 1706 781 ἔτρεχον
1731 722 1788 778 ὥς

339 791 525 845 αὐτοβοεὶ
543 787 694 845 ταύτην
714 787 959 847 αἱρήσοντες.
1027 790 1108 847 ἐπεὶ
1130 791 1174 833 δὲ
1194 789 1307 833 ἔνδον
1327 791 1502 847 ἐγένοντο
1519 795 1600 834 τῶν
1617 792 1659 835 ἓν
1674 790 1788 852 μέσῳ

337 864 417 902 τῶν
440 855 684 913 ἀμπελώνων
705 856 811 901 ὁδῶν
832 860 901 901 καὶ
923 857 1017 916 ἄχρι
1039 863 1111 915 τῆς
1130 857 1283 910 πόλεως
1299 857 1515 918 ἔφθασαν,
1545 857 1635 903 τότε
1660 859 1713 917 δὴ
1735 864 1787 918 τῇ

340 925 528 983 σάλπιγγι
557 924 740 982 σημήνας
768 925 790 970 ὅ
813 924 1103 985 Ἀπλησφάρης
1128 926 1245 984 ἴργου
1275 927 1474 971 ἐκέλευσεν
1497 926 1688 982 ἔχεσθαι,
1719 930 1788 972 καὶ
1799 932 1842 968 10

340 992 624 1047 ἐξαναστάντες
655 994 733 1038 ἀπὸ
764 999 845 1039 τῶν
874 993 1003 1051 λόχων
1028 995 1067 1039 οἱ
1093 998 1200 1048 πεζοὶ
1227 996 1265 1038 οἳ
1284 997 1358 1052 μὲν
1378 995 1509 1048 τόξοις
1528 996 1568 1039 οἳ
1589 997 1635 1039 δὲ
1654 996 1789 1048 λίθοις

340 1063 531 1118 ἔβαλλον,
565 1063 680 1106 ἄλλοι
710 1063 754 1106 δὲ
783 1064 1019 1122 ἐτίτρωσκον
1041 1063 1118 1107 ἀπὸ
1143 1068 1224 1107 τῶν
1244 1069 1447 1122 θριγγῶν,
1480 1069 1561 1109 τῶν
1581 1061 1790 1119 Ῥωμαίων

340 1132 601 1187 κωλυομένων
619 1130 870 1192 ὖπὸλτούτων
889 1133 985 1184 τοὺς
1003 1134 1216 1187 πολεμιόυς
1235 1131 1484 1188 ἀμύνασθαι.
1547 1133 1696 1190 γίνεται
1716 1128 1789 1177 οὖν

339 1201 468 1258 τροπὴ
498 1198 676 1256 μεγάλη,
711 1202 778 1243 καὶ
800 1198 996 1259 σφάζεται
1010 1199 1219 1255 Ῥωμαίων
1241 1201 1413 1259 ἀπείρων
1434 1203 1615 1255 πλῆθος,
1649 1207 1789 1259 φυγεῖν

288 1281 320 1316 D
342 1269 400 1325 μὴ
435 1269 664 1324 δυναμένων
693 1274 774 1312 τῶν
795 1271 953 1322 ἳππων,
988 1269 1081 1312 ἀλλ’
1114 1268 1387 1324 ἐμπιπτόντων
1411 1272 1466 1320 εἷς
1484 1267 1555 1312 τὸν
1574 1269 1701 1324 πηλὸν
1721 1271 1786 1312 καὶ
1801 1271 1843 1308 15

339 1338 392 1382 τὰ
419 1338 612 1392 τέλματα.
676 1335 793 1393 μόλις
824 1332 896 1380 οὖν
925 1339 1074 1388 σωθεὶς
1097 1336 1118 1379 ὅ
1134 1338 1307 1393 Ἰασίτης
1326 1337 1400 1381 σὺν
1420 1342 1477 1396 τῷ
1497 1338 1790 1396 Κωνσταντίνῳ

341 1407 384 1449 ἐν
418 1410 476 1464 τῷ
506 1406 621 1465 Ἀνίῳ
651 1404 886 1462 αὐτάγγελοι
917 1411 989 1461 τῆς
1018 1410 1236 1463 συμφορᾶς
1262 1410 1320 1464 τῷ
1347 1404 1538 1464 Νικολάῳ
1568 1403 1791 1463 γεγόνασιν.

342 1474 608 1531 ἀγγελθέντος
639 1475 683 1517 δὲ
714 1478 787 1517 τοῦ
817 1474 1048 1529 συμβάντος
1075 1473 1329 1530 ἀτυχήματος
1360 1479 1418 1532 τῷ
1444 1477 1627 1535 βασιλεῖ’,
1665 1472 1688 1516 ὅ
1719 1474 1792 1530 μέν

343 1542 548 1594 Νικόλαος
578 1543 645 1584 καὶ
675 1540 696 1584 ὅ
720 1542 890 1598 Ἰασίτης
914 1542 1179 1600 ἀφαιροῦνται
1199 1542 1273 1593 τὰς
1291 1541 1442 1598 ἀρχάς,
1479 1543 1791 1600 προχειρίζονται

344 1612 391 1654 δὲ
414 1610 501 1653 ἀντὶ
522 1611 594 1666 μὲν
611 1614 684 1653 τοῦ
697 1609 868 1654 Ἰασίτου
890 1611 986 1661 δοῦξ
1000 1608 1212 1667 Ἰβηρίαςὸ
1233 1610 1509 1664 Κεκαυμένος,
1543 1609 1631 1653 ἀντὶ
1653 1610 1698 1653 δὲ
1716 1614 1788 1653 τοῦ
1800 1613 1845 1651 20

343 1677 550 1724 Νικολάου
584 1678 807 1736 στρατηγὸς
836 1677 1096 1736 αὐτοκράτωρ
1129 1679 1432 1729 Κωνσταντῖνος
1465 1676 1487 1721 ὃ
1517 1682 1591 1734 τῆς
1615 1676 1791 1735 μεγάλης

345 1746 541 1805 ἑταιρείας
571 1745 727 1804 ἅρχων,
761 1747 946 1802 εὐνοῦχος
974 1745 1214 1804 ἅνθρωπος,
1247 1747 1291 1790 ἐκ
1320 1749 1568 1804 Σαρακηνῶν
1595 1747 1720 1791 ἕλκων
1744 1746 1790 1790 τὸ

346 1816 459 1873 γένος
486 1817 554 1859 καὶ
584 1819 642 1875 τῷ
668 1819 833 1870 βασιλεῖ’
856 1813 1109 1873 ὑπηρετήσας
1139 1814 1217 1874 πρὸ
1249 1818 1321 1871 τῆς
1348 1816 1556 1869 βασιλείας
1573 1816 1642 1858 καὶ
1660 1815 1794 1858 πίστιν

437 1934 462 1969 5
485 1928 668 1977 ἄπρακτοι
688 1933 719 1968 C
842 1933 886 1968 13
907 1928 1116 1976 ἀμύνεσθαι
1131 1932 1162 1968 C
1288 1931 1332 1968 14
1353 1928 1515 1976 ἀπείρων
1537 1943 1592 1968 om
1613 1932 1657 1968 C.
1682 1932 1793 1969 malim

438 1975 593 2025 ἄπειρον
728 1978 772 2015 16
793 1978 991 2019 διασωθεὶς
1013 1979 1043 2014 C
1178 1978 1224 2014 23
1243 1974 1473 2024 ’ὑπηρετῆσαι
1491 1978 1522 2013 C

350 2079 528 2126 oppleret;
562 2084 598 2114 et
619 2078 656 2114 in
678 2079 791 2115 vineis
816 2091 905 2126 quae
927 2079 1055 2115 circum
1076 2081 1196 2116 urbem
1218 2079 1255 2114 in
1279 2080 1398 2115 orbem
1421 2082 1521 2114 erant
1541 2078 1650 2125 sitae,
1682 2078 1793 2125 sagit-

347 2127 456 2162 tarios
477 2126 615 2173 pedites
637 2125 753 2169 abdit3
783 2131 819 2162 et
838 2130 1042 2173 exspectare
1063 2127 1197 2171 signum
1218 2126 1311 2172 quod
1331 2126 1410 2171 ipse
1429 2126 1515 2160 tuba
1537 2126 1679 2160 daturus
1701 2132 1796 2160 esset

346 2172 464 2208 iubet:
505 2173 556 2207 ita
585 2172 773 2207 instructus
805 2173 990 2207 adventum
1020 2172 1169 2206 hostium
1203 2171 1373 2217 operitur.
1417 2171 1656 2213 Romanorum,
1681 2177 1795 2206 autem

348 2219 511 2253 ductores
533 2229 619 2263 prae
641 2222 732 2252 metu
752 2229 793 2252 ac
815 2218 1057 2264 desperatione
1078 2229 1192 2252 rerum
1216 2217 1295 2251 urbi
1316 2228 1356 2252 se
1376 2216 1558 2252 inclusisse
1581 2221 1618 2252 et
1640 2226 1795 2264 campum

349 2275 440 2309 aqua
477 2263 675 2309 opplevisse
706 2262 951 2309 Aplespharem
982 2264 1135 2310 opinati,
1172 2263 1367 2309 promiscue
1390 2268 1426 2298 et
1446 2262 1540 2297 nullo
1563 2262 1703 2306 ordine,
1736 2262 1797 2297 alii

349 2309 486 2354 equites
510 2308 572 2343 alii
595 2310 638 2344 ab
663 2309 761 2354 equis
783 2309 950 2355 digressi,
982 2316 1021 2344 ut
1042 2311 1166 2355 cuique
1188 2309 1365 2355 placebat,
1392 2309 1437 2344 ad
1459 2310 1578 2343 urbem
1599 2313 1796 2353 occurrunt,

348 2355 459 2402 primo
483 2355 617 2389 scilicet
638 2366 804 2399 aggressu
828 2367 902 2390 eam
925 2355 1074 2401 capturi.
1122 2355 1181 2390 ubi
1213 2356 1249 2388 in
1278 2355 1355 2389 vias
1387 2365 1581 2399 pervenere
1612 2365 1702 2400 quae
1731 2365 1797 2400 per

348 2400 479 2435 medias
503 2401 676 2435 ducebant
697 2401 839 2446 vineas,
860 2401 997 2447 iamque
1018 2401 1097 2436 urbi
1119 2400 1339 2445 subiverunt,
1364 2400 1541 2435 classicum
1564 2399 1797 2446 Aplespliares

349 2446 457 2481 canit.
506 2451 541 2480 et
573 2446 708 2491 pedites
732 2458 776 2481 ex
798 2447 935 2482 insidiis
958 2447 1070 2482 coorti
1094 2446 1153 2482 alii
1174 2446 1312 2491 sagittis
1337 2445 1397 2480 alii
1418 2446 1512 2480 saxis
1534 2447 1708 2480 Romanos
1730 2446 1797 2479 im-

348 2497 492 2538 petunt,
520 2491 579 2526 alii
604 2492 753 2536 desuper
776 2494 820 2527 de
841 2493 951 2539 septis
973 2493 1152 2527 vinearum
1177 2492 1376 2535 vulnerant,
1409 2502 1485 2527 cum
1507 2491 1645 2536 quidem
1668 2492 1797 2526 Roma-

349 2537 405 2572 nis
439 2538 494 2571 sui
526 2537 735 2572 defendendi
765 2539 873 2573 omnis
899 2543 992 2573 esset
1014 2544 1135 2584 erepta
1156 2538 1316 2573 facultas.
1361 2537 1487 2582 ingens
1507 2543 1578 2571 tum
1601 2537 1716 2572 clades
1737 2548 1797 2571 ac-

352 2587 470 2627 cepta,
508 2587 543 2617 et
574 2584 804 2619 Romanorum
832 2584 1091 2619 innumerabilis
1116 2596 1218 2620 caesa
1239 2583 1439 2627 multitudo,
1470 2593 1546 2617 cum
1571 2583 1653 2628 equi
1673 2583 1799 2627 fugere

351 2639 421 2662 non
443 2633 587 2673 possent
608 2629 686 2663 limo
713 2635 750 2663 et
771 2631 902 2665 lacunis
926 2630 971 2664 im
1000 2630 1096 2665 editi.
1142 2641 1247 2675 aegre
1277 2626 1385 2674 elapsi
1418 2628 1543 2663 Iasites
1567 2634 1604 2663 et
1625 2629 1797 2663 Constan-

352 2673 447 2709 tinus
470 2674 594 2708 Anium
615 2681 859 2721 pervenerunt,
883 2677 973 2711 Nico
988 2687 1099 2721 acque
1119 2675 1322 2710 calamitatis
1341 2674 1453 2709 nuntii
1468 2674 1622 2711 fuerunt.
1668 2673 1713 2708 de
1730 2683 1798 2719 qua

353 2718 452 2752 clade
486 2719 614 2754 certior
647 2721 760 2755 factus
794 2722 982 2767 imperator
1004 2721 1149 2757 Nicolao
1172 2727 1208 2755 et
1229 2721 1359 2755 Iasitae
1383 2721 1531 2764 abrogat
1550 2719 1797 2765 magistratum,

353 2763 429 2798 loco
460 2764 591 2799 Iasitae
623 2766 743 2800 ducem
773 2767 913 2802 Iberiae
943 2767 1030 2803 facit
1051 2767 1267 2809 Ambustum,
1299 2777 1363 2812 pro
1388 2765 1533 2801 Nicolao
1556 2765 1795 2811 imperatorem

353 2810 565 2844 exercituum
587 2816 684 2845 creat
706 2812 969 2848 Constantinum
991 2824 1134 2858 magnae
1155 2812 1349 2848 sodalitatis
1369 2811 1571 2857 principem,
1595 2809 1795 2852 eunuchum,

355 2865 376 2890 a
398 2855 582 2891 Saracenis
606 2858 804 2903 oriundum,
831 2859 901 2895 sibi
921 2860 1027 2896 fidum
1050 2860 1242 2905 hominem,
1264 2864 1299 2895 et
1322 2859 1419 2894 cuius
1441 2868 1548 2904 opera
1569 2857 1671 2891 etiam
1695 2859 1796 2891 ante-
