1890 3236
307 177 406 226 310
777 177 1014 224 GEORGII
1047 178 1290 223 CEDRENI

306 291 657 350 πρωτοβεστιαρίῳ
683 288 884 348 Θεοφάνει
914 291 981 334 καὶ
1006 288 1116 349 πάσῃ
1136 296 1187 349 τῇ
1207 289 1439 350 συγκλήτῳ,
1469 288 1656 348 εῧλὸγησε
1669 293 1757 337 115-

307 378 404 418 τρον
423 377 464 402 τε
481 360 549 401 καὶ
565 360 738 414 Μαρίαν
751 361 792 401 ἐν
807 362 865 417 τῷ
879 363 965 417 ναῷ
978 364 1050 414 τῆς
1066 358 1285 416 ὕπεραγίας
1300 358 1499 403 θεοτῦκου
1509 365 1587 415 τῆς
1596 363 1756 418 Πτῃῡῆς,

307 425 702 484 παρανυμφευόντων
726 430 800 469 τοῦ
829 429 1196 485 πρωτοβεστιαρίου
1225 429 1294 471 καὶ
1314 433 1385 471 τοῦ
1406 428 1756 486 Σουρσουβοόλου.

257 507 288 540 c
311 497 496 553 φαιδρῶν
528 494 572 536 δὲ
600 496 666 536 καὶ
699 498 926 538 πολυτελῶν
954 497 1174 551 γενομένων
1208 500 1289 539 τῶν
1319 494 1474 552 γάμων,
1517 498 1707 551 εἰσῆλθεν
1733 494 1756 540 ὃ

307 560 670 620 πρωτοβεστιὰριος
709 561 796 617 ἅμα
834 568 885 621 τῇ
922 566 1100 621 θυγατρὶ
1129 568 1201 607 τοῦ
1229 564 1430 618 βασιλέως
1467 564 1509 606 ἐν
1534 552 1589 621 τῇ
1626 561 1790 610 udin-5

307 633 444 688 τρίτην
473 631 517 672 δὲ
542 629 644 684 μετὰ
672 630 742 672 τὸν
767 629 897 687 γάμον
923 630 1099 676 ἑστίασιν
1125 633 1167 674 ἕν
1194 636 1245 689 τῇ
1262 636 1342 674 τῶν
1360 634 1515 688 Πηγῶν
1533 630 1774 692 ἀποβάθρᾳ.

308 697 480 754 ποιήσας
500 696 522 741 ὃ
538 697 741 752 βασιλεύς,
772 700 872 757 παρ’
900 700 1004 758 αὐτῇ
1022 705 1072 757 τῇ
1094 700 1319 760 ἀποβάθρᾳ
1337 705 1409 743 τοῦ
1429 703 1642 754 βασιλικοῦ
1659 698 1760 757 δρό-

307 783 443 822 μωνος
463 766 689 822 ἱσταμένου,
723 767 983 824 συνειστιάθη
1003 773 1061 827 τῷ
1079 770 1240 827 Πέτρῳ.
1275 773 1463 826 παρῆσαν
1481 768 1527 811 δὲ
1544 773 1594 826 τῇ
1613 767 1761 828 εῧωχία

309 837 377 877 καὶ
396 836 701 886 Κωνσταντῖνος
720 833 742 878 ὅ
762 836 953 890 βασιλεὺς
970 839 1037 879 καὶ
1055 834 1357 895 Χριστοφόρος.
1425 836 1574 893 ἐγένετο
1593 836 1639 879 δὲ
1659 834 1762 879 στά-

306 921 371 954 σις
391 904 437 946 οὗ
457 903 584 960 μικρὰ
602 903 715 960 παρὰ
737 909 817 946 τῶν
836 903 1099 962 Βουλγάρων,
1132 905 1396 959 ἐνισταμένων
1417 903 1612 962 πρότερον
1634 904 1759 962 εὔφη*
1773 912 1817 947 10

305 976 492 1027 μηθῆναι
517 970 587 1014 τὸν
615 971 919 1030 Χριστοφόρον,
965 971 1050 1017 εἶτα
1076 974 1147 1017 τὸν
1173 975 1500 1016 Κωνσταντῖνον·
1532 967 1592 1016 ὧν
1619 977 1672 1030 τῇ
1698 974 1764 1016 ἓν·

308 1038 447 1083 στάσει
465 1045 720 1096 παραχωρῶν
741 1038 762 1082 ὅ
778 1041 970 1095 βασιλεὺς
982 1040 1195 1096 “Ρωμανὸς
1215 1042 1414 1084 ἐκέλευσεν
1437 1039 1543 1084 οὕτω
1563 1042 1764 1097 γενέσθαι.

258 1116 290 1151 D
314 1106 472 1151 πάντων
496 1108 540 1150 δὲ
558 1113 637 1151 τῶν
664 1109 705 1150 ἐν
729 1115 813 1160 τοῖς
838 1108 1033 1161 τοιούτοις
1054 1108 1258 1153 εἰωθότων
1278 1111 1460 1165 γίνεσθαι
1481 1108 1765 1153 συντελεσθέν-

310 1193 404 1228 των,
444 1176 596 1233 ἀπῆρεν
615 1174 642 1232 ‘1‘7
664 1178 813 1234 Μαρία
833 1177 908 1221 σὺν
928 1183 986 1237 τῷ
1005 1179 1136 1236 οἰκείῳ
1155 1176 1312 1235 συζύγῳ
1330 1179 1397 1220 καὶ
1416 1181 1488 1232 τῆς
1509 1177 1612 1234 πρὸς
1627 1180 1765 1221 Βουλ-

309 1246 454 1302 γαρίαν
474 1244 632 1300 ἥψατο,
674 1249 990 1302 προπεμφθεῖσα
1019 1246 1131 1304 παρὰ
1160 1251 1242 1290 τῶν
1268 1245 1415 1302 γονέων
1442 1245 1567 1300 αὐτῆς
1595 1247 1662 1289 καὶ
1691 1249 1763 1288 τοῦ
1777 1247 1820 1282 15

312 1314 678 1370 πρωτοβεστιαρίου
699 1314 819 1371 μέχρι
845 1318 919 1357 τοῦ
943 1313 1162 1370 Ἑβδόμου.
1229 1315 1297 1357 καὶ
1324 1314 1375 1357 τὰ
1402 1313 1476 1369 μὲν
1503 1312 1546 1356 ἓν
1575 1318 1627 1372 τῇ
1652 1311 1767 1357 πόλει

313 1384 456 1424 τοῦτον
471 1382 635 1424 ἐτελεῖτο
652 1382 721 1424 τὸν
736 1380 899 1439 τρόπον.
1763 1422 1766 1426 ,

443 1447 493 1492 ‘0
513 1451 558 1492 δὲ
579 1450 813 1503 δομέστικος
839 1454 919 1493 τῶν
948 1453 1105 1505 σχολῶν
1128 1446 1315 1505 Ἰωάννης
1341 1446 1564 1507 μάγιστρος
1583 1447 1605 1492 ὃ
1626 1450 1766 1507 Koup-

314 1513 459 1569 κοῦας,
493 1517 601 1573 ἄγων
621 1520 687 1560 καὶ
713 1519 847 1576 φέρων
867 1518 918 1561 τὰ
939 1524 1014 1574 τῆς
1034 1520 1187 1577 Συρίας
1211 1520 1277 1560 καὶ
1305 1516 1413 1560 ἅπαν
1442 1518 1624 1570 ἀντίξουν
1642 1534 1769 1560 κατα-

314 1584 607 1642 στρεφόμενος,
652 1587 719 1628 καὶ
758 1590 924 1630 πλεῖστα
955 1586 1133 1644 φρούρια
1162 1588 1228 1629 καὶ
1260 1585 1507 1643 ὀχυρώματα
1537 1587 1604 1628 καὶ
1634 1583 1824 1636 πόλειςῖὓ

313 1653 570 1710 βαρβαρικὰς
587 1651 786 1705 καθελών,
821 1654 978 1712 ἔφθασε
1000 1657 1067 1697 καὶ
1087 1656 1205 1710 μέχρι
1227 1658 1301 1709 τῆς
1323 1652 1562 1710 περιβοήτου
1582 1656 1769 1708 Μελιτη-

314 1726 407 1775 νῆς,
437 1723 646 1782 πολιορκία
673 1722 717 1764 δὲ
745 1722 839 1773 τοὺς
868 1723 980 1766 ἔνδον
999 1720 1302 1778 στενοχωρήσας
1321 1721 1522 1778 ἠνάγκασε
1543 1721 1644 1779 πρὸς
1665 1739 1770 1776 συμ-

314 1788 456 1843 βάσεις
475 1792 585 1834 ἷδεῖν.
652 1792 884 1849 παρεγένετο
910 1786 981 1835 οὖν
1011 1792 1111 1849 πρὸς
1133 1791 1256 1834 αὐτὸν
1282 1788 1473 1846 Ἀπόχαψ
1504 1788 1526 1833 ὃ
1554 1795 1626 1833 τοῦ
1647 1789 1770 1847 Ἄμερ

407 1908 430 1943 3
453 1906 728 1955 σουρσουβούλη
753 1910 783 1944 C
947 1910 991 1945 13
1014 1907 1243 1955 πράττεσθαι
1267 1909 1298 1945 C
1433 1908 1480 1946 23
1499 1905 1634 1953 ἐλθεῖν,
1658 1919 1770 1955 appo-

408 1953 477 1989 sito
500 1956 546 1991 ad
566 1956 753 2001 marginem
776 1968 832 2002 γρ.
853 1955 960 2002 ἰδεῖν,
985 1956 1015 1990 C

318 2066 392 2088 cum
422 2056 691 2101 protovestiario
715 2057 934 2103 Theophane
958 2061 995 2092 et
1016 2057 1179 2092 universo
1206 2060 1329 2092 senatu
1358 2066 1542 2101 egressus,
1576 2053 1773 2099 coniugium

319 2101 417 2135 Petri
449 2108 485 2136 et
505 2103 642 2137 Mariae
674 2103 710 2137 in
742 2104 824 2137 sano
855 2104 1019 2148 deiparae
1050 2105 1094 2138 ad
1115 2104 1263 2138 Fontem
1295 2113 1429 2136 sacrum
1453 2102 1672 2145 faustumque
1694 2111 1773 2133 esse

320 2146 433 2190 iussit,
457 2159 616 2192 sponsam
639 2149 883 2184 comitantibus
905 2149 1124 2194 Theophane
1146 2155 1182 2183 et
1204 2147 1411 2183 Sui-subulo.
1439 2145 1570 2191 nuptiis
1592 2145 1775 2190 magnifice

321 2198 358 2226 et
378 2201 577 2238 sumptuoso
600 2206 675 2228 cum
699 2196 882 2239 splendore
906 2195 1085 2238 confectis,
1110 2193 1399 2239 protovestiarius
1420 2204 1495 2226 cum
1517 2191 1590 2226 filia
1612 2191 1775 2225 Caesaris

322 2239 440 2272 urbem
464 2238 620 2274 intravit.
645 2242 785 2275 tertium
809 2253 830 2275 a
852 2241 983 2287 nuptiis
1009 2240 1205 2274 convivium
1228 2239 1380 2274 instituit
1403 2239 1594 2283 imperator
1616 2238 1660 2271 ad
1676 2238 1773 2271 Fon-

322 2289 409 2327 tem,
436 2284 470 2317 in
495 2284 570 2318 loco
595 2286 654 2320 ubi
679 2299 699 2320 e
722 2287 870 2321 navibus
895 2286 992 2320 exire
1012 2286 1194 2327 solebant,
1218 2291 1331 2319 stante
1350 2283 1575 2329 imperatoria
1598 2282 1716 2317 celoce
1737 2282 1775 2316 in

323 2341 365 2362 eo
388 2329 483 2370 10003
519 2331 746 2377 adhibuitque
775 2332 938 2366 convivio
968 2332 1129 2375 Petrum,
1166 2331 1429 2366 Constantinum
1461 2330 1703 2374 imperatorem
1733 2339 1776 2362 ac

322 2375 582 2411 Christiferum.
628 2378 678 2412 ibi
715 2379 807 2413 haud
844 2378 972 2412 leviter
999 2377 1196 2412 tumultuati
1227 2383 1309 2411 sunt
1336 2375 1497 2420 Bnlgari‚
1530 2374 1775 2408 Christiferum

324 2422 553 2456 Constantino
582 2422 617 2456 in
651 2424 776 2458 faustis
813 2423 1116 2458 acclamationibus
1150 2421 1318 2469 praeponi
1352 2422 1482 2456 debere
1512 2421 1776 2455 contendentes-

324 2477 509 2510 eorumque
545 2469 705 2512 petitioni
738 2469 926 2515 imperator
950 2481 1076 2503 morem
1098 2469 1220 2513 gessit.
1269 2467 1425 2502 omnibus
1452 2465 1717 2511 peractis‘quae
1739 2465 1776 2499 in

322 2511 386 2545 tali
410 2523 448 2544 re
471 2513 547 2546 fieri
572 2515 741 2559 assolent,
775 2515 888 2550 Maria
911 2527 986 2549 cum
1011 2526 1073 2548 suo
1098 2514 1221 2548 marito
1245 2513 1352 2547 solvit
1374 2518 1410 2546 et
1432 2512 1467 2545 in
1489 2511 1686 2555 Bulgarium
1709 2512 1777 2545 iter

326 2556 417 2599 iniit,
440 2559 589 2593 deducta
609 2572 631 2594 a
654 2561 857 2605 parentibus
880 2567 915 2596 et
939 2560 1209 2606 protovestiario
1233 2570 1343 2604 usque
1366 2558 1410 2592 ad
1434 2557 1664 2592 Hebdomum.
1711 2557 1778 2591 hoc

325 2609 427 2646 pacto
451 2615 506 2637 res
531 2603 566 2638 in
588 2607 674 2640 urbe
693 2612 805 2644 actae.
1628 2612 1632 2615 '

417 2648 464 2681 At
484 2650 630 2685 loannes
653 2653 823 2695 Cumuas,
850 2652 1014 2697 magister
1037 2664 1078 2686 ac
1099 2649 1292 2685 scholarum
1314 2647 1523 2683 domesticus
1545 2647 1685 2692 Syriae,
1719 2659 1778 2682 res

326 2695 460 2737 agendo
494 2707 534 2729 ac
563 2698 706 2731 ferendo
739 2703 775 2732 et
803 2698 908 2732 obvia
938 2698 1052 2732 omnia
1083 2696 1298 2742 proruendo,
1328 2694 1544 2739 plurimaque
1573 2692 1715 2727 castella
1743 2697 1780 2727 et

329 2739 534 2774 munitiones
558 2747 662 2786 atque
693 2745 794 2777 urbes
817 2744 1016 2778 barbaricas
1045 2742 1254 2784 evertendo,
1292 2751 1400 2784 usque
1433 2740 1477 2773 ad
1509 2739 1656 2773 nobilem
1686 2738 1778 2772 illam

328 2785 525 2819 Melitenam
549 2789 730 2831 pervenit,
757 2801 900 2833 eamque
924 2790 1098 2823 obsessam
1123 2800 1164 2822 eo
1188 2786 1406 2820 necessitatis
1428 2785 1565 2828 redegit
1588 2790 1626 2819 ut
1647 2785 1691 2818 ad
1715 2795 1777 2828 pa-

328 2830 556 2867 cificationem
580 2834 715 2868 obsessi
737 2840 943 2879 cogerentur
967 2839 1139 2880 spectare.
1164 2832 1262 2867 venit
1283 2843 1367 2876 ergo
1390 2831 1436 2866 ad
1458 2842 1535 2866 eum
1553 2830 1779 2876 Apochapsus
