1916 3210
34 1031 35 1034 „
34 860 48 932 ,-..,=.2
37 791 41 825 ,μ
43 731 46 734 ,
31 546 49 675 Αχῃι-
37 506 40 511 «
34 430 45 439 ;
40 331 46 389 Α.ν-Α
31 237 37 281 ·’

662 150 1153 195 ΑΝΝΟΤΑΤΙΟΝΕ8.”“
1527 149 1591 195 78
1601 149 1626 195 1

154 266 277 318 rm
285 260 612 316 christophorsoni
637 263 844 304 versionem
867 275 942 302 non
963 261 1131 312 exhibui,
1159 274 1237 313 qua
1254 260 1384 302 ultima
1404 259 1517 302 verba
1539 261 1630 300 red-

154 321 270 368 fflt
279 321 470 373 magistri
495 320 716 371 officiorum
742 327 779 357 et
805 320 1025 372 quae-&totis
1048 318 1252 370 generalis»-
1280 331 1448 357 munera
1477 319 1629 370 integre

155 385 196 421 a
206 378 436 430 &zeon-rapte
451 385 674 424 exsecutus,
695 378 918 429 magister-ci
934 377 1115 428 siquidem
1132 377 1415 428 praefecturam,
1443 377 1632 428 magistri

153 435 376 494 officiorum
402 436 620 486 dignitatem
648 435 831 475 indicasse
859 438 980 483 ratus,
1018 434 1068 472 de
1095 437 1294 485 quaestore
1323 432 1487 484 generali
1517 434 1632 482 tacui,

153 506 222 536 ceu
244 493 294 532 de
316 505 470 533 munere
493 492 542 530 ab
563 491 764 531 officiorum
787 492 965 543 magistro
985 491 1154 539 diverso,
1195 503 1351 542 quorum
1373 495 1571 542 utrumque
1591 491 1632 529 in

153 563 201 591 ea
227 562 304 602 qua
330 554 421 589 tunc
450 553 531 588 erat
561 549 753 615 imperium
787 548 1028 618 amplitudine
1057 551 1096 586 et
1125 547 1223 586 mole
1251 547 1351 586 solus
1377 561 1470 586 uuus
1498 560 1633 598 gerere

114 615 116 618 ’
154 606 345 658 nequiret3
389 618 458 646 nec
493 601 783 658 καθολικότης,
823 601 910 647 cino
939 606 1012 657 τῆς
1041 601 1350 658 μαγιστρότητος
1386 605 1632 655 seiungenda,

153 677 249 719 quas
263 656 444 716 particum
461 662 692 703 coniunctiva
706 662 822 702 voluit
835 662 1016 703 Eusebius
1033 674 1115 701 csse
1129 675 1335 710 connexas;
1362 661 1416 701 ita
1432 666 1475 701 ut
1489 661 1633 701 Adauci

151 721 405 771 magisterium
434 719 608 770 generale
639 723 758 768 esset,
785 724 825 760 et
850 719 889 759 in
915 720 1039 772 plures
1067 719 1177 768 (uta
1193 719 1377 770 magistris
1396 719 1449 759 rei
1466 719 1633 771 privatae

152 776 476 828 dignoscendum)
515 777 795 817 extenderetur:
834 790 879 816 ac
906 789 982 816 non
1010 776 1181 829 palatinis
1211 781 1356 817 tautum
1389 780 1427 815 et
1458 776 1632 828 principis

153 834 326 882 ministris
336 851 353 883 ,¹
377 834 429 874 ait
460 831 686 874 Paucirollus
717 834 755 872 in
783 832 964 873 Notitiam
988 833 1132 884 imperii
1152 833 1299 873 Orient.
1318 847 1349 874 c.
1365 833 1442 880 62,
1469 845 1539 871 nec
1557 845 1632 871 non

134 890 285 947 ,scholis
310 889 436 943 palatii
462 903 568 930 arma
589 891 851 939 tractantibus,
881 891 949 931 sed
974 895 1010 929 et
1036 891 1180 929 fabricis
1202 895 1240 932 et
1261 890 1455 932 limitaneis
1477 890 1631 928 ducibus

153 953 194 988 ct
212 947 406 988 comitibus
421 948 631 1000 imperaret.
688 947 782 987 haec
798 948 878 987 fuse
894 949 944 987 de
961 948 1155 998 magistro,
1184 949 1286 987 cuius
1307 948 1488 1001 dignitate
1505 946 1631 998 plures

152 1010 304 1053 ornatos
329 1009 496 1045 recenset
523 1004 738 1044 Cedrenus:
766 1005 897 1055 viginti
925 1010 1100 1056 quattuor
1127 1017 1217 1044 suae
1242 1004 1438 1055 legationis
1463 1008 1630 1057 tempore

152 1075 201 1103 ex
225 1062 306 1102 visu
333 1062 538 1102 numeravit
564 1061 837 1115 Luitprandus,
865 1065 978 1115 prout
1005 1065 1181 1101 testatum
1209 1061 1355 1129 reliquit
1385 1061 1412 1102 l.
1436 1062 1462 1103 6
1491 1075 1526 1100 c.
1549 1063 1630 1110 ult,

152 1119 363 1172 cunctique
368 1123 410 1158 ut
429 1119 614 1169 dignitate
631 1120 682 1159 ita
703 1132 846 1158 summa
866 1119 1106 1170 auctoritate,
1133 1118 1320 1158 labentis
1311 1119 1455 1172 imperii
1474 1118 1629 1158 saeculis

151 1179 238 1216 sunt
258 1174 399 1230 potiti.
434 1175 574 1217 GoAn.

265 1269 308 1309 p·
322 1252 408 1298 472
430 1268 468 1299 ν.
483 1255 554 1296 23.
610 1255 649 1294 in
681 1255 931 1307 descriptione
960 1255 1100 1294 formae
1133 1254 1375 1294 Constantini
1406 1255 1532 1306 magni
1571 1258 1632 1294 est

151 1326 238 1354 eum
265 1314 382 1352 fuisse
407 1313 547 1352 dictum
571 1315 793 1364 τραχηλᾶν,
824 1313 926 1363 quod
948 1313 1169 1351 cervicosum
1192 1312 1374 1352 transtuli.
1432 1313 1533 1364 apud
1554 1311 1633 1351 Au-

151 1371 283 1411 relium
310 1369 499 1409 Victorem
525 1374 584 1408 est
613 1369 812 1408 Traculam
843 1370 959 1408 fuisse
985 1369 1310 1418 cognominatum,
1347 1370 1414 1408 sed
1442 1369 1550 1408 aliam
1580 1369 1632 1407 ob

152 1439 314 1467 eausam.
342 1426 450 1466 Χη.
508 1439 632 1478 apage
651 1439 674 1464 a
695 1433 770 1464 tam
787 1426 974 1478 praeclaro
991 1427 1226 1476 colendoque
1242 1427 1410 1478 principe
1429 1427 1636 1470 cervicosi,

152 1497 264 1537 quam
283 1484 343 1523 hic
361 1483 648 1523 comminiscitur
666 1483 878 1535 xylander,
907 1484 1081 1522 infamem
1105 1496 1246 1522 vocem.
1306 1486 1345 1522 et
1364 1483 1428 1533 qui
1445 1497 1488 1521 os
1505 1484 1635 1522 hume-

151 1554 292 1593 rosque
306 1541 380 1580 deo
397 1539 524 1579 similis
542 1540 810 1580 Constantinus
829 1542 1046 1592 τραχηλᾶς,
1070 1553 1138 1578 ceu
1159 1539 1247 1577 lma
1262 1546 1469 1591 erectaque
1484 1541 1649 1586 cervice,

152 1597 382 1651 (corporeae
410 1597 635 1636 fortitudinis
667 1602 705 1636 et
737 1597 899 1647 ingentis
931 1597 1041 1635 animi
1069 1596 1211 1647 signis)
1241 1598 1498 1648 compieuus,
1528 1610 1634 1636 com-

151 1655 253 1695 muni
269 1655 466 1694 verborum
484 1654 592 1706 copia
608 1653 760 1693 ‘laudem
780 1654 903 1706 potius
925 1667 1016 1692 suae
1035 1653 1243 1692 celsitudini
1266 1655 1442 1707 imparem
1463 1656 1633 1707 accipiat,

152 1725 263 1765 quam
291 1724 367 1751 uno
395 1711 475 1750 solo
505 1712 625 1751 minus
652 1711 805 1750 feliciter
830 1711 1032 1750 adinvento
1058 1711 1225 1750 iniuriam
1250 1716 1286 1750 et
1307 1712 1489 1751 offensam
1507 1713 1633 1764 patia-

149 1774 222 1808 tur.
277 1769 420 1811 Gom.

267 1849 307 1889 p.
329 1833 412 1879 478
436 1847 471 1874 v.
493 1835 559 1877 16.
616 1833 846 1888 ἐβασίλευσε
868 1835 1071 1887 Panion]
1102 1836 1173 1876 hoc
1201 1849 1324 1876 secum
1353 1836 1468 1876 felicis
1500 1836 1632 1876 ominis

153 1893 358 1935 Galliarum
384 1905 540 1944 regnum
567 1893 789 1959 portendit,-
808 1898 851 1931 ut
876 1894 946 1932 sibi
974 1898 1011 1932 et
1039 1895 1216 1934 ecclesiae
1240 1896 1358 1959 dat-us·
1377 1907 1399 1932 e
1421 1893 1631 1960 coeiorex,

152 2021 240 2048 men
261 2011 538 2059 assequeretur,
560 2001 735 2057 'unusque
755 2009 992 2045 sacerrimus
1016 2012 1056 2047 et
1079 2007 1355 2046 divinsssimus
1379 2020 1472 2060 prae
1494 2009 1628 2046 ceteris

150 2064 453 2119 proclamaretur.
508 2063 649 2104 Gom.

266 2146 306 2186 p.
325 2131 408 2174 491
432 2145 469 2172 v.
492 2133 560 2175 22·
616 2130 895 2182 υποόἑξασθαι
914 2133 1033 2172 τοῦτο
1051 2147 1096 2174 το
1118 2128 1273 2185 ονομα]
1304 2132 1375 2184 ipsi
1404 2131 1539 2171 Graeci
1567 2132 1629 2171 sa-

154 2190 308 2229 bulosae
340 2189 561 2228 Iudaeorum
598 2190 789 2228 traditioni
822 2190 1045 2238 adhaerent,
1087 2190 1150 2228 ubi
1178 2191 1383 2241 composita
1413 2188 1627 2241 Tryphonis

153 2246 306 2286 nomine
334 2238 504 2286 oratioue
533 2248 776 2298 pronuntiant
802 2248 978 2286 adversus
1006 2247 1146 2286 insecta
1175 2259 1346 2298 quaeque
1372 2258 1482 2296 agros
1510 2246 1629 2284 deva-

153 2303 312 2351 stantia,
341 2301 487 2356 ὁρκίζω
514 2302 624 2355 ’ὖμᾶς
650 2301 750 2343 narii?
780 2306 852 2344 τοῦ
875 2299 1049 2371 μεγάλου
1072 2298 1272 2356 ὄνόματος
1287 2305 1362 2344 τοῦ
1380 2300 1445 2343 ἔπι
1465 2304 1538 2354 τῆς
1556 2300 1631 2343 πέ-

151 2376 253 2431 ερας1
280 2359 588 2429 ἐπιγραφέντος,
628 2359 697 2400 καὶ
727 2357 784 2413 μή
811 2356 1066 2414 βαστασάσης
1095 2357 1194 2402 α’λλα
1225 2359 1504 2415 διαρραγείσης
1532 2357 1629 2401 aiod

153 2415 279 2474 κηρὸς
297 2412 378 2458 ἄπο
397 2414 617 2470 προσώπου
636 2414 772 2471 πυρός.
828 2419 969 2456 Gom.

267 2499 306 2539 p-
327 2485 410 2529 495
434 2499 470 2525 v-
489 2487 559 2527 21.
618 2481 885 2540 Κοδρούβης]
915 2487 1053 2536 scribe,
1084 2480 1339 2538 Κορδοῦβης.
1394 2484 1556 2536 loquitur
1579 2484 1640 2524 de·

155 2543 249 2583 Osio
274 2543 476 2583 Cordubae
504 2544 700 2597 episcopo,
727 2545 806 2582 viro
835 2557 994 2594 magnae
1017 2544 1088 2582 isto
1112 2548 1282 2595 tempore
1309 2543 1560 2590 auctoritatis,
1586 2546 1630 2581 ut

157 2614 204 2640 ex
227 2601 390 2640 Eusebio
414 2605 455 2640 et
480 2601 629 2653 reliquis
649 2601 884 2653 scriptoribus
906 2601 1157 2640 ecciesiasticis
1178 2604 1306 2639 notum
1322 2603 1397 2639 est.
1454 2598 1539 2638 vide
1559 2598 1630 2638 hac

157 2658 208 2697 de
237 2670 279 2696 re
304 2658 496 2697 Socratem
524 2659 548 2699 1
577 2660 602 2698 7
634 2663 673 2698 et
701 2661 751 2706 9,
790 2659 941 2699 Sozom.
973 2658 996 2698 1
1032 2657 1105 2707 16,
1143 2656 1416 2696 Theodoritum
1447 2657 1485 2696 1.
1521 2655 1628 2697 Xn.

158 2711 403 2768 Κοδρουβης
431 2714 683 2766 Theophanes
707 2728 856 2767 quoque
881 2716 961 2754 vice
990 2688 1249 2767 Κορέούβης,
1278 2715 1379 2752 iuxta
1398 2717 1585 2782 receptum
1605 2725 1630 2752 a

158 2772 314 2811 Graecis
334 2772 521 2811 modernis
540 2772 667 2812 literas
689 2773 959 2824 transponendi
980 2785 1131 2812 morem.
1190 2772 1242 2810 sic
1267 2770 1440 2824 κραδίαν
1461 2774 1500 2809 et
1521 2765 1629 2821 αμύ-

155 2829 283 2884 γλαδα
303 2828 384 2869 loco
402 2829 573 2884 καρδίαν
591 2834 631 2870 et
648 2824 861 2884 α’μύγδαλα
880 2830 1120 2883 pronuntiant
1138 2832 1178 2868 et
1196 2828 1371 2869 scribunt.
1430 2828 1570 2867 Gon.
