1890 3236
139 303 406 367 πατριάρχου
441 311 627 367 προβολῇ
664 306 772 351 ἀλλὰ
807 308 875 350 καὶ
911 308 1038 363 ζητεῖν
1069 303 1264 364 ἀφορμὴν
1293 307 1381 356 πῶς
1412 301 1463 355 ἂν
1495 301 1623 347 αὐτὸν

151 376 374 435 καταγάγοι
402 382 478 421 τοῦ
505 376 688 436 θρόνου,
724 377 857 420 πολλὰ
877 378 944 420 καὶ
976 373 1197 433 Θεοδώρου
1224 378 1300 419 τοῦ
1318 373 1634 434 Ιζυζίκου’“κ“ατ’1

150 445 279 492 αὐτοῦ
296 448 588 504 διερεθίζοντος
607 450 765 490 τοῦτον.

279 515 436 573 ’Ὠσπερ
466 516 512 560 δὲ
541 520 614 559 τοῦ
643 513 796 574 χρόνου
828 511 1201 572 φιλοτιμησαμένου
1223 511 1328 555 κατὰ
1347 510 1497 556 ταυτὸν
1516 509 1621 566 ὅμο-

107 593 141 630 -5
151 581 364 643 γνώμονας
387 581 972 641 ἔπιδείξασθανπατριάρχας,
1017 583 1084 632 καὶ
1105 581 1179 636 τὴν
1194 585 1276 624 τῶν
1299 580 1493 639 ἑσπερίων
1515 578 1614 623 Ῥω-
1638 587 1668 622 Β

148 655 284 711 μαίων
309 654 522 710 ἐκκλησίαν
546 651 703 697 ῗθῦνειν
722 653 866 708 ἔλαχεν
886 648 1075 706 Ἰωάννης
1105 647 1127 692 ὃ
1155 653 1231 692 τοῦ
1254 650 1488 707 Ἀλβερίχου
1515 647 1618 701 υἱός,

149 723 254 781 πρὸς
273 727 410 767 πᾶσαν
426 723 635 780 ἀσέλγειαν
653 723 720 766 καὶ
738 722 882 765 κακίαν
900 717 1096 776 ὖπάρχων
1112 717 1346 776 ἓπιρρεπής·
1382 718 1428 762 ὃν
1443 718 1577 770 Ὤτως
1594 716 1632 779 ὕΔ

140 797 243 837 τῶν
254 791 457 850 Φράγγων
472 792 666 848 βασιλεὺς
682 788 890 841 ἀπελάσας
908 789 1043 848 ἕτερον
1064 787 1321 846 ἀντεισήγαγε
1350 792 1401 847 τῇ
1423 776 1617 849 ’ἐκκλησίᾳ

141 861 333 919 ποιμένα.
433 917 435 920 .

83 940 142 979 10
195 965 197 968 Α
280 927 403 974 ‘0153
430 926 694 981 Πολύευκτος
723 927 782 987 τῷ
812 924 961 986 πρώτῳ
989 930 1064 983 τῆς
1097 926 1295 984 ἶερατείας
1325 924 1451 969 αὖτοῧ
1477 921 1616 984 χρόνῳ

140 999 377 1058 γτοΐςηὶεροῖς
395 998 549 1050 Mra&
578 987 792 1053 διπτύχοις
805 997 1020 1052 Εὖθυμιόυ
1041 1000 1116 1040 τοῦ
1133 993 1388 1053 πατριάρχου
1406 994 1452 1038 τὸ
1472 994 1617 1049 ὄνομα,

136 1073 223 1113 -τοῦ
249 1068 322 1113 τὸν
346 1068 520 1123 βασιλέα
546 1068 713 1111 Λέοντα
745 1067 964 1122 δεξαμένου
996 1067 1052 1117 εἷς
1080 1066 1302 1117 κοινωνίαν,
1342 1062 1512 1120 ὁπηνίκα
1543 1063 1617 1119 τὴν

135 1135 343 1197 τετάρτην
363 1135 533 1194 ἠγάγετο
553 1143 737 1194 γυναῖκα.
796 1136 899 1193 πρὸς
918 1134 1038 1179 τοῦτό
1057 1152 1162 1186 τινες
1182 1139 1262 1178 τῶν
1280 1134 1499 1192 ἀρχιερέων
1516 1132 1619 1191 πρὸς

137 1207 282 1265 ὀλίγον
300 1206 548 1262 ἀντέστησαν
564 1212 622 1265 τῷ
640 1203 890 1264 Πολυεύκτῳ
908 1205 967 1261 μὴ
988 1210 1200 1248 κοινωνεῖν.
1243 1203 1349 1246 ἀλλὰ
1367 1203 1463 1246 κατ’
1483 1203 1618 1259 ὀλίγον

94 1281 208 1337 15τῷ
237 1281 312 1321 τοῦ
339 1279 585 1334 κρατοῦντος
606 1274 960 1332 ἀκολουθήσαντες
985 1271 1191 1330 θελήματι
1219 1273 1375 1331 γέλωτα
1410 1273 1613 1331 παρέσχον
1636 1278 1666 1314 C

145 1353 231 1398 τοῖς
247 1345 575 1403 διακρινομένοις.

276 1414 421 1471 Ἢχθη
447 1414 493 1457 δὲ
511 1412 614 1458 κατὰ
633 1413 704 1456 τὸν
724 1412 847 1456 αὐτὸν
865 1410 1007 1467 καιρὸν
1025 1413 1093 1455 καὶ
1114 1409 1140 1467 ἦ
1159 1410 1273 1465 τιμία
1289 1412 1381 1468 χεὶρ
1410 1415 1486 1454 τοῦ
1508 1426 1612 1467 προ-

147 1482 303 1543 δρόμου
331 1486 390 1535 εἰς
409 1482 482 1538 τὴν
500 1484 696 1538 βασιλίδα
717 1483 761 1533 ἐξ
779 1482 1041 1536 Ἀντιοχείας,
1073 1481 1353 1524 ἆποκλαπεΐσα
1372 1478 1484 1536 παρά
1505 1497 1613 1530 τινος

146 1552 338 1609 διακόνου
359 1552 455 1608 Ἰὼβ
481 1551 684 1607 τοῦνομα·
718 1550 768 1606 ἢν
788 1555 1102 1605 καταλαβοῦσαν
1122 1549 1196 1605 τὴν
1213 1547 1464 1606 Χαλκηδόνα
1487 1547 1508 1592 ὃ
1528 1554 1610 1603 βα-

88 1622 281 1674 summm
303 1621 379 1679 τὴν
400 1622 616 1678 βασιλικὴν
646 1621 857 1676 ἐκπέμψας
886 1620 1053 1677 τριήρη,
1087 1621 1155 1662 καὶ
1175 1623 1248 1675 τῆς
1269 1617 1493 1675 συγκλήτου
1508 1609 1609 1662 ὅσον

143 1693 340 1749 ἐπίσημον
360 1689 597 1743 ἐξελθόντος
628 1692 696 1733 καὶ
727 1695 799 1734 τοῦ
832 1688 1086 1747 πατριάρχου
1105 1686 1367 1732 Πολυεύκτου
1391 1688 1466 1731 σὺν
1489 1689 1609 1730 παντὶ

144 1766 203 1821 τῷ
233 1759 370 1820 κλήρῳ
397 1759 502 1816 μετὰ
531 1764 666 1819 κηρῶν
694 1762 762 1803 καὶ
792 1757 1020 1816 λαμπάδιον
1047 1760 1116 1802 καὶ
1149 1755 1441 1814 θυμιαμάτων,
1477 1760 1534 1809 εἷς
1554 1756 1607 1801 τὰ

141 1831 330 1887 βασίλεια
347 1829 510 1888 ἤγαγεν.

33 48 35 50 ³
48 0 107 34 ,ἢ

0 0 43 264 r
475 192 867 237 HISTORIARUM
902 187 1294 235 COMPENDIUM.
1523 187 1621 234 335

235 1926 260 1964 5
284 1925 516 1972 πατριάρχηυ
535 1925 566 1960 C
689 1925 712 1962 7
735 1918 830 1965 ὦτος
853 1924 884 1960 C
1024 1925 1068 1960 14
1089 1919 1203 1969 μετ’7
1318 1940 1323 1947 ·
1354 1923 1398 1961 18
1421 1921 1611 1969 βασιλίδα]

234 1971 478 2021 μεγαλόπολιν
501 1973 579 2008 cod.
605 1971 869 2007 Fontisebrald.
893 1969 1001 2008 Mich.
1029 1971 1167 2016 Glycae
1189 1982 1227 2016 p.
1252 1969 1309 2005 ed.
1334 1969 1418 2005 Par.
1442 1971 1526 2005 303.

142 2053 244 2090 modo
269 2065 345 2089 eum
370 2053 414 2088 ad
445 2052 714 2100 patriarchatum
739 2051 965 2096 polyeuctum
994 2050 1210 2096 promovisse
1233 2050 1452 2096 poeniteret,
1486 2049 1548 2084 sed
1574 2054 1611 2083 et

141 2101 189 2136 de
211 2113 254 2136 eo
278 2112 343 2156 per
365 2100 580 2135 occasionem
605 2100 800 2134 deiiciendo
824 2098 1009 2143 cogitaret.
1056 2102 1093 2132 et
1115 2098 1158 2131 ad
1184 2108 1260 2132 eam
1280 2108 1353 2131 rem
1375 2097 1609 2140 suffundebat,

138 2148 237 2195 -quod
260 2153 368 2190 munt,
392 2146 554 2191 frigidam
579 2146 789 2181 Theodorus
814 2144 937 2189 Cyzici
962 2143 1160 2189 episcopus.

233 2194 396 2228 Ceterum
420 2191 523 2238 quasi
545 2192 576 2226 si
598 2198 734 2239 tempus
763 2192 800 2225 in
828 2203 870 2226 eo
900 2190 1076 2224 laboraret
1097 2195 1136 2224 ut
1159 2188 1280 2223 summi
1303 2187 1489 2234 pontifices
1514 2187 1609 2222 eius-

141 2240 218 2275 dem
241 2239 437 2275 sententiae
460 2245 675 2283 crearentur,
699 2239 876 2272 Romanae
899 2236 1069 2271 ecclesiae
1093 2235 1213 2270 eodem
1234 2240 1392 2280 tempore
1411 2234 1610 2279 praefectus

140 2286 212 2321 fuit
231 2287 383 2321 Ioannes
404 2284 558 2319 Alberici
581 2284 685 2328 filius,
719 2284 819 2318 homo
843 2285 886 2318 ad
911 2295 1044 2317 omnem
1067 2281 1245 2316 lasciviam
1270 2293 1311 2315 ac
1334 2280 1496 2315 malitiam
1524 2292 1609 2326 pro-

140 2343 293 2380 pensus3
328 2342 429 2377 quem
462 2330 549 2365 Otto
579 2331 793 2366 Francorum
823 2330 1013 2376 imperator
1043 2327 1199 2374 expulit,
1233 2327 1407 2372 aliumque
1436 2326 1610 2362 ecclesiae

137 2385 312 2426 pastorem
337 2376 534 2412 constituit.

232 2424 447 2469 Polyeuctus
477 2422 588 2469 primo
619 2422 676 2456 sui
705 2421 962 2467 patriarchatus
992 2432 1083 2455 anno
1104 2418 1273 2464 Eutychii
1296 2419 1518 2465 patriarchae
1542 2431 1607 2454 no-

140 2484 221 2508 men
242 2470 279 2506 in
303 2482 423 2506 sacras
444 2469 580 2505 tabulas
602 2469 759 2512 rettulit,
785 2468 860 2503 eius
884 2468 942 2513 qui
968 2467 1211 2512 imperatorem
1236 2467 1388 2500 Leonem
1417 2467 1460 2500 ad
1483 2477 1607 2500 sacro-

139 2530 215 2555 rum
239 2516 580 2554 communicationem
601 2515 801 2558 admiserat,
826 2526 901 2549 cnm
925 2515 955 2548 is
976 2520 1133 2559 quartam
1158 2524 1299 2548 uxorem
1324 2511 1494 2547 duxisset.
1531 2523 1606 2547 eam

140 2566 185 2601 ob
219 2576 291 2601 rem
322 2563 462 2610 quidam
491 2572 697 2598 summorum
732 2561 932 2608 pontificum
968 2560 1177 2606 aliquamdiu
1201 2559 1386 2594 noluerunt
1407 2570 1464 2593 res
1487 2570 1606 2593 sacras

139 2622 216 2647 cum
238 2610 433 2656 Polyeucto
458 2620 653 2644 communes
677 2608 825 2643 habere:
860 2620 938 2643 mox
961 2606 1182 2653 imperatoris
1210 2604 1382 2640 voluntati
1406 2606 1606 2651 obsequen-

138 2664 193 2694 tes
215 2657 382 2693 ridendos
404 2669 444 2692 se
466 2654 744 2702 disceptantibus
767 2654 1039 2689 controversiam
1062 2652 1308 2688 exhibuerunt.

231 2704 305 2739 Sub
328 2704 419 2740 idem
446 2708 582 2749 tempus
612 2703 810 2736 veneranda
843 2700 1083 2747 praecursoris
1117 2710 1235 2734 manus
1260 2697 1451 2733 Antiochea
1475 2697 1604 2743 Cpolin

138 2750 245 2788 allata
268 2755 343 2796 est,
365 2756 530 2797 surrepta
552 2750 596 2784 ab
620 2748 708 2782 Iobo
733 2747 879 2793 quodam
904 2748 1065 2782 diacono·
1114 2758 1156 2781 ea
1182 2757 1256 2780 cum
1280 2744 1474 2791 appulisset
1495 2743 1607 2779 Chal-

137 2796 315 2843 cedoncm,
339 2797 528 2842 imperator
549 2807 645 2831 suam
670 2794 786 2829 emisit
810 2794 1002 2829 triremem=
1027 2799 1064 2828 et
1082 2792 1290 2828 illustriores
1313 2796 1493 2826 senatores
1519 2802 1604 2836 pro-

136 2844 302 2879 cedentes
327 2843 465 2879 obviam
490 2855 565 2878 cum
588 2841 789 2887 patriarcba
809 2846 845 2876 et
867 2840 1032 2876 universo
1057 2839 1151 2874 clero
1174 2850 1249 2874 cum
1272 2837 1385 2874 cereis
1409 2837 1544 2873 facibus
1567 2841 1605 2872 et

134 2890 314 2926 suffitibus
336 2901 411 2926 eam
430 2890 467 2926 in
491 2889 656 2938 palatium
679 2888 912 2924 deduxerunt.
