1916 3210
339 171 436 218 652
620 150 621 153 ’
732 171 954 216 IOANNIS
989 171 1380 217 cuROPALATAE

285 289 317 323 D
340 281 494 327 στάνων
513 282 578 325 καὶ
599 281 720 334 αὐτὸς
738 281 760 326 ὅ
781 287 995 339 τηνικαῦτα
1015 283 1189 342 ε’παρχος
1208 281 1389 328 ἑάλωσαν
1410 282 1467 338 ὥς
1484 284 1689 342 ἐπίβουλοι
1707 287 1776 332 καὶ

335 349 619 401 καθοσιώσεως
648 352 757 411 αἰτίᾳ
784 350 1001 404 ὑπέπεσον,
1034 357 1114 395 τῶν
1146 354 1298 396 οἲκείων
1324 354 1582 411 στερηθέντες
1601 351 1776 411 κτήσεων

334 421 401 461 καὶ
421 417 552 473 πάσης
572 423 646 473 τῆς
665 421 895 476 περιουσίας
918 420 1063 463 αὐτῶν.
1128 419 1306 476 ἐπόθησε
1331 422 1375 464 δὲ
1401 423 1467 464 καὶ
1485 420 1664 478 ἠγάπησε
1681 421 1774 467 δια-

335 485 536 542 φερόντως
564 491 645 529 τῶν
676 486 809 530 ἄλλων
837 485 1022 531 ἁπάντων
1053 486 1074 531 ὅ
1100 489 1290 542 βασιλεὺς
1315 487 1387 544 τήν
1408 506 1451 533 τε
1470 494 1551 533 τῶν
1573 492 1774 545 δημοσίων

334 552 579 610 πραγμάτων
617 554 833 610 ἐπαύξησιν
866 557 932 599 καὶ
964 560 1044 599 τῶν
1074 558 1281 600 ἰδιωτικῶν
1311 558 1432 600 δικῶν
1463 558 1536 613 τὴν
1567 556 1807 615 ἀκρόασιν,5

334 622 409 664 κᾶν
437 619 593 673 τούτοις
619 622 694 678 τὴν
719 624 880 677 μείζονα
912 625 1105 682 φροντίδα
1125 625 1333 668 κατεκὲνου
1353 629 1425 680 τῆς
1441 626 1672 680 βασιλείας,
1697 625 1778 671 τῶν
1808 663 1811 666 ,

334 689 466 733 ἄλλων
501 683 620 745 ἧττον
652 689 838 746 ἐχόμενος
844 724 858 745 ,
904 698 1177 750 στρατηγικῶν
1204 694 1310 750 φημὶ
1335 691 1684 749 πλεονεκτημάτων
1709 695 1778 738 καὶ

334 763 628 814 στρατιωτικῶν
656 758 1049 817 ἀνδραγαθημάτων.
1116 761 1184 804 διὰ
1213 761 1265 817 δὴ
1296 765 1424 804 ταῦτα
1447 763 1514 805 καὶ
1534 778 1778 819 συκοφαντι-

332 833 422 876 καῖς
451 827 650 883 ἐπηρείαις
677 829 744 870 καὶ
771 835 1022 886 σοφιστικαῖς
1047 828 1243 883 μεθόδοις
1269 831 1336 872 καὶ
1363 831 1572 873 δικανικῶν
1597 833 1779 887 προβλη-

335 892 475 948 μάτων
502 895 611 953 ἒσμῷ
640 898 706 938 καὶ
735 902 966 953 σεκρετικῶν
995 895 1227 953 ζητημάτων
1250 897 1477 949 ἐπιπλοκαῖς
1496 898 1542 941 τὸ
1557 895 1778 952 Ῥωμαϊκὸν
1789 908 1834 944 10

197 965 227 1001 Ρ
247 967 317 1003 814
338 964 530 1006 ἐκλονεΐτο
552 965 619 1006 καὶ
637 965 889 1021 ε’κραδαίνετο
900 995 914 1018 ,
945 963 999 1015 ὥς
1017 967 1082 1008 καὶ
1102 966 1248 1016 αὐτοὺς
1266 965 1360 1016 mig
1378 966 1717 1022 στρατευομένους
1727 966 1779 1010 τὰ

341 1029 447 1073 ὅπλα
474 1033 541 1073 καὶ
563 1032 639 1087 τὴν
666 1035 875 1090 στρατείαν
901 1034 1098 1088 μεθέντας
1119 1031 1362 1091 συνηγόρους
1382 1035 1448 1076 καὶ
1468 1037 1641 1088 νομικῶν
1660 1034 1782 1089 ζητη-

337 1097 476 1154 μάτων
494 1101 559 1142 καὶ
578 1099 875 1158 προβλημάτων
891 1102 1078 1158 γενέσθαι
1096 1100 1266 1159 ἐραστάς
1273 1132 1287 1153 ,
1319 1101 1458 1159 μακρὰ
1474 1102 1627 1159 χαίρειν
1649 1099 1783 1145 εἶπόν-

337 1185 412 1217 τας
442 1169 609 1227 ἒνυαλίῳ
640 1185 681 1212 τε
708 1169 790 1226 ἠχῇ
815 1171 883 1212 καὶ
913 1174 1106 1227 πολεμικῇ
1135 1167 1294 1226 ὀρχήσει
1315 1171 1382 1212 καὶ
1403 1168 1642 1227 περιδινήσει
1666 1171 1781 1227 ἄγχι-

338 1234 516 1294 στρόφῳ.
587 1236 752 1293 εὐσεβὴς
780 1238 824 1280 δὲ
849 1236 905 1280 ὢν
931 1238 1037 1295 εἴπερ
1058 1255 1119 1288 τις
1140 1238 1295 1291 ἕτερος,
1329 1238 1396 1280 καὶ
1419 1235 1689 1294 φιλομόναχος
1708 1255 1778 1296 ‹pt-
1791 1244 1838 1281 15

338 1302 545 1358 λόπτωχός
571 1322 613 1348 τε
643 1308 710 1348 καὶ
739 1307 829 1363 περὶ
859 1306 904 1349 τὸ
935 1311 1054 1360 σῶμα
1080 1299 1176 1360 ἦτον
1201 1303 1455 1358 κολαστικός,
1489 1306 1591 1363 πρὸς
1615 1305 1719 1348 ἄλλα
1742 1322 1781 1348 τι

336 1373 496 1426 ἀμβλὺς
513 1370 697 1429 ἐτύγχανε
717 1376 783 1416 καὶ
801 1372 988 1429 νωθρός,
1011 1373 1211 1432 φειδωλὸς
1228 1374 1268 1416 δ’
1291 1371 1452 1430 εἶσάγαν
1470 1375 1537 1416 καὶ
1554 1372 1784 1431 ποριστικὸς

335 1442 402 1482 καὶ
430 1445 509 1483 τῶν
537 1442 741 1496 δημοσίων
767 1441 987 1499 χρημάτων
1013 1440 1238 1497 αὕξητικός.
1304 1441 1503 1494 ε”ξουσιάζε
1533 1442 1581 1484 δὲ
1603 1443 1669 1484 καὶ
1694 1447 1783 1493 ταῖς

338 1509 513 1565 κρίσεσι,
560 1512 626 1551 καὶ
655 1509 847 1561 πολλάκις
875 1510 1000 1561 αὐτὰς
1029 1510 1096 1553 διὰ
1125 1510 1198 1565 τὴν
1225 1513 1305 1553 τῶν
1334 1508 1565 1566 προσώπων
1590 1507 1782 1564 ποιότητα

286 1583 317 1617 Β
340 1574 578 1631 ὑπήλλαττε,
604 1579 735 1635 βαρὺς
753 1577 1001 1633 δεικνύμενος
1017 1585 1100 1628 τοῖς
1119 1579 1302 1628 δυνατοῖς
1320 1579 1386 1620 καὶ
1403 1575 1621 1635 ἀφόρητος.
1653 1585 1838 1636 προσ-29

339 1645 519 1699 κειμένου
549 1646 594 1688 δὲ
623 1648 748 1689 αὐτοῦ
771 1653 855 1697 τοῖς
876 1644 1069 1697 τοιούτοις
1085 1647 1292 1701 διηνεκῶς,
1324 1649 1409 1688 τῶν·
1425 1646 1469 1688 δὲ
1488 1644 1787 1702 στρατιωτικῶν-

339 1712 586 1767 ἧμεληκότος
613 1716 680 1756 καὶ
707 1712 1041 1773 ῥᾳθυμήσαντος,
1076 1714 1127 1757 τὰ
1146 1718 1217 1769 τῆς
1233 1712 1450 1768 ἀνατολῆς,
1474 1715 1541 1755 καὶ
1557 1714 1783 1767 μᾶλλοντὰ

339 1782 382 1823 ἓν
408 1787 492 1832 τοῖς
521 1783 689 1838 τέρμασι
716 1787 795 1824 τῶν
822 1787 956 1841 μερῶν
984 1787 1064 1825 τῶν
1084 1780 1314 1836 Ῥωμαϊκῶν
1323 1812 1342 1833 ,
1370 1779 1448 1823 zinci
1476 1785 1556 1824 τῶν
1584 1782 1787 1834 πολεμίων·

341 1847 529 1907 ε’·φέροντό
560 1867 601 1892 τε
631 1852 698 1893 καὶ
727 1849 894 1905 ἤγοντο,
929 1852 995 1893 καὶ
1018 1852 1214 1905 ἐληΐζοντο
1235 1851 1301 1891 καὶ
1325 1849 1602 1907 διεφθείροντο
1624 1849 1785 1892 &nana

339 1956 464 2001 quibus
495 1956 571 2002 ipse
601 1969 737 2003 quoque
759 1957 949 2003 eparchus,
981 1957 1133 1992 convicti
1154 1961 1235 1991 sunt
1254 1956 1456 1991 insidiarum
1479 1959 1517 1991 et
1536 1952 1655 1991 laesae
1673 1955 1783 1990 maie-

338 2003 439 2036 statis
463 2002 515 2036 rei
539 2003 676 2047 effecti,
701 2008 738 2038 et
757 2003 885 2038 iccirco
905 2003 1178 2049 possessionibus
1199 2010 1233 2036 et
1253 2002 1326 2037 suis
1345 1999 1621 2037 omnfflus'bonis
1637 2001 1782 2046 privati.

339 2048 539 2093 concupivit
562 2054 674 2084 autem
699 2053 734 2084 et
756 2060 842 2094 prae
865 2049 991 2084 ceteris
1015 2048 1170 2083 omnibus
1192 2046 1338 2083 maxime
1358 2047 1486 2083 amavit
1506 2047 1694 2093 imperator
1714 2057 1782 2092 pu-

338 2093 503 2128 blicarum
529 2105 643 2129 rerum
669 2094 931 2139 incrementum,
965 2098 1002 2129 et
1031 2094 1219 2140 praecipuo
1251 2093 1365 2128 studio
1396 2093 1552 2139 privatas
1575 2103 1696 2128 causas
1718 2103 1783 2127 au-

337 2139 458 2174 diendi
487 2142 692 2184 tenebatur,
729 2140 765 2175 in
797 2141 922 2185 quibus
953 2140 1115 2175 maiorem
1148 2151 1247 2185 quam
1275 2140 1312 2174 in
1342 2139 1488 2184 imperio
1515 2137 1783 2174 administrando

338 2196 453 2220 curam
486 2186 732 2230 exhauriebat,
765 2187 842 2220 aliis
874 2188 977 2221 rebus
1009 2186 1120 2220 minus
1145 2197 1297 2230 vacans,
1330 2185 1453 2220 ducum
1473 2184 1614 2231 inquam
1635 2182 1784 2229 amplifi-

337 2231 469 2265 candae
492 2231 673 2278 dignitati,
698 2238 734 2267 et
755 2232 799 2266 iis
823 2243 912 2277 quae
934 2231 1098 2266 militibus
1121 2243 1290 2277 prospere
1312 2242 1352 2264 ac
1373 2235 1514 2265 strenue
1536 2234 1636 2274 gesta
1655 2233 1785 2264 essent.

338 2282 375 2311 et
405 2282 590 2322 propterea
612 2278 649 2312 in
671 2278 949 2313 calumniatorum
975 2276 1141 2312 conviciis
1165 2282 1202 2311 et
1223 2275 1422 2322 sophisticis
1445 2275 1642 2310 commentis
1664 2286 1706 2309 ac
1727 2273 1784 2309 iu-

337 2322 511 2357 dicialium
534 2323 772 2368 quaestionum
795 2324 952 2358 examine
974 2324 1128 2358 Romana
1149 2334 1206 2357 res
1226 2321 1367 2376 publica
1380 2332 1522 2356 versans
1538 2321 1785 2366 occupabatur,

334 2367 387 2402 ita
421 2373 460 2403 ut
491 2369 562 2415 ipsi
592 2369 717 2404 milites
750 2369 852 2404 armis
886 2368 1053 2414 depositis
1077 2369 1238 2404 advocati
1262 2373 1298 2402 et
1318 2367 1457 2413 patroni
1478 2365 1714 2411 quaestionum
1739 2365 1786 2400 ad

334 2413 430 2458 leges
461 2415 688 2460 spectantium
722 2420 759 2450 et
791 2417 966 2450 causarum
996 2415 1140 2459 fierent,
1174 2413 1300 2448 omisso
1331 2412 1459 2447 Martio
1483 2423 1569 2447 nono
1593 2415 1629 2447 et
1648 2410 1786 2446 bellicis

337 2458 642 2495 exercitationibus
667 2465 702 2496 et
725 2472 889 2506 equorum
915 2460 1137 2506 agitatione„
1166 2459 1244 2505 pius
1267 2470 1351 2493 vero
1376 2469 1451 2492 cum
1477 2461 1571 2493 esset
1591 2461 1631 2492 ut
1651 2455 1683 2492 si
1705 2455 1785 2500 quis

337 2505 447 2549 alius,
483 2511 519 2541 et
540 2506 780 2541 monachorum
805 2511 840 2541 et
863 2517 1050 2552 pauperum
1073 2505 1264 2549 studiosus,
1292 2508 1330 2540 et
1350 2503 1386 2538 in
1407 2503 1453 2538 iis
1479 2513 1568 2549 quae
1590 2502 1635 2537 ad
1658 2500 1785 2536 cultum

338 2550 495 2595 corporis
528 2551 704 2597 pertinent
734 2564 803 2587 non
833 2553 1011 2587 admodum
1042 2555 1249 2596 occupatus,
1281 2549 1318 2584 in
1348 2549 1426 2584 aliis
1454 2559 1591 2595 quoque
1613 2547 1719 2582 hebes
1742 2557 1785 2582 ac

340 2596 455 2640 segnis
479 2602 573 2631 erat:
596 2602 633 2632 at
655 2597 692 2632 in
716 2598 885 2642 augendis
908 2596 1054 2651 publicis
1079 2596 1235 2642 pecuniis
1259 2595 1436 2630 admodum
1458 2604 1583 2640 parcus
1604 2597 1640 2628 et
1656 2591 1784 2627 civilia.

338 2641 440 2675 nimis
464 2642 531 2677 sibi
554 2645 738 2688 arrogabat
759 2644 795 2678 in
818 2643 975 2687 iudiciis,
1001 2648 1037 2678 et
1058 2654 1101 2677 ea
1121 2641 1266 2676 subinde
1286 2645 1432 2687 propter
1449 2649 1674 2685 personarum
1695 2649 1785 2683 qua.-

339 2686 471 2721 litatem
493 2690 667 2733 mutabat,
697 2701 837 2735 gravem
859 2701 898 2724 se
922 2687 1121 2733 potentibus
1145 2687 1352 2730 ostendens,
1389 2690 1426 2721 et
1445 2684 1612 2721 eiusmodi
1634 2683 1695 2738 cui
1713 2693 1783 2718 nou

340 2738 484 2776 possent
513 2734 690 2769 resistere.
738 2746 811 2769 cnm
838 2735 882 2769 iis
904 2736 1008 2770 rebus
1030 2733 1088 2768 ille
1109 2736 1204 2768 totus
1225 2732 1459 2775 incumberet,
1493 2741 1533 2764 re
1556 2729 1697 2764 militari
1717 2739 1781 2762 ue-

341 2777 477 2822 glecta‚
513 2791 553 2813 ac
582 2779 722 2815 nimium
752 2792 791 2814 se
817 2780 888 2814 otio
914 2780 1084 2824 dedisset,
1119 2790 1177 2813 res
1211 2777 1389 2822 Orientis,
1425 2774 1612 2829 praecipue
1641 2774 1725 2826 loca·
1745 2773 1781 2806 in

340 2822 467 2858 finibus
490 2825 739 2870 Romanorum,
761 2827 804 2862 ab
826 2826 982 2862 hostibus
1003 2824 1063 2872 agi
1084 2824 1170 2861 ferri
1192 2835 1234 2860 ac
1255 2822 1382 2870 diripi,
1405 2827 1442 2858 et
1464 2830 1578 2857 omnia
1597 2824 1727 2855 vastari
1745 2822 1781 2851 et
