1916 3210
354 146 453 194 602
827 145 1061 191 GEORGH
1087 147 1329 193 CEDRENI

350 261 418 303 καὶ
453 260 508 309 εἷς
539 253 723 312 ἔκπληξιν
750 253 926 313 μεγάλην
948 255 1070 314 ἤγαγε
1092 258 1187 310 τοὺς
1207 259 1487 315 θεασαμένους
1501 261 1795 316 Πατζινάκους.

350 329 496 381 ἐξῆλθε
526 326 570 367 δὲ
595 326 663 367 καὶ
689 327 762 379 τῆς
781 323 1146 382 Ἀδριανουπόλεως
1172 324 1353 382 Νικήτας
1376 330 1746 390 πρωτοσπαθάριος
1768 330 1793 375 ὅ

295 404 327 439 D
354 397 541 447 Γλαβᾶς,
573 392 848 448 τοποτηρητὴς
879 391 936 436 ὢν
965 398 1038 437 τοῦ
1066 392 1269 450 τάγματος
1294 399 1376 439 τῶν
1403 400 1581 451 σχολῶν,
1604 401 1670 453 zeii,-
1687 398 1793 456 βοή-

347 466 490 504 θειαν·
539 461 607 502 καὶ
639 458 788 511 ἰδόντες
817 464 980 514 τοῦτον,
1018 464 1086 505 καὶ
1114 462 1459 520 προσδοκήσαντες
1483 464 1552 509 τὸν
1577 463 1790 523 aripennum

348 530 562 572 Βασίλειον
577 527 679 582 μετὰ
698 531 777 572 τῶν
793 531 1082 587 Βουλγαρικῶν
1097 530 1320 588 ἀφικέσθαι
1335 531 1543 587 δυνάμεων
1570 534 1821 592 (medendo-5

346 602 444 640 κᾶτο
468 597 547 654 γὰρ
571 598 638 639 καὶ
657 589 773 648 οὗτος
791 597 951 653 ἐλθεῖν)
981 600 1048 641 καὶ
1073 597 1339 651 δειλιάσαντες
1361 600 1401 643 οἱ
1419 599 1667 654 Πατζινάκοι
1683 618 1790 647 σπο-

347 663 468 722 ράδες
504 664 627 715 ἄλλος
662 664 839 720 ἀλλαχοῦ
872 664 1082 723 φεύγοντες
1106 664 1370 726 ὑπεχώρησαν
1381 699 1397 721 ,
1442 670 1515 712 καὶ
1537 671 1711 715 πανσυδὶ
1735 658 1807 717 ἂνΔ

345 730 544 776 ἀπολώλει
565 730 587 776 ὃ
610 737 691 776 τῶν
706 731 914 788 Ῥωμαίων
932 734 1114 793 στρατός.
1667 777 1671 782 .

473 801 648 856 Ἐγένετο
675 801 719 844 δὲ
743 801 847 846 κατὰ
871 807 1012 846 τοῦτον
1031 804 1101 847 τὸν
1116 800 1263 861 χρόνον
1282 803 1350 846 καὶ
1367 803 1600 861 τυραννίδος
1615 804 1807 860 διαβολή

342 865 446 911 κατά
473 885 591 912 τινων
616 867 819 927 ἀρχόντων
839 875 1031 923 πολιτῶν,
1066 866 1121 915 ὧν
1141 871 1302 930 ἕξαρχοι
1321 870 1532 928 ἐτύγχανον
1549 871 1786 931 Νικηφόρος
1796 881 1841 917 10

341 938 410 979 καὶ
437 938 612 994 Μιχαὴλ
641 938 679 980 οἷ
705 941 845 989 παῖδες
867 944 938 981 τοῦ
967 940 1181 994 Εὗθυμίου
1212 942 1278 982 καὶ
1306 938 1422 982 ἄλλοι
1444 941 1546 992 τινὲς
1562 944 1642 984 τῶν
1663 942 1719 991 εἰς
1738 939 1784 984 τὸ

341 1005 441 1048 αὐτὸ
462 1006 574 1062 γένος
594 1004 890 1064 ἀναφερόντων.
954 1007 1047 1050 ἀλλ’
1071 1008 1109 1051 οἳ
1129 1008 1203 1062 με’-ν
1222 1007 1337 1050 ἄλλοι
1356 1006 1500 1059 πάντες
1516 1006 1784 1064 διεσώθησαν,

339 1071 462 1126 μόνος
484 1075 528 1117 δὲ
550 1072 572 1116 ὅ
594 1072 830 1132 Νικηφόρος
851 1073 1161 1132 ἄνεξερευνήτως
1179 1077 1435 1134 κατακριθεὶς
1452 1076 1680 1134 ἐξωρίσθη,
1711 1081 1785 1132 τῆς

342 1141 482 1192 οὐσίας
502 1141 625 1185 αὐτοῦ
647 1141 841 1200 πρότερον
860 1144 1139 1199 δημευθείσης.

195 1215 226 1249 Ρ
250 1216 320 1253 787
468 1207 605 1260 Ὅπως
635 1211 681 1253 δὲ
709 1215 789 1254 τῶν
809 1210 1073 1263 Πατζινάκων
1100 1211 1404 1270 ἐπικρατέστερα
1424 1211 1581 1269 γένηται
1597 1209 1651 1254 τὰ
1673 1208 1780 1255 Ῥω·
1791 1219 1852 1262 15,

339 1277 471 1332 μαίων
499 1276 521 1321 ὅ
548 1279 740 1332 βασιλεὺς
763 1280 993 1335 φροντίζων,
1038 1280 1108 1323 τὸν
1137 1280 1311 1337 Κεγένην
1343 1278 1471 1336 ἐξάγει
1502 1282 1783 1338 τῆςγφυλακῆς

340 1347 407 1388 καὶ
424 1346 464 1396 ἐς
480 1344 760 1399 Πατζινάκους
781 1347 981 1401 ἐκπέμπει,
1013 1346 1284 1403 ὑποσχόμενον
1305 1349 1508 1402 διασχίσαι
1530 1343 1695 1398 τούτους
1713 1348 1781 1388 καὶ

339 1413 478 1463 εὔνους
498 1418 629 1457 θεῖναι
650 1419 707 1474 τῷ
724 1418 895 1469 βασιλεῖ.
952 1417 1019 1458 καὶ
1039 1416 1090 1460 τὰ
1111 1415 1344 1471 συμμαχικὰ
1363 1414 1493 1459 πάντα
1508 1414 1781 1470 συναθροίσας

336 1479 414 1538 ὑφ’
438 1482 491 1533 ἕν,
529 1480 741 1540 Φράγγους
758 1484 862 1539 φημὶ
881 1485 947 1525 καὶ
968 1482 1227 1541 Βαράγγους,
1260 1481 1625 1539 μεταπεμψάμενος
1645 1483 1689 1525 δὲ
1711 1483 1778 1524 καὶ

337 1548 600 1600 ἱπποτοξότας
627 1549 705 1593 ἀπό
734 1567 778 1593 τε
804 1555 875 1605 τῆς
901 1552 1056 1606 Τελοὺχ
1086 1553 1153 1593 καὶ
1183 1556 1255 1594 τοῦ
1275 1550 1458 1608 Μαύρου
1478 1550 1598 1608 ὅρους
1618 1551 1686 1593 καὶ
1703 1553 1832 1593 τοῧ20

337 1615 575 1674 Καρκάρου,
604 1620 694 1674 περὶ
711 1618 784 1668 τὰς
798 1618 922 1662 εἴκοσι
938 1617 1145 1672 χιλιάδας,
1174 1621 1242 1662 καὶ
1262 1617 1455 1675 ἀνδράσιν
1473 1616 1680 1673 ἐπισήμοις
1695 1621 1776 1660 τῶν

335 1689 457 1741 γενῶν
477 1686 643 1729 ἕκαστον
662 1686 848 1738 ἀναθείς,
896 1688 963 1729 καὶ
991 1687 1053 1730 ἐπὶ
1081 1691 1202 1730 πᾶσιν
1223 1684 1399 1743 ἡγεμόνα
1423 1683 1677 1742 καταστήσας
1705 1684 1776 1728 τὸν

425 1813 448 1849 1
484 1810 728 1856 πατζινοῖκους
763 1824 817 1850 om
852 1814 882 1848 G
1060 1816 1084 1850 7
1116 1813 1179 1850 καὶ
1207 1823 1314 1849 nomo.
1347 1831 1392 1841 —-
1425 1816 1448 1851 8
1479 1811 1654 1857 στρατός]
1688 1813 1775 1848 haec

424 1855 1005 1952 Ξὶρὶἱὶρίρέξιτὲἱέᾕῦὃὲνωὲῐγέὅετο
1035 1861 1147 1895 τοῦτο
1179 1861 1339 1906 ponenda
1519 1861 1564 1896 12
1591 1856 1716 1894 αὐτῶν
1744 1860 1774 1893 C

333 2029 423 2063 equo
455 2015 555 2052 simul
579 2016 744 2052 traiectus
765 2016 910 2062 fuisset,
947 2020 982 2052 et
1010 2016 1155 2052 maxime
1182 2017 1219 2063 id
1246 2015 1462 2063 conspicatus
1485 2014 1776 2061 obstupefecisset

332 2064 551 2098 Patzinacas.
598 2062 715 2109 erupit
745 2063 848 2098 etiam
882 2075 926 2097 ex
954 2061 1180 2108 Adrianopoli
1210 2063 1340 2097 Glabas
1363 2061 1508 2096 Nicetas
1529 2060 1774 2108 protospatha-

330 2110 424 2152 rius,
457 2109 589 2153 legatus
622 2108 767 2153 legionis
797 2109 1010 2152 scholarum,
1045 2108 1185 2143 auxilio.
1231 2119 1330 2153 quem
1362 2107 1542 2160 videntes²
1578 2111 1614 2142 et
1641 2106 1774 2152 opinati

331 2154 520 2199 syncellum
549 2154 712 2189 Basilium
742 2165 816 2188 cum
846 2154 1038 2198 Bulgaricis
1069 2154 1178 2199 copiis
1209 2158 1389 2188 venturum
1424 2153 1574 2196 (etenim
1604 2152 1681 2198 ipse
1711 2163 1774 2186 ex-

331 2200 578 2246 spectabatur)
617 2204 653 2235 et
683 2199 789 2235 veriti
819 2200 1027 2236 Patzinacae
1055 2198 1206 2246 dispersi
1235 2199 1323 2234 alius
1356 2197 1424 2233 alio
1453 2197 1627 2243 fugientes
1656 2207 1774 2233 reces-

331 2250 464 2281 serunt.

424 2313 502 2348 Hoc
523 2314 604 2348 item
627 2317 783 2360 tempore
805 2314 988 2349 affectatae
1009 2312 1203 2358 tyrannidis
1227 2311 1378 2347 accusati
1402 2313 1482 2346 suut
1505 2309 1643 2356 quidam
1665 2308 1773 2354 cives,

332 2370 478 2404 quorum
505 2360 679 2406 principes
712 2365 810 2396 erant
837 2360 1055 2405 Nicephorus
1078 2364 1115 2394 et
1138 2358 1307 2403 Michael,
1339 2355 1520 2401 Euthymii
1540 2355 1621 2400 filii,
1655 2360 1692 2390 et
1712 2355 1775 2390 alii

332 2405 471 2448 quidam
493 2406 537 2439 ad
558 2405 647 2440 idem
670 2418 778 2451 genus
800 2406 991 2441 reserentes
1010 2405 1190 2450 originem.
1235 2404 1297 2438 sed
1320 2403 1379 2437 alii
1401 2412 1516 2437 omnes
1533 2401 1665 2436 servati
1681 2405 1772 2445 sunt,

334 2451 429 2485 solus
460 2454 572 2485 autem
603 2452 821 2497 Nicephorus
851 2451 983 2486 indicta
1013 2462 1116 2485 causa
1144 2449 1387 2485 condemnatus
1408 2448 1447 2483 in
1467 2445 1624 2482 exsilium
1647 2446 1772 2482 missus

336 2501 411 2539 est,
434 2496 530 2541 prius
552 2503 667 2532 tamen
690 2498 764 2532 eius
786 2497 884 2531 bonis
907 2495 1102 2542 publicatis.

423 2564 617 2610 Imperator
649 2568 761 2600 autem
788 2564 826 2600 id
857 2576 959 2600 unum
987 2564 1129 2598 studens
1161 2566 1201 2598 ut
1228 2573 1287 2597 res
1310 2562 1539 2596 Romanorum
1571 2558 1769 2605 superiores

335 2614 468 2653 essent,
501 2610 675 2654 Kegenem
706 2623 726 2645 e
757 2622 897 2646 carcere
929 2610 1086 2644 eductum
1117 2608 1161 2643 ad
1190 2607 1393 2642 Patzinacas
1423 2606 1549 2650 mittit,
1581 2604 1770 2650 pollicitum

335 2666 395 2688 eos
423 2655 467 2688 ad
489 2655 708 2700 imperatoris
732 2655 1005 2691 benevolentiam
1028 2667 1067 2689 se
1087 2654 1340 2695 traducturum3
1372 2651 1569 2695 coactisque
1599 2650 1638 2684 in
1668 2661 1769 2685 unum

333 2700 438 2734 sociis
463 2701 637 2745 omnibus,
667 2702 814 2737 Francis
842 2701 979 2746 inquam
1003 2706 1038 2735 et
1059 2699 1249 2744 Barangis‚
1272 2696 1452 2733 accersitis
1474 2700 1586 2730 autem
1609 2699 1646 2731 et
1667 2694 1767 2748 equi-

332 2744 424 2779 tibus
457 2757 478 2779 a
509 2746 643 2781 Teluch
675 2752 712 2781 et
742 2748 865 2782 Mauro
894 2750 1009 2781 monte
1042 2750 1079 2781 et
1111 2745 1281 2788 Carcaro,
1319 2754 1394 2778 cum
1422 2740 1649 2787 praefecisset
1667 2750 1767 2793 *viris

329 2789 522 2827 illustribus
546 2803 590 2828 ex
611 2791 755 2838 singulis
778 2792 938 2838 gentibus
961 2802 1084 2836 unum,
1118 2791 1272 2826 omnibus
1303 2793 1416 2825 autem
1443 2787 1564 2822 ducem
1585 2791 1766 2833 patricium
