1890 3236
327 190 426 238 942
930 192 1177 237 FABROTI

328 304 433 341 mitis
455 300 635 339 excubiti
658 337 661 339 ,
695 303 734 340 et
749 299 901 339 lbldem
931 303 1204 353 τοποτηρητοῦ
1231 303 1303 342 τοῦ
1322 297 1477 354 θρόνου
1494 303 1566 355 τῆς
1590 297 1770 353 Ἀλεξαν-

327 358 453 411 δοέων
473 353 779 410 μεγαλοπόλεως.
835 361 907 395 vet.
925 357 1011 396 int.-
1050 357 1128 395 loci
1147 365 1352 395 servatore
1356 358 1458 396 sedis
1476 371 1647 410 magnae
1662 359 1769 398 Ate-

326 414 544 453 xandrinae
574 413 757 450 civitati&
817 413 869 450 sic
895 415 1005 453 etiam
1035 413 1248 453 Anastasius
1276 414 1362 453 bibi.
1395 415 1505 453 vertit
1526 414 1611 454 Nic.
1630 416 1722 467 Syn.
1740 417 1768 456 2

329 478 399 510 act.
420 473 457 511 3.
514 469 636 508 idem
627 483 663 508 m
684 469 779 507 Hist.
801 469 958 509 Eccles..
988 476 1083 507 tunc
1102 471 1317 508 Dioscorus
1342 470 1463 508 dixit.-
1494 477 1531 507 et
1551 483 1622 508 nos
1636 477 1773 510 omnes

329 527 404 564 hoc
428 526 703 563 assentiamur.
763 531 802 561 et
826 524 904 563 loci
931 533 1144 564 servatores
1173 527 1330 579 quidem
1360 527 1505 564 Leonis
1525 539 1662 577 papae
1683 527 1771 565 Ro-

329 584 443 620 mani
458 582 640 619 Dios-cori
658 580 831 619 videntes
847 583 1050 632 impetum.
1096 584 1292 621 Concilium
1307 584 1569 622 Suessionense
1591 585 1618 624 2
1633 588 1703 623 act.
1726 584 1771 624 1:

328 639 436 677 venit
454 637 688 689 Sigloardus
705 651 865 676 servans
884 638 1014 676 locum
1031 639 1304 677 archidiaconi
1320 639 1552 676 Ithemensts
1570 638 1766 676 ecclesiam

329 696 428 734 adde
455 695 630 732 lulianum
656 694 841 733 Antecess
869 695 965 734 Nov.
988 698 1068 737 124
1092 700 1131 735 et
1156 695 1251 734 Nov.
1275 695 1354 736 125
1389 699 1424 736 1.
1483 708 1517 734 v.
1541 696 1769 733 Constantin-

330 753 379 790 de
399 751 598 789 administr.
621 751 713 801 Imp.
738 764 775 802 p.
797 753 888 794 182.
945 753 1117 791 Ioannem
1134 751 1297 790 Moscurn
1322 751 1463 790 Limon.
1487 764 1521 790 c.
1551 755 1599 793 19
1632 751 1710 793 186
1733 752 1772 789 in

330 809 415 856 fine,
443 808 617 845 Ioannem
639 807 824 845 Zonaram
843 807 891 846 ad
911 807 1048 850 concil.
1063 822 1100 861 p.
1118 807 1200 850 384
1219 814 1258 847 et
1273 807 1370 849 410.
1413 807 1619 846 Balsamon.
1638 817 1674 859 p.
1689 807 1771 849 591

331 864 357 902 d
377 869 415 902 et
437 865 517 904 630
534 864 573 902 d.

442 919 592 959 τουλδ
601 934 655 958 ον
680 919 940 970 impedimenta
965 923 1003 959 et
1034 921 1196 959 sarcinae
1224 919 1413 958 exercitus.
1469 919 1626 958 Glossae
1644 917 1774 958 Nomi-

330 988 412 1015 cae:
435 976 597 1021 τοῦλδος
615 972 663 1015 τοὶ
683 988 881 1028 σαγμαοια
898 973 945 1015 τοὶ
965 991 1037 1028 την
1060 972 1289 1028 ἄποσκευην
1306 975 1503 1026 πολεμίων
1521 970 1773 1027 βαστάζοντα.

330 1033 437 1070 item:
473 1032 637 1079 τοῦλδος
656 1047 681 1083 η
706 1028 906 1082 οἷποσκευὴ
926 1032 992 1072 καὶ
1013 1034 1120 1083 χρεία
1141 1035 1250 1072 πᾶσα
1269 1035 1348 1072 τῶν
1369 1034 1626 1084 στρατιωτῶν,
1659 1045 1774 1071 τουτ-

330 1087 411 1128 έστι
430 1086 568 1135 παῖδές
587 1102 628 1128 τε
650 1087 716 1128 καὶ
735 1084 951 1141 ὑποζύγια,
993 1089 1059 1128 καὶ
1089 1088 1127 1128 εἷ’
1148 1104 1185 1128 τι
1212 1086 1306 1128 ἄλλο
1335 1085 1434 1141 πρὸς
1461 1087 1681 1139 υπηρεσὶαν
1699 1102 1772 1127 του

331 1157 542 1193 φωσσατου
564 1141 799 1197 ἐπισύρεται.
855 1146 956 1195 quod
977 1145 1106 1183 dicitur
1126 1146 1174 1183 de
1199 1146 1366 1183 iumentis
1393 1151 1611 1195 apparatum
1629 1156 1774 1182 omnem

330 1206 368 1240 et
389 1201 642 1252 supellectilem
667 1214 733 1239 seu
760 1202 916 1238 sarcinas
935 1201 1085 1240 militum
1103 1201 1342 1249 vehentibus,
1380 1201 1610 1250 desumptum
1630 1200 1774 1238 videtur

331 1270 376 1296 ex
394 1258 527 1296 Leonis
546 1258 703 1296 Tacticis
725 1270 756 1297 c.
778 1258 830 1298 10
850 1254 873 1308 ξ
893 1260 932 1299 7.
989 1258 1147 1296 secunda
1171 1257 1292 1307 glossa
1316 1261 1458 1307 sumpta
1474 1261 1530 1295 est
1549 1268 1592 1294 ex
1611 1255 1773 1294 eiusdem

330 1312 467 1352 Leonis
486 1326 518 1351 c.
541 1314 567 1355 4
591 1312 616 1364 S
636 1315 702 1355 29.
761 1314 933 1363 Vegetius
955 1316 980 1354 3
1005 1327 1034 1352 c
1054 1316 1099 1355 6:
1127 1313 1430 1364 impedimenta,
1458 1311 1675 1363 sagmarii,
1704 1324 1774 1348 ca-

329 1369 436 1406 lones
455 1368 741 1420 vehiculaque'
724 1383 768 1406 ιη,
785 1370 910 1406 medlo
927 1369 1175 1407 collocentur.
1236 1370 1496 1439 Constantinus
1516 1367 1552 1406 Γ
1553 1373 1623 1406 act
1642 1380 1680 1418 p.
1695 1369 1772 1408 32·

328 1440 373 1465 το
403 1423 446 1464 δὲ
474 1426 640 1494 τοῦλᾷον
667 1422 761 1465 όλον
788 1426 829 1466 οἱ
849 1424 1045 1479 ὑπουργοὶ
1063 1429 1134 1466 τοῦ
1155 1428 1322 1478 στοατοῦ
1338 1441 1403 1464 και
1424 1421 1472 1463 τα
1493 1420 1689 1477 σαγμᾶρια
1708 1421 1776 1463 καὶ

330 1479 359 1534 ἦ
388 1478 591 1533 ἄποσκευὴ
620 1484 728 1521 πᾶσα
758 1477 962 1532 ὄφείλοισι
989 1487 1215 1534 περιπατεῖν
1236 1483 1291 1529 εἰς
1309 1479 1382 1532 τὴν
1403 1479 1527 1532 μέσην
1546 1495 1627 1520 των
1649 1494 1776 1530 παρα-

329 1541 474 1590 ταγῶν.
530 1538 805 1589 Theophanes
796 1552 834 1576 m
852 1539 1042 1577 Mauricio:
1072 1554 1145 1591 την
1173 1535 1357 1590 φάλαγγα
1386 1540 1465 1576 τῶν
1496 1538 1673 1600 Περσῶν
1692 1533 1775 1575 διέ·
1820 1548 1822 1551 ·

331 1605 455 1634 σπασε
481 1593 548 1634 καὶ
578 1591 622 1634 τὸ
651 1595 818 1634 τοῦλδον
843 1594 1083 1646 παρέλαβεν,
1113 1599 1152 1634 et
1174 1596 1327 1632 ibidem:
1356 1595 1504 1643 πολλῆς
1525 1591 1567 1632 δὲ
1592 1586 1775 1639 αλωσεως

330 1649 375 1691 ἐν
405 1646 539 1698 αὐτοῖς
567 1649 782 1702 γενομένης
808 1649 1165 1703 παοαλαμβοὶνουσι
1192 1649 1259 1690 καὶ
1287 1646 1330 1689 τὸ
1351 1650 1532 1688 τοῦλόον.
1587 1652 1704 1688 exstat
1730 1660 1775 1686 ea

331 1719 402 1744 vox
432 1708 532 1757 apud
560 1706 870 1758 Harmenopulum
890 1712 917 1750 2
947 1710 972 1748 6
1002 1706 1028 1758 ς
1057 1708 1140 1755 ult.‚
1183 1708 1214 1745 si
1254 1718 1449 1756 sequamur
1484 1704 1775 1742 emendationem

332 1763 469 1800 Cuiacii
498 1763 690 1800 Observat.
714 1765 739 1804 9
772 1776 803 1803 c.
825 1767 845 1804 1
877 1764 998 1815 potius
1032 1777 1141 1814 quam
1175 1763 1388 1813 scripturam
1425 1761 1577 1798 duorum
1613 1764 1776 1798 veterum

332 1820 494 1856 codicum
518 1831 609 1868 quos
633 1831 711 1856 cum
741 1820 847 1858 editis
873 1819 1020 1857 contuli.
1075 1819 1338 1870 impedimenta
1359 1821 1480 1854 autem
1502 1817 1539 1853 in
1559 1815 1680 1854 medio
1701 1815 1776 1854 col-

330 1875 552 1912 locabantur.
609 1873 784 1924 Vegetius
811 1876 848 1914 d.
877 1889 906 1914 c.
935 1879 974 1917 6.
1032 1875 1133 1913 Phi1o
1160 1876 1238 1914 lud.
1263 1872 1355 1926 περὶ
1381 1873 1471 1923 βίου
1494 1871 1777 1924 Μ.1.1εγη-

333 1945 472 1998 ραιους
502 1927 545 1969 δὲ
573 1928 641 1969 καὶ
670 1927 816 1983 γύναια
843 1930 910 1971 καὶ
938 1932 1082 1978 παῖδας
1110 1930 1151 1971 ἐν
1179 1930 1312 1982 μέσοις
1336 1926 1474 1976 ταξας,
1518 1928 1586 1967 ἵνα
1613 1924 1678 1967 δια
1697 1930 1778 1966 τῶν

331 1982 431 2035 παρ’
452 1982 612 2038 ἑκάτερα
632 1985 815 2037 φρουρὰν
835 1986 985 2038 ε’χωσιν,
1007 1983 1078 2027 ἐάν
1098 2002 1138 2027 τε
1156 1983 1325 2027 κατόπιν
1345 1986 1501 2037 ε’χθρων
1518 1981 1652 2035 ομιλος
1672 1982 1777 2037 ἐπίη.

332 2043 531 2094 Procopius
557 2044 604 2081 de
619 2043 712 2082 beno
729 2044 851 2082 Vand.
869 2045 891 2084 1
913 2047 1053 2094 p.102
1073 2049 1111 2082 et
1129 2045 1152 2081 l.
1173 2046 1199 2083 2
1220 2043 1374 2094 p.123
1433 2041 1652 2079 Onosander
1668 2040 1778 2076 Stra-

334 2100 446 2148 tegici
466 2113 497 2136 e.
517 2101 555 2139 6
562 2104 601 2136 nt
618 2101 769 2149 praeda.
825 2100 1000 2151 Agathias
1018 2100 1040 2138 l
1060 2101 1083 2140 1
1102 2114 1139 2152 p.
1162 2102 1242 2142 20·
1278 2097 1346 2138 καὶ
1365 2093 1439 2150 τὴν
1459 2097 1568 2137 λείαν
1589 2095 1630 2143 ἐς
1655 2093 1776 2148 μέσον

336 2151 710 2206 α’πολαμβανούσης.

445 2209 767 2263 τουρμοὶρχης
801 2215 941 2250 turmae
977 2213 1203 2277 praefectus,
1251 2209 1489 2248 turmarchns.
1547 2208 1713 2246 Zonaras
1739 2208 1776 2245 in

337 2266 465 2305 Leone
497 2267 684 2306 Armenio:
725 2283 975 2319 τουομαρχην
1002 2270 1075 2308 τοῦ
1106 2281 1306 2335 ταγματος
1323 2268 1403 2305 τῶν
1425 2260 1684 2330 φοιδεράτων.
1739 2264 1776 2301 in

337 2323 491 2362 Novella
507 2325 664 2373 quadam
683 2323 914 2362 Constantini
937 2325 1179 2376 Porphyroga
1198 2338 1306 2373 παρα
1323 2324 1399 2362 τοῦ
1416 2334 1667 2373 τουρμαρχου
1682 2333 1778 2371 προ-

339 2378 612 2430 φωνηθέντος.
641 2393 676 2417 ν.
696 2381 849 2419 eundem
865 2381 1091 2419 Constantin.
1113 2381 1160 2418 de
1181 2379 1351 2418 Themat.
1377 2378 1398 2415 l.
1424 2380 1445 2417 1
1465 2378 1576 2415 them.
1596 2377 1647 2416 1
1638 2388 1675 2413 m
1694 2375 1778 2412 fine.

338 2435 503 2473 Historia
521 2436 683 2474 Miscella
704 2436 728 2477 l.
750 2438 822 2477 23.
851 2435 1141 2486 comprehendit
1160 2435 1250 2472 illos
1271 2433 1500 2478 debellatos,
1530 2439 1567 2469 et
1585 2431 1780 2481 interfecit

338 2490 616 2529 Andronicum
644 2491 892 2542 spatharium
922 2500 956 2529 et
985 2491 1243 2543 Theophilum
1263 2489 1546 2527 turmarcham.
1607 2483 1686 2527 οἷπὸ
1709 2488 1780 2535 τῆς

337 2545 524 2597 τούρμας.
582 2549 844 2586 Constantinus
876 2550 927 2588 th.
951 2549 976 2591 5
1005 2549 1082 2590 1.1
1112 2550 1160 2588 de
1187 2548 1279 2588 Th.:
1328 2543 1426 2600 μήτε
1458 2541 1647 2598 τούρμαις
1682 2541 1780 2595 μήτε

337 2601 544 2656 δρούγγοις
567 2603 834 2655 τετιμημένον.

448 2674 501 2710 vo
516 2660 564 2711 ιβ
575 2674 595 2699 o
610 2675 634 2698 υ
647 2657 823 2700 νάλιον
853 2660 1094 2699 tribunalium.
1135 2658 1327 2698 Anastasio
1348 2656 1438 2696 bibl.
1462 2657 1499 2695 in
1520 2656 1620 2694 Hist.
1638 2653 1777 2693 Eccles.

337 2713 566 2766 Nicephorus
576 2716 719 2782 Cpolit.
745 2717 781 2754 in
805 2717 903 2755 Hist.
924 2718 1120 2754 breviario:
1159 2715 1202 2756 έν
1230 2717 1286 2767 τῷ
1304 2713 1564 2765 τριβουναλίῳ
1585 2709 1779 2762 λεγομένῳ

338 2769 546 2810 δεκαεννέα
562 2767 821 2823 οἶκκουβίτων,
843 2773 886 2808 in
900 2772 1113 2809 ινιίηιηαίίο
1128 2771 1235 2823 quod
1251 2784 1327 2808 ηοι
1320 2769 1514 2806 emdectm
1526 2767 1781 2804 accubituum

339 2825 495 2864 dccitmn
558 2827 822 2878 philostorgius
839 2829 1195 2869 Hist.Ecc1.l.11=
1224 2826 1267 2869 ἒν
1288 2829 1341 2881 τῷ
1359 2823 1553 2879 λεγομένῳ
1571 2822 1781 2875 τριβοννα·
