1916 3210
311 183 410 231 772
730 181 1028 226 XYLANDRI
1059 182 1133 225 ET
1167 181 1346 227 GOARI

311 295 545 345 Magnessam
567 289 807 344 Hippolytam
833 289 1011 329 Horatius
1038 290 1075 328 in
1114 290 1198 330 odis
1234 294 1350 330 vocat.
1406 303 1502 343 quac
1524 291 1679 335 historifl
1707 294 1766 333 est

314 353 424 392 etiam
442 349 541 400 apud
558 349 795 398 interpretem
814 346 1019 412 Apollonii,
1045 359 1143 386 num.
1167 345 1219 389 14
1238 348 1299 387 lib
1320 349 1356 388 1.
1388 348 1491 388 Χῑι..

423 419 461 456 p·
490 406 573 446 297
600 416 637 445 v.
667 403 730 444 14.
786 398 1056 455 καμελαύκια]
1107 398 1358 456 καμηλαύχια
1390 405 1552 444 scribunt
1585 404 1764 454 moderni,

312 466 350 502 et
359 460 527 512 pileolos
547 472 592 498 ex
614 461 834 498 camelorum
855 459 938 511 pilis
960 459 1162 522 confectos,
1200 473 1341 500 summo
1366 464 1510 501 tantum
1526 461 1653 501 vertici
1673 461 1765 503 hae-

311 522 431 558 rentes
450 514 518 557 καὶ
541 512 645 566 πρὸς
668 511 815 567 αὐχένα
839 514 898 552 ad
912 515 1079 552 cervices
1097 516 1322 565 defluentes,
1351 517 1405 556 ita
1428 522 1574 557 vocant.
1629 517 1765 557 ὅπως,

311 575 435 613 aliter:
474 567 757 638 καμηλαύκιον
783 570 985 624 Ῥωμαίων
1013 569 1043 624 ἦ
1067 570 1183 621 λέξις.
1240 572 1389 627 ῥηθείη
1423 568 1466 614 δ’
1491 588 1545 615 αν
1571 570 1766 625 ἑλληνιστὶ

311 626 420 682 παροὲ
441 626 484 669 τὸ
510 631 646 681 καῦμα
666 623 860 669 ἐλαύνειν.
919 628 1058 669 Gom.
1798 673 1801 676 Δ

423 684 477 722 ib.
507 698 543 724 v.
567 686 635 726 20.
690 698 757 737 pro
783 680 834 725 οὔ
865 680 1014 725 ondeta
1050 684 1178 754 scripsi
1207 680 1280 732 οὓς
1311 681 1470 725 omnivm.
1525 685 1628 753 quid
1729 697 1767 727 m

311 744 360 781 sit
377 741 501 807 uicog·
514 741 582 780 hoc
601 741 706 790 loco,
743 741 880 780 nescio.
937 737 1087 793 μισθός
1107 741 1305 793 praemium
1330 742 1535 792 significat,
1569 743 1628 797 ro?
1650 738 1766 796 ἄθλφ

309 812 381 837 vox
399 797 560 836 vicinior.
585 810 792 848 quanquam
813 798 850 835 in
866 797 1080 849 spectaculis
1100 801 1140 836 et
1156 798 1410 836 certaminibus
1425 782 1629 837 huiusmodi
1647 810 1767 838 rernm

311 867 459 906 quoque
484 854 691 903 missilium,
720 867 816 905 quae
845 854 883 892 in
912 853 1087 906 populum
1114 855 1370 893 emitterentur
1397 858 1572 907 tanquam
1599 853 1766 900 donaria,

312 924 398 949 usus
417 911 494 948 fuit.
552 923 711 963 mappae
729 910 933 948 mittendae
954 923 1034 949 mos
1056 911 1157 963 apud
1181 911 1394 950 Suetonium
1412 923 1445 949 c.
1463 913 1520 954 22
1543 910 1702 953 Neronis
1729 914 1768 950 et

309 968 411 1018 apud
430 966 636 1005 Martialem
656 967 787 1005 alicubi
805 968 980 1015 refertur,
1020 967 1260 1017 meminitque
1282 968 1392 1006 etiam
1415 966 1662 1006 Tertullianus
1683 980 1767 1007 cum

310 1024 396 1063 alibi
426 1027 501 1061 tum
530 1024 635 1074 quasi
665 1037 731 1075 per
753 1023 1001 1073 adagionem
991 1035 1030 1061 m
1050 1027 1212 1062 extremo
1237 1024 1319 1061 libri
1342 1024 1520 1062 adversus
1538 1023 1766 1063 Valentinia-

313 1093 395 1117 nOS.
422 1081 523 1118 XYL.
582 1080 672 1130 quid
703 1080 751 1117 sit
775 1079 844 1117 hoc
875 1080 955 1118 loco
984 1080 1100 1131 μίσος
1129 1081 1264 1118 fatetur
1296 1093 1338 1119 se
1365 1081 1536 1150 ignorare
1552 1079 1766 1131 xylander:

312 1130 447 1176 ἆθλον
464 1149 612 1188 quoque
631 1149 671 1175 se
688 1136 829 1174 nescire
848 1136 954 1174 fateri
971 1136 1161 1175 debuerat.
1193 1140 1251 1174 est
1268 1141 1390 1175 autem
1409 1130 1537 1184 ἆθλος
1552 1143 1762 1174 certamen.

313 1193 659 1229 exercitamentum
686 1196 793 1230 vocat
824 1192 1064 1244 Dempsterus
1097 1191 1222 1245 Antiq.
1253 1192 1363 1232 Rom.
1383 1193 1410 1234 5
1442 1192 1484 1236 4.
1538 1192 1653 1244 idque
1681 1205 1768 1244 pro·-

311 1249 392 1300 prio
414 1249 590 1288 vocabulo
612 1249 831 1286 commissio
852 1249 1140 1300 nuncupabatur.
1186 1249 1411 1287 Suetonius
1400 1261 1439 1287 ιιι
1454 1248 1620 1300 Augusto
1637 1262 1671 1291 c.
1691 1250 1768 1290 89:

312 1304 626 1356 admonebatque
646 1311 850 1356 praetores
869 1318 918 1341 ne
933 1311 1166 1355 paterentur
1184 1318 1327 1342 nomen
1344 1318 1462 1342 suum
1485 1305 1770 1343 commissioni·-

315 1361 388 1399 bus
410 1361 648 1410 obsolefier25
687 1362 786 1400 unde
806 1364 1041 1398 committere
1063 1375 1131 1413 pro
1155 1361 1373 1412 digladiari,
1408 1364 1551 1400 certare
1569 1365 1637 1401 etc.
1665 1361 1768 1400 cuius

314 1418 480 1470 exempla
495 1431 684 1457 numerum
704 1430 850 1456 omnem
872 1419 1059 1456 excedunt.
1093 1418 1209 1471 μίσος
1226 1420 1352 1468 itaque
1370 1418 1612 1458 certantium
1602 1431 1641 1457 ιιι
1659 1417 1769 1457 Circo

314 1476 533 1512 commissio
550 1479 626 1524 est,
656 1486 751 1524 quae
766 1486 837 1512 vox
855 1469 946 1515 αντὶ
962 1477 1035 1514 τοῦ
1055 1471 1186 1515 ἄθλου
1204 1475 1384 1513 scribitur.
1413 1475 1552 1513 GoAu.

304 1532 307 1536 '
425 1545 463 1582 p.
492 1532 575 1573 298
603 1543 640 1569 v.
665 1533 705 1570 2.
760 1543 879 1580 repar
877 1530 1088 1582 gamenta]
1118 1527 1221 1582 ὕλην
1239 1544 1297 1569 res
1316 1531 1569 1570 elementarias
1592 1532 1633 1569 et
1652 1531 1768 1567 mate-

315 1588 427 1626 riatas
450 1591 568 1625 vocat.
599 1583 799 1638 σκύβαλον
816 1592 1085 1626 excrementum
1103 1592 1179 1637 est,
1210 1587 1310 1637 quod
1329 1590 1369 1625 ut
1388 1585 1599 1625 vilissimum
1615 1585 1769 1624 sordeat

316 1648 357 1682 et
373 1643 572 1691 abiiciatur,
598 1644 690 1682 sicut
714 1644 762 1680 D.
781 1642 915 1681 Paulus
933 1644 1091 1685 humana
1111 1656 1154 1681 ac
1170 1643 1307 1681 caduca
1327 1646 1433 1681 vocat
1446 1643 1495 1681 ad
1514 1641 1767 1694 Philippenses

317 1712 424 1746 suos3
473 1704 511 1737 et
539 1700 639 1751 apud
664 1698 896 1749 Phocylidem
931 1699 1228 1751 σκυβαλίσματα
1254 1697 1443 1751 τραπέζης
1470 1699 1642 1737 dicuntur
1670 1709 1769 1748 quae

316 1755 565 1793 adulatoribus
591 1759 630 1793 et
658 1754 779 1794 aliena
804 1756 945 1805 quadra
973 1757 1176 1803 viventibus
1205 1757 1351 1793 dantur.
1406 1754 1632 1800 oraculum,
1666 1753 1766 1791 cuius

314 1812 451 1850 mentio
471 1812 525 1860 fit,
554 1812 697 1850 excidit.
754 1811 827 1849 iam
844 1812 1073 1850 bixilationes
1095 1812 1184 1862 quid
1210 1813 1283 1849 sint
1301 1811 1445 1850 nescio:
1476 1811 1583 1861 bigas
1605 1814 1644 1849 et
1662 1809 1776 1860 biga--

316 1868 389 1906 rias
405 1869 502 1915 novi,
524 1868 572 1906 de
589 1868 720 1918 quibus
736 1867 837 1917 loqui
855 1880 936 1906 eum
954 1873 1136 1919 putarem,
1157 1868 1227 1906 nisi
1244 1880 1328 1906 mox
1348 1880 1475 1907 eorum
1490 1867 1646 1906 seorsim
1661 1877 1767 1904 men·

318 1925 457 1963 tionem
475 1924 624 1962 faceret.
681 1923 809 1975 βίξιλα
829 1924 1005 1963 audacter
1026 1925 1155 1963 vexilla
1178 1925 1344 1972 reddidi,
1375 1924 1619 1976 descriptione
1643 1922 1684 1960 id
1709 1922 1768 1960 fe-

316 1984 432 2018 rente.
487 1984 628 2030 quanta
654 1980 765 2019 fuerit
793 1980 954 2019 cedreni
984 1981 1117 2032 peritia
1150 1981 1379 2031 antiquitatis
1399 1981 1610 2028 Romanae,
1650 1978 1770 2029 quivis

317 2039 456 2075 cernat.
511 2036 737 2075 bixilationes
757 2039 924 2087 poteram
942 2037 1192 2076 vexillationes
1207 2038 1378 2086 reddere,
1405 2038 1474 2076 sed
1494 2036 1637 2075 omitto.
1664 2035 1767 2072 er..

318 2092 591 2130 vex-illationes
610 2099 704 2129 sunt
724 2092 998 2135 Romanorum
1018 2094 1193 2145 equitum
1211 2094 1392 2144 agmina.
1434 2093 1532 2133 idem
1549 2091 1664 2131 habet
1683 2089 1768 2130 No-

243 2174 246 2177 <
318 2149 426 2188 titia
417 2150 572 2201 imperii.
628 2149 766 2189 Gora.

432 2205 486 2242 ib.
517 2218 551 2244 v.
580 2207 620 2247 9.
674 2221 701 2257 η
730 2199 832 2258 παρ’
844 2201 1055 2258 Έλλησιν]
1084 2205 1274 2257 Xylander
1299 2209 1343 2244 ut
1369 2205 1476 2244 nimis
1506 2204 1675 2258 proprie,
1716 2204 1770 2243 sic

318 2261 485 2301 ridicule:
513 2262 689 2302 πλίνθον
710 2262 857 2302 Graeci
871 2269 1014 2300 vocant
1031 2262 1192 2300 laterem
1210 2269 1376 2300 coctum.
1407 2262 1488 2314 quis
1508 2261 1578 2301 hoe
1599 2258 1769 2301 neseiat?

319 2329 442 2356 verum
458 2319 548 2368 quid
567 2319 615 2357 ad
635 2319 797 2359 Cedreni
815 2321 1045 2371 propositum
1069 2319 1127 2358 vel
1143 2320 1367 2358 Graecorum
1390 2318 1564 2365 πλίνθος
1589 2318 1647 2357 vel
1664 2316 1770 2358 Lati-

320 2385 449 2411 norum
468 2379 593 2413 coctus
612 2373 731 2414 later?
785 2375 920 2414 relictis
948 2376 1076 2416 iccirco
1093 2376 1281 2426 Xylandro
1304 2375 1502 2425 lateribus,
1531 2373 1768 2411 laterculum

320 2430 469 2467 erudite
480 2431 600 2481 aperit
614 2430 864 2471 Pancirollus
854 2445 892 2470 in
905 2431 991 2473 Not.
1010 2432 1103 2487 Imp.
1117 2446 1150 2472 c.
1168 2434 1238 2474 92.
1294 2439 1379 2469 erat
1393 2431 1594 2470 aerarium
1611 2431 1655 2467 in
1673 2429 1770 2468 aede

324 2484 516 2531 Saturni,
563 2485 634 2523 ubi
668 2486 877 2538 plebiscita
913 2496 950 2526 et
981 2483 1323 2527 senatusconsulta
1358 2487 1658 2538 reponebantur.
1725 2485 1773 2523 id

314 2548 454 2590 postea
478 2532 716 2581 laterculum
745 2544 908 2581 dictum.
968 2545 1241 2583 mathematici
1262 2546 1365 2582 enim
1392 2544 1632 2596 quadratam
1649 2542 1772 2594 figu-

320 2610 410 2634 ram
431 2604 468 2634 et
491 2598 549 2636 acl
574 2599 756 2650 aliquam
778 2600 1075 2640 similitudinem
1101 2603 1231 2640 instar
1254 2602 1389 2640 lateris
1411 2607 1635 2653 surgentem
1654 2603 1772 2641 πλιν-

322 2653 420 2693 θίον
447 2653 493 2691 id
521 2662 578 2692 est
603 2655 839 2696 laterculum
867 2665 1037 2704 vocant,
1074 2660 1142 2696 cui
1165 2659 1283 2697 codex
1299 2658 1441 2697 simili-s
1460 2656 1698 2696 laterculum
1714 2661 1772 2693 est

323 2708 562 2758 appellatus.
623 2714 680 2750 sic
698 2720 735 2750 et
757 2713 932 2765 lapidem
950 2715 1195 2767 quadratum.
1212 2715 1438 2761 architecti,
1468 2722 1506 2752 et
1520 2727 1667 2766 agmen
1682 2711 1771 2750 Ae-

324 2764 460 2803 lianus
494 2776 741 2819 nuncupant.
811 2784 840 2808 a
876 2785 952 2822 quo
984 2772 1221 2812 laterculum
1257 2773 1332 2810 hoc
1369 2772 1543 2810 derivari
1576 2769 1771 2809 cedrenus

324 2829 520 2862 autumat.
581 2826 672 2875 qui,
701 2827 830 2878 inquit
838 2854 856 2874 ‚
883 2827 985 2866 later
1011 2837 1142 2867 coctus
1169 2837 1250 2876 eat,
1278 2843 1347 2868 seu
1370 2828 1561 2870 πλινθίον
1589 2826 1771 2869 Graeci-s)
