1890 3236
296 196 392 246 142
765 193 1004 240 GEORGII
1035 194 1278 240 GEDRENI

292 311 366 356 οὐκ
386 310 434 355 ἂν
453 311 572 362 ε”ξῶσε
589 311 662 363 τῆς
680 307 903 362 ἕκκλησίας.
967 311 1098 352 ταῦτα
1117 309 1162 351 δὲ
1180 308 1327 365 ἐκείνης
1344 307 1534 366 εἷποόσης
1542 340 1556 363 ,
1583 316 1745 367 vazuh*

289 381 497 436 ἠπείλησεν
517 377 619 433 αὐτῇ
635 375 922 434 καταστροφὴν
937 381 1010 431 τῆς
1027 378 1130 432 ζωῆς
1147 379 1213 419 καὶ
1228 382 1301 433 τῆς
1313 381 1523 432 βασιλείας
1538 378 1746 432 ἔκπτωσιν,

291 451 357 492 καὶ
387 447 459 489 οὐκ
489 446 591 501 αὐτῇ
619 444 744 498 μόνον
770 445 875 486 ἀλλὰ
903 446 971 487 καὶ
997 450 1054 503 τῷ
1082 444 1232 501 ταύτης
1266 447 1365 504 υἱῷ,
1399 449 1433 490 εἰ
1458 447 1516 503 μὴ
1541 447 1611 490 τὸν
1628 451 1744 493 θυῖον

238 523 268 559 Β
291 516 442 569 κόσμον
470 517 551 556 τῶν
580 512 696 569 ἱερῶν
717 511 878 556 εἰκόνων
899 512 1069 570 ἀποδοίη
1086 522 1175 565 ταῖς
1194 516 1430 570 ἐκκλησίαις.
1496 513 1642 559 τούτου
1658 521 1747 566 τᾶς

288 583 420 639 λόγοις
444 581 519 624 εἴτε
550 581 915 636 ἕκὸειματωθεΐσα,
950 582 1026 626 εἴτε
1055 585 1123 625 καὶ
1144 582 1277 634 ἄλλως
1298 583 1542 640 ἀρεσκομένη
1555 615 1570 636 ,
1603 581 1661 634 ὥς
1685 582 1779 629 εἷ’-ὥ

290 668 438 706 πομεν,
472 648 498 705 ἦ
520 652 680 703 βασιλὶς
702 650 775 706 ὅλη
798 655 870 693 τοῦ
891 650 1011 707 ἴργου
1029 653 1190 707 γίνεται.
1260 653 1327 694 καὶ
1360 651 1486 703 εὐθὺς
1510 651 1748 709 ἀγείρεσθηιι
1772 697 1775 700 ,

290 722 332 762 ἓν
359 726 444 769 τοῖς
476 717 712 773 σκηνώμασι
740 723 813 762 τοῦ
847 718 1090 763 Θεοκτίστου
1119 720 1361 777 προσέταττε
1384 718 1538 771 πάντας
1564 720 1661 771 τοὺς
1683 720 1748 763 ἐπὶ

292 788 446 831 συνέσει
479 789 544 830 καὶ
579 786 683 845 λόγῳ
714 788 1031 842 κεκοσμημένους
1060 787 1102 831 ἕκ
1122 805 1163 831 τε
1186 792 1257 843 τῆς
1276 787 1448 832 συνόδου
1469 789 1537 831 καὶ
1557 792 1630 844 τῆς
1646 803 1748 844 συγ-

292 855 465 912 κλήτου,
506 857 573 898 καὶ
609 856 752 911 λόγους
785 862 902 898 κινεῖν
939 858 1005 899 καὶ
1035 855 1343 913 προβάλλεσθαι
1372 859 1462 913 περὶ
1491 857 1750 915 ὃρθοδοξίας.

292 925 453 968 πάντων
491 925 535 966 δὲ
571 923 625 975 ὥς
659 924 753 976 ἔπος
779 927 900 967 εἷπεῖν
930 926 1311 982 συναθροισθέντων
1339 927 1406 968 καὶ
1435 923 1564 982 λόγων
1587 928 1804 968 πολλιῖίνᾶθ

293 994 485 1052 ῥυέντων,
519 995 585 1035 καὶ
605 997 838 1049 μαρτυριῶν
857 993 936 1035 ἀπὸ
957 998 1030 1048 τῆς
1049 996 1172 1044 θείας
1187 998 1348 1052 γραφῆς
1366 998 1657 1050 παραχθεισῶν
1675 992 1749 1036 οὔκ

293 1063 437 1118 ὀλίγων
446 1094 459 1113 ,
491 1062 534 1104 τὸ
562 1062 721 1115 εὐσεβὲς
746 1060 982 1118 ὖπερίσχυσε
1003 1062 1125 1118 μέρος
1143 1065 1209 1104 καὶ
1230 1061 1363 1119 δόγμα
1384 1064 1516 1118 γέγονε
1537 1062 1612 1113 τὰς
1632 1062 1750 1112 θείας

291 1134 543 1188 παραχρῆμα
569 1130 900 1185 ἀναστηλοῦσθαι
926 1129 1080 1181 εἰκόνας
1087 1162 1101 1183 ,
1135 1135 1215 1173 τῶν
1238 1131 1454 1188 ἀρχιερέων
1473 1132 1540 1174 καὶ
1560 1133 1750 1186 μοναχῶν

293 1202 359 1242 καὶ
378 1202 669 1254 συγκλητικῶν,
700 1198 788 1242 ὅσοι
807 1203 864 1257 τῷ
881 1197 1006 1241 πάθει
1024 1201 1248 1254 κατείχοντο
1268 1198 1484 1256 πρότερον,
1517 1203 1597 1242 τῶν
1613 1195 1750 1242 πλειό-

240 1280 271 1315 c
294 1285 374 1311 νων
396 1267 443 1310 τὸ
466 1273 643 1324 κρεῖττον
663 1266 983 1322 μεταμαθόντων
1003 1270 1068 1310 καὶ
1086 1268 1524 1322 μεταστοιχειωθέντων
1549 1266 1651 1324 πρὸς
1675 1265 1804 1322 τὴνὶό

293 1335 514 1391 ἀλήθειαν,
562 1334 672 1386 ὅσοις
701 1337 745 1379 δὲ
776 1337 993 1379 δευσοποιὰ
1021 1338 1210 1379 καθίκετο
1240 1334 1266 1390 ἡ
1296 1340 1368 1391 τῆς
1403 1335 1605 1389 εὐσεβείας
1631 1334 1750 1392 βαφὴ

291 1407 358 1448 καὶ
389 1405 650 1459 ἀμεταθέτως
678 1403 781 1459 εἶχον
791 1436 804 1456 ,
839 1405 1149 1459 ἀπεληλαμένων
1169 1410 1240 1459 τῆς
1261 1404 1414 1455 πόλεως
1435 1405 1502 1447 καὶ
1520 1401 1753 1461 ὑπερορίους

291 1473 686 1530 παραπεμφθέντων.
755 1473 971 1530 καθῃρέθη
1012 1474 1056 1515 δὲ
1092 1475 1159 1514 καὶ
1196 1471 1217 1515 ὃ
1259 1472 1461 1527 δυσσεβὴς
1499 1470 1753 1528 πατριάρχης

287 1541 463 1596 Ἰαννῆς,
498 1543 565 1583 καὶ
603 1545 677 1583 τοῦ
717 1541 999 1599 ἀρχιερατικοῦ
1027 1539 1181 1597 θρόνου
1212 1540 1407 1596 ἀπηλάθη
1435 1540 1494 1583 δι’
1522 1541 1753 1594 ἀποστολῆς

294 1609 513 1664 ἀξιολόγων
544 1609 703 1665 ἀνδρῶν
734 1615 814 1653 τῶν
845 1612 901 1660 εἷς
931 1610 1116 1667 φυλακὴν
1144 1611 1390 1665 τεταγμένων
1430 1613 1502 1652 τοῦ
1539 1609 1807 1652 mimicum

296 1677 357 1729 οἷς
376 1676 567 1734 πρότερον
583 1679 656 1732 μὲν
673 1682 881 1721 κατελθεῖν
900 1677 973 1721 οὐκ
991 1679 1170 1721 ἐπείθετο
1183 1710 1196 1730 ,
1232 1678 1323 1721 οὐδ’
1347 1676 1447 1721 ἑκών
1464 1694 1507 1733 γε
1528 1676 1664 1727 αὐτοῖς
1680 1680 1753 1731 τῆς

295 1747 507 1802 ἐκκλησίας
547 1747 733 1802 ἐκστῆναι
773 1749 1068 1802 διεβεβαιοῦτο·
1116 1744 1172 1798 ὥς
1209 1747 1250 1789 δ’
1285 1741 1396 1790 οὗτοι
1425 1744 1754 1803 ὖποστρέψαντες

388 1853 414 1890 4
447 1852 598 1894 τούτοις
630 1853 661 1888 C
844 1854 888 1890 13
918 1851 1178 1900 α’ναστηλῶσαι
1209 1854 1241 1890 C
1422 1853 1467 1890 14
1488 1851 1698 1898 συνείχοντο
1722 1851 1754 1887 C

389 1945 435 1980 16
459 1940 561 1984 ὅσοις
582 1964 628 1971 -
652 1946 694 1980 18
715 1944 1067 1990 παραπεμφθέντων
1089 1945 1158 1981 add
1181 1946 1232 1990 C,
1269 1944 1368 1981 cuius
1398 1956 1539 1990 margo:
1569 1909 1754 1979 Caenea&

387 1988 628 2034 κοπροειὸής·
654 1991 758 2026 δεῖσα
781 1989 850 2036 γὰρ
874 1989 910 2047 ηῖ
923 1990 1061 2036 κόπρος
1086 1992 1240 2046 εἴρηται.
1395 1992 1437 2026 18
1461 1988 1756 2034 καθαιρεθέντος

390 2034 431 2071 δὲ
455 2036 522 2070 τοῦ
547 2036 749 2083 δυσσεβοῦς
770 2049 1000 2081 πατριαρχου
1023 2037 1086 2072 καὶ
1109 2049 1178 2072 του
1202 2034 1456 2082 ἀρχιερατικοῦ
1475 2033 1622 2082 θρόνου
1636 2034 1756 2081 οἰκορ-

390 2080 591 2127 ριφθέντος
609 2082 640 2117 C
774 2085 821 2120 22
844 2083 1053 2129 διεβεβαίου
1072 2084 1102 2119 C
1523 2095 1525 2098 ’

297 2171 408 2209 sacris
440 2172 602 2208 scivisset
634 2171 827 2209 damnari?
871 2174 958 2209 haee
991 2174 1127 2209 locutae
1154 2172 1338 2208 Manuelus
1367 2176 1587 2219 praesentem
1615 2170 1757 2218 imperii

295 2219 462 2264 vitaeque
484 2220 607 2264 finem,
642 2221 831 2265 eademque
852 2221 924 2255 fano
949 2220 1096 2255 minatus
1121 2225 1195 2264 est,
1229 2219 1298 2253 nisi
1331 2218 1485 2253 divinum
1509 2223 1666 2254 ornatum
1696 2229 1757 2254 sa·-

296 2276 430 2299 crarum
455 2264 639 2310 imaginum
665 2266 821 2301 ecclesiis
848 2267 1023 2301 redderet.
1071 2266 1198 2311 quibus
1219 2265 1339 2306 verbis
1362 2265 1552 2300 Theodora
1573 2265 1650 2299 sive
1674 2275 1758 2311 per-

292 2311 418 2346 territa
449 2311 526 2345 sive
558 2311 664 2355 alias,
698 2317 736 2347 ut
766 2311 935 2356 diximus,
969 2313 1161 2355 delectata,
1193 2316 1268 2345 tota
1289 2310 1349 2344 isti
1373 2311 1515 2355 negotio
1543 2322 1624 2345 sese
1646 2309 1757 2345 dedit.

295 2357 412 2391 statim
439 2356 557 2402 itaque
580 2357 615 2391 in
638 2358 860 2392 tabernacula
884 2358 1083 2393 Theoctisti
1114 2369 1230 2392 omnes
1265 2357 1452 2391 convenire
1474 2357 1590 2401 iubet,
1627 2355 1689 2403 qui
1710 2355 1758 2390 de

295 2403 515 2436 senatoribus
545 2403 602 2437 vel
632 2404 777 2439 concilio
809 2403 984 2450 sapientia
1015 2408 1116 2439 erant
1137 2416 1178 2438 ae
1200 2403 1359 2437 doctrina
1385 2402 1520 2447 ornati,
1554 2412 1685 2447 eosque
1710 2402 1757 2436 de

294 2459 381 2482 vera
415 2448 584 2492 religione
617 2449 654 2484 in
686 2449 833 2484 medium
867 2451 1062 2486 consulere.
1109 2449 1160 2484 ibi
1188 2449 1366 2492 omnibus,
1398 2454 1563 2493 quantum
1582 2447 1658 2482 eius
1678 2446 1758 2482 fieri

293 2492 428 2538 potuit,
458 2496 700 2540 congregatis,
725 2507 799 2530 cum
823 2496 914 2531 varii
940 2501 1057 2531 essent
1078 2507 1253 2530 sermones
1277 2494 1388 2528 habiti
1413 2499 1450 2528 et
1472 2505 1541 2528 non
1564 2504 1676 2538 panea
1696 2504 1757 2528 sa·

295 2549 377 2572 crae
402 2538 606 2583 Scripturae
629 2541 827 2576 testimonia
851 2542 1039 2588 producta,
1063 2542 1144 2588 piae
1169 2541 1277 2586 partis
1299 2539 1473 2574 sententia
1498 2538 1668 2583 obtinuit,
1693 2538 1758 2573 de·-

296 2588 497 2628 eretumque
531 2585 574 2619 de
605 2587 713 2621 sacris
746 2587 954 2632 imaginibus
983 2588 1100 2622 statim
1124 2586 1333 2633 reponendis
1356 2586 1497 2619 factum.
1545 2596 1588 2619 eo
1612 2583 1649 2618 in
1672 2595 1758 2619 oon-

296 2634 406 2663 ventu
428 2630 603 2683 principes
627 2634 863 2678 sacerdotum,
888 2634 1046 2669 monachi
1069 2645 1110 2668 ae
1132 2631 1301 2668 senatorii
1325 2631 1413 2674 viri,
1436 2636 1517 2665 ante
1539 2629 1678 2665 haeresi
1699 2629 1758 2665 vi-

295 2674 398 2719 tiati,
433 2675 573 2709 maions
606 2678 715 2720 partis
749 2680 924 2714 sententia
953 2679 1049 2714 docti
1071 2679 1256 2713 veritatem
1279 2684 1400 2711 errore
1423 2677 1582 2710 damnato
1606 2675 1757 2722 amplexi

298 2724 391 2755 sunt.
439 2722 640 2766 abrogatum
674 2724 776 2758 etiam
808 2730 862 2760 est
893 2725 1111 2771 patriarchae
1146 2734 1267 2759 munus
1297 2722 1418 2765 Ianni,
1455 2721 1622 2767 missique
1651 2733 1757 2767 prae—

297 2771 430 2801 stantes
453 2766 543 2811 viri‚
573 2767 698 2811 quibus
721 2770 842 2814 palatii
866 2771 1026 2806 custodia
1049 2774 1125 2805 erat
1144 2768 1362 2812 demandata,
1395 2767 1456 2813 qui
1479 2779 1556 2802 eum
1580 2767 1668 2802 solio
1693 2768 1758 2802 de·

297 2812 492 2846 turbarent.
539 2812 664 2848 Iannes
687 2815 796 2859 primo
820 2827 994 2851 cessurum
1021 2828 1061 2851 se
1083 2822 1145 2851 aut
1167 2814 1305 2850 omnino
1328 2813 1477 2848 ecelesia
1499 2813 1670 2848 exiturum
1693 2814 1758 2848 de-

299 2857 444 2902 negavit
466 2869 597 2894 summa
619 2861 853 2897 contentione.
900 2872 1002 2907 quarn
1025 2862 1100 2898 eius
1123 2859 1370 2897 contumaciam
1393 2870 1490 2905 cum,
1522 2871 1611 2906 quos
1633 2859 1758 2895 missos
