1916 3210
9 174 38 283 ³{

701 157 1151 204 ANNOTATIONES.
1564 159 1626 206 83
1637 161 1659 206 1

202 268 506 310 ῶωίαπίἰηιιηι
542 274 581 306 ee
624 267 864 308 Theodotum
901 270 1085 322 coningio
1119 268 1358 321 copulasse&
1413 283 1489 311 non
1520 270 1551 310 is
1581 272 1664 325 ipse

195 338 282 367 vero
304 325 535 377 Nicephorus
555 327 689 378 nuptiis
708 327 874 366 interfuit
897 331 962 366 aut
990 327 1199 380 benedixit,
1229 328 1298 366 sed
1326 327 1521 380 losephus,
1550 342 1662 367 oeco-

195 395 337 421 nomus
363 383 412 421 ab
437 386 590 421 auctore
618 386 791 432 vocatus,
835 396 860 422 a
890 382 1123 435 Theophane
1153 385 1382 421 monasterii
1419 386 1664 424 Concaratae

194 437 415 481 monachus
447 445 486 475 et
510 437 662 485 abbas,
700 440 762 489 qui
787 440 888 478 iussu
917 438 1063 478 Tarasii
1089 441 1124 479 vi
1153 453 1176 479 a
1206 441 1452 480 Constantino
1484 443 1661 494 compulsi

192 495 366 549 nuptialis
403 495 669 534 benedictionis
692 496 800 534 ritum
831 501 887 533 est
913 500 1120 536 exsecutus.
1179 509 1288 547 quem
1317 499 1404 548 quia
1430 498 1660 551 Nicephorum

193 552 339 593 Tarasii
369 563 560 591 successor
585 555 625 590 et
654 553 776 589 fautor
802 555 1014 602 protegeret
1042 565 1087 590 ac
1111 552 1377 594 ecclesiasticae
1398 556 1662 595 communionis

193 609 328 649 socium
356 601 515 656 faceret,
533 607 660 646 ·Plato
685 612 724 646 et
750 608 922 646 Studitae
947 608 1138 657 monachi,
1174 611 1359 649 nefandae
1387 611 1481 650 illius
1508 613 1662 665 copulae

192 664 363 719 perpetui
384 664 603 711 adversarii,
630 663 730 703 velut
754 664 986 703 ecclesiastici
1014 665 1100 703 iuris
1125 665 1338 705 violatorem
1357 667 1560 718 habebant,
1590 682 1661 708 nee.

191 721 304 761 ullum
329 719 505 773 deinceps
528 719 746 759 sacramenti
763 721 983 759 consortium
1002 734 1083 760 cum
1102 733 1148 760 eo
1167 721 1225 760 vel
1240 736 1323 761 cum
1342 722 1552 776 Nicephoro
1570 726 1660 764 reti·

191 789 282 818 nere
297 777 548 816 decreverunt.
605 776 662 814 his
679 777 829 815 attentis
848 780 976 816 cuncta
993 777 1174 828 Xylandri
1193 777 1378 818 diluuntur
1397 781 1520 830 dubia,
1549 782 1660 833 quid-

190 847 265 886 que
280 834 320 872 in
339 846 384 873 eo
400 833 570 884 coniugio
587 833 766 885 Iosephus
783 834 1007 885 praestiterit
1025 835 1150 885 liquet.
1208 836 1337 874 modus
1354 850 1466 889 porro
1483 837 1660 889 loquendi

191 892 242 930 de
261 890 398 942 nuptiis
420 890 489 929 sub
512 888 757 928 coronationis
776 902 866 929 voce
885 891 1016 929 iterum
1037 891 1299 932 observandus.
1360 894 1500 933 GoAn.

302 947 383 986 t.11
409 960 446 999 p,
476 947 531 988 37
559 959 595 985 v.
622 947 665 987 7.
721 946 832 998 paulo
861 950 969 998 post,
1009 960 1089 986 cum
1121 947 1313 987 Cedrenus
1339 951 1466 989 decem
1495 952 1657 992 invectas

188 1003 344 1056 imperio
375 1002 599 1042 calamitates
619 1015 642 1041 a
662 1001 874 1055 Nicephoro
896 1008 1094 1054 memorat,
1125 1003 1288 1043 librarius
1312 1008 1502 1045 annotavit
1523 1010 1590 1046 sub
1610 1022 1656 1048 eo

189 1072 340 1113 quoque
360 1059 487 1099 decem
505 1059 637 1127 plagas
654 1058 936 1098 Romanorum
926 1061 1079 1111 imperio
1098 1061 1299 1110 immissas,
1329 1064 1527 1115 respiciens
1547 1066 1654 1103 nimi-

187 1129 268 1157 rum
287 1116 338 1155 ad
352 1115 576 1184 Aegyptias:
603 1130 677 1167 oea
695 1115 762 1157 καὶ
781 1113 862 1158 υπὸ
882 1114 1124 1171 Νικηφόρον
1141 1119 1194 1174 τῇ
1209 1116 1403 1176 Ῥωμανία
1425 1119 1655 1174 ἐπενεχθεῖ-

187 1185 266 1216 σαν
288 1167 552 1226 δεκᾶπληγον.
609 1172 704 1214 Χῑῐ..

305 1228 361 1268 ib.
386 1243 423 1270 v
445 1228 510 1270 15.
567 1228 826 1267 Chartiaticum
858 1229 945 1280 quid
973 1228 1040 1278 sit,
1076 1242 1166 1269 sane
1193 1229 1336 1280 ignoro.
1388 1233 1555 1273 fortassis
1583 1247 1653 1275 ex-

188 1287 286 1327 actio
319 1287 390 1326 fnit
421 1287 474 1326 ad
506 1286 810 1326 sustentationem
846 1286 1044 1325 scribarum
1074 1291 1113 1326 et
1141 1287 1398 1339 cancellariae,
1439 1295 1481 1330 ut
1508 1295 1652 1330 vocant.

188 1343 287 1386 ΧΠ..

312 1401 321 1410 ’
454 1402 521 1443 19.
565 1399 801 1452 samarium
828 1398 1044 1451 tributum]
1082 1401 1327 1441 rauchsteur.
1384 1406 1477 1455 puto
1502 1403 1551 1444 de
1577 1405 1654 1444 sin-

188 1456 286 1510 gulis
307 1457 400 1497 focis
419 1461 585 1497 exactum
603 1459 739 1505 fuisse,
768 1458 806 1495 in
834 1457 964 1508 quibus
993 1458 1087 1508 ignis
1116 1459 1232 1498 fieret.
1288 1460 1409 1499 omnia
1440 1461 1531 1500 haec
1562 1474 1653 1501 sane

189 1517 277 1554 sunt
302 1515 470 1555 obscura.
527 1515 631 1565 qnod
654 1515 704 1552 ad
729 1519 896 1552 octavum
914 1515 1063 1563 attinet,
1093 1515 1145 1553 sic
1164 1516 1308 1563 divino,
1336 1516 1494 1556 voluisse
1511 1531 1593 1556 eum
1613 1523 1657 1557 ut

188 1570 308 1623 quivis
336 1571 395 1610 avi
425 1571 482 1608 sui
511 1574 578 1608 aut
604 1571 732 1623 proavi
759 1571 871 1609 modo
895 1575 1124 1618 censeretur,
1156 1584 1199 1611 ac
1225 1574 1443 1611 tantundem
1461 1578 1572 1624 atque
1591 1574 1653 1614 ille

188 1627 358 1666 solvisset
384 1627 511 1665 tributi
535 1628 734 1679 penderet,
773 1627 917 1666 etiamsi
945 1640 1071 1665 eorum
1099 1628 1197 1666 bona
1226 1629 1322 1668 inter
1349 1631 1467 1667 varios
1495 1630 1652 1670 heredes

187 1685 306 1723 divisa
326 1683 479 1734 siugulis
496 1682 608 1734 longe
626 1684 802 1722 minorem
821 1696 970 1722 censum
992 1684 1236 1734 reliquissent.
1296 1698 1341 1724 ex
1367 1685 1518 1724 historia
1547 1700 1653 1726 ceru-

187 1739 290 1789 larii,
325 1741 504 1780 decimam
534 1740 590 1778 sui
618 1741 697 1778 auri
723 1744 863 1791 partem
893 1741 1073 1791 ademptis
1100 1742 1251 1791 reliquis
1278 1742 1426 1780 domum
1453 1744 1653 1793 referente,

189 1797 221 1835 si
251 1808 333 1836 cum
366 1797 515 1835 Zonara
546 1802 796 1847 comparetur,
835 1797 1019 1835 videbitur
1047 1809 1178 1836 aureus
1207 1797 1263 1836 vel
1294 1800 1472 1837 nomisma
1502 1813 1653 1840 aureum

188 1853 331 1893 decima
355 1853 470 1891 librae
496 1866 584 1904 pars
611 1853 744 1899 suisse;
771 1854 871 1903 quod
887 1854 957 1891 fuit
973 1854 1238 1893 annotandum.
1295 1856 1361 1894 sed
1385 1860 1423 1894 et
1449 1857 1486 1894 in
1513 1857 1652 1896 Ioanne

185 1909 394 1958 Tzimisca,
421 1909 486 1948 ubi
502 1909 692 1961 capnicum
712 1910 759 1948 ab
778 1922 823 1948 eo
843 1909 1013 1948 scribitur
1029 1909 1239 1958 abolitum‚·
1253 1911 1544 1952 animadvertere
1567 1913 1652 1953 licet

186 1966 335 2005 obolum
361 1966 474 2004 fuisse
499 1971 732 2016 argenteum,
763 1968 939 2004 nomisma
966 1978 1127 2006 aureum.
1186 1963 1464 2019 περισπασμόν
1483 1970 1650 2008 solicitu-

186 2022 311 2062 dinem
328 2023 443 2070 verti3
470 2024 572 2072 quod
588 2022 723 2061 scilicet
740 2022 1017 2060 humanissimus
1038 2022 1236 2073 imperator
1254 2036 1329 2061 non
1347 2025 1522 2074 ignorans
1543 2038 1647 2064 curas

186 2092 268 2118 cum
295 2079 426 2131 opibus
454 2080 603 2130 augeri,
634 2083 671 2117 et
691 2079 891 2130 locupletes
910 2078 948 2116 in
970 2090 1107 2127 magna
1127 2090 1210 2117 esse
1230 2079 1481 2129 solicitudine,
1506 2081 1647 2121 cerula-

185 2135 279 2174 rium
303 2135 413 2174 istum
434 2136 594 2175 voluerit
613 2135 780 2175 molestia
797 2135 973 2184 liberare,
1001 2135 1183 2187 privatum
1201 2139 1277 2176 tam
1293 2138 1402 2178 anxie
1418 2138 1646 2189 possidendo

184 2203 287 2231 auro.
341 2191 435 2231 Xn..

296 2246 352 2286 ib.
380 2262 419 2288 v.
447 2249 521 2291 20.
574 2243 650 2299 τὴν
677 2244 887 2300 βασιλικήν
912 2246 1210 2301 κουρατωρείαν
1241 2261 1316 2288 non
1350 2251 1552 2288 aerarium
1585 2251 1646 2290 vel

174 2303 329 2352 fiscum
347 2304 633 2356 quomodolibet,
663 2307 728 2343 sed
741 2307 949 2355 privatum
964 2306 1137 2358 principis
1147 2306 1354 2355 peculium
1369 2320 1413 2346 ac
1426 2307 1646 2345 dominium

184 2361 419 2415 interpretor.
475 2361 581 2399 huius
603 2363 808 2412 praefectus
829 2358 1059 2414 κουροῖτωρ,
1089 2375 1198 2412 quem
1216 2364 1510 2428 Harmenopolus
1529 2367 1647 2417 λογο-

183 2416 310 2469 θὲτην
338 2422 463 2466 vocat,
492 2419 543 2457 de
574 2431 648 2469 quo
677 2417 854 2468 Agathias
884 2418 908 2456 l.
934 2419 980 2461 5:
1019 2413 1249 2460 Ἀνατόλιον
1277 2415 1404 2471 μόνον
1432 2423 1646 2473 φθαρῆναι

186 2473 355 2543 ξυνέβη,
383 2471 514 2527 ανδρα
539 2477 591 2530 τῇ
616 2489 658 2514 τε
684 2477 766 2514 ταῖν
787 2471 955 2515 Ιὑπάτων
978 2470 1070 2530 ἀξίᾳ
1087 2474 1366 2528 τετιμημένον,
1395 2475 1465 2517 καὶ
1483 2474 1583 2529 πρός
1600 2492 1646 2531 ys

185 2526 228 2570 τό
257 2531 454 2582 φροντίδα
481 2532 673 2571 τίθεσθαι
701 2530 769 2571 καὶ
796 2530 1020 2583 ἐπιμέλειαν
1047 2547 1131 2572 των
1157 2532 1347 2599 βασιλέως
1375 2532 1497 2574 οἴκων
1516 2549 1557 2573 τε
1575 2534 1646 2575 καὶ

184 2583 396 2638 κτημάτων
426 2584 554 2639 ἀρχὴν
580 2584 774 2638 εἰληχότα.
830 2603 1086 2641 κουρατωρας
1115 2586 1157 2629 δὲ
1186 2585 1353 2637 τούτους
1371 2592 1534 2630 καλοῦσι
1556 2589 1644 2630 Ῥω-

185 2647 308 2694 μαΐοι.
362 2655 406 2682 ac
428 2657 478 2682 ne
502 2646 550 2683 ab
572 2650 720 2682 auctore
744 2646 992 2685 discedamus:
1020 2646 1100 2697 ipse
1126 2647 1335 2697 pinguiores
1363 2659 1473 2697 agros
1493 2651 1531 2686 et
1552 2649 1644 2687 ube-

183 2699 300 2738 riores
319 2702 620 2739 monasteriorum
639 2703 889 2751 possessiones
909 2698 958 2741 τὰ
977 2703 1181 2753 κρείττονα
1198 2718 1278 2743 των
1297 2698 1507 2754 κτημάτων
1525 2705 1562 2742 in
1583 2718 1644 2743 re-

183 2756 282 2805 giam
307 2768 409 2795 suam
439 2758 681 2794 curatoriam
709 2762 746 2796 et
775 2759 972 2797 dominium
997 2758 1244 2811 Nicephorum
1272 2760 1456 2799 rettulisse
1483 2760 1642 2801 dilucide

181 2816 321 2853 narrat.
378 2818 555 2853 memorat
578 2827 726 2866 quoque
748 2814 1030 2868 Theophanes
1020 2829 1058 2856 m
1079 2816 1281 2856 Iustiniano
1304 2812 1539 2870 κονροὶτωρα
1560 2819 1641 2859 τῶν
