1916 3210
0 0 51 201 ξ
680 135 1131 184 ΔΝΝοιΑΉοΝΕε.
1218 142 1223 143 ’
1541 135 1643 184 825·

0 228 21 260 j
177 250 321 297 em
328 248 514 291 radicibus
525 249 664 300 gradus
680 246 878 288 cochlearis
894 261 963 300 per
976 248 1138 287 medium
1156 249 1206 287 ad
1223 249 1300 288 eius
1315 260 1452 287 summa
1467 249 1644 288 ascendit.

179 303 412 362 Ξηρολόφος
440 307 546 358 quasi
574 304 696 344 moles
721 304 840 342 arida
864 309 1032 345 vocatur.
1087 305 1252 358 pluribus
1278 307 1327 345 de
1357 306 1419 344 illa
1446 306 1580 345 Suidas
1607 309 1647 345 et

177 365 379 406 eodinus
369 377 408 403 m
428 363 538 414 Orig.
562 362 640 404 ΟΡ.
699 361 840 403 Gon.

190 452 203 462 ,
287 434 330 473 Ρ.
343 421 425 463 801
447 432 482 459 v.
499 420 566 462 18.
623 419 822 460 διαλαλεῖν
838 429 915 457 non
928 421 991 458 est
1006 417 1110 456 cives
1127 417 1303 471 alloqui,
1330 431 1457 458 verum
1476 417 1649 459 edictum

172 476 454 532 promulgare,
480 488 576 515 voce
587 475 802 526 praeconis
820 473 966 513 iubere.
1029 475 1165 514 GoAR.

289 532 342 574 ib.
357 547 392 573 v.
409 534 478 576 19.
541 530 824 583 Quam-toribus
853 528 1024 583 nostris]
1053 533 1117 584 qui
1145 544 1169 571 a
1196 531 1350 581 singulis
1374 533 1562 572 ordinibus
1581 534 1650 572 tri-

177 591 308 634 butum
327 589 532 641 exigerent.
569 585 745 637 κᾶνονος
765 600 837 627 vox
857 588 1044 639 hodieque
1060 601 1130 642 pro
1148 591 1348 628 constituta
1369 591 1525 640 pecunia
1545 603 1651 628 usur-

177 653 291 700 patur
310 645 443 697 vulgo,
470 658 568 697 quae
586 657 711 685 annua
731 644 907 686 solvatur.
935 645 1039 685 Xn..
1098 644 1293 683 tribucum
1315 647 1504 698 capitatim
1526 648 1653 688 edicto

175 704 300 758 posito
315 701 590 754 pmdmdum.
646 702 782 743 Gon.

262 763 326 805 t.
333 759 371 799 11
392 772 436 813 Ρ.
453 761 482 802 8
501 771 536 798 v.
555 759 625 802 10
678 771 729 797 ne
756 755 872 810 quis]
899 757 996 797 hunc
1018 757 1138 797 locum
1157 771 1204 798 ex
1222 758 1340 797 Suida
1359 760 1515 799 restitui.
1543 759 1651 799 XYn.

289 819 317 856 t.
332 815 369 855 11
395 829 435 869 Ρ.
451 813 480 857 4
496 828 531 855 v.
553 816 594 858 5.
643 828 771 867 parce
799 813 914 853 nobis
943 814 1120 866 domine]
1158 816 1349 855 Cedreni
1338 829 1532 857 immanem
1552 817 1651 857 blas·-

177 871 363 926 phemiam
389 872 634 912 abominantis
674 872 801 912 verba.
857 871 961 910 sed
951 885 989 910 m
1016 873 1184 922 margine
1213 873 1435 939 adscriptum
1467 879 1540 913 est:
1577 872 1651 915 ἐοῖν

179 926 225 970 65
260 943 322 978 τις
357 925 491 998 μύρον
514 925 739 980 πολύτιμον
772 926 830 976 εἰς
849 922 1114 998 ἀλάβαστρον
1144 924 1324 996 ἐμβαλῃ,
1357 929 1650 999 χοιρωὸἐστατε,

179 981 266 1028 εἶτα
285 983 448 1093 megin?
473 981 588 1037 avrti,
618 1000 669 1027 ου
688 981 812 1027 πάλιν
830 981 862 1038 ἦ
881 979 1029 1026 εὐωδία
1046 986 1121 1026 τοῦ
1139 982 1268 1040 μύρου
1290 989 1347 1042 τῷ
1366 983 1508 1043 α’γγείω
1529 1001 1650 1042 προσ-

229 1057 310 1084 νει·
401 1055 474 1084 Yr..

138 1147 141 1150 .
177 1040 230 1097 μέ
292 1097 344 1139 ib.
363 1112 399 1139 v.
421 1099 487 1149 14.
543 1098 634 1151 quid
665 1098 715 1137 sit
744 1095 993 1151 παρίππιον,
1023 1110 1100 1137 non
1130 1100 1219 1138 satis
1249 1101 1345 1139 novi.
1401 1101 1512 1140 credo
1539 1102 1652 1141 fuisse

179 1154 335 1196 rhedam
353 1161 421 1196 aut
436 1156 639 1196 vehiculum
661 1155 783 1194 cursui
803 1154 1001 1205 idoneum,
1030 1156 1132 1206 quod
1151 1169 1243 1194 unus
1260 1157 1389 1207 aliquis
1409 1171 1522 1209 eques
1540 1159 1653 1197 comi-

179 1216 332 1253 taretur.
387 1214 478 1265 quid
497 1215 528 1252 si
545 1213 700 1252 veredus
719 1213 772 1250 ita
789 1209 1026 1263 appellatur?
1067 1213 1173 1251 XY1..
1230 1212 1441 1252 Pancirolus
1471 1216 1519 1254 de
1545 1229 1652 1254 cursu

178 1269 346 1322 publico:
376 1283 558 1308 concessa
584 1269 779 1307 evectione
808 1281 913 1305 unus
942 1275 1015 1306 aut
1040 1268 1143 1306 alter
1171 1282 1296 1320 equus
1309 1272 1494 1322 permitti
1520 1285 1653 1309 cense—

182 1324 324 1364 batur:
363 1340 456 1365 cum
493 1339 586 1365 vero
617 1326 755 1363 tertius
786 1323 951 1362 veredus
980 1324 1290 1378 indulgebatur,
1325 1327 1553 1379 parthpus
1581 1335 1655 1366 aut

175 1383 452 1434 paravereduo
476 1381 696 1423 dicebatur.
753 1385 814 1422 est
843 1381 971 1434 itaque
998 1384 1176 1436 parippus
1205 1396 1334 1423 cursus
1361 1385 1496 1438 publici
1524 1399 1653 1437 equuS.

182 1439 321 1482 GoAn.

291 1501 320 1536 t.
336 1495 373 1535 11
399 1509 438 1548 Ρ.
457 1495 484 1539 5
507 1509 542 1536 v.
562 1497 628 1538 10.
705 1492 937 1546 neopolis]
977 1494 1050 1534 hoc
1084 1498 1143 1534 est
1178 1501 1464 1547 cognomentum
1497 1511 1656 1549 magnae

181 1551 412 1593 Antiocheae
429 1557 469 1592 et
483 1553 582 1605 apud
600 1554 766 1591 nostrum
784 1555 822 1590 et
839 1552 939 1603 apud
958 1551 1061 1593 alios.
1085 1552 1190 1592 XYt..
1230 1567 1295 1593 cur
1314 1554 1509 1593 Antiochia
1529 1552 1658 1596 Θεού-

181 1611 318 1659 πολις,
346 1609 495 1662 scripsit
511 1613 640 1649 auctor
658 1621 757 1647 anno
776 1607 966 1646 Iustiniani
980 1611 1019 1649 2.
1076 1609 1214 1648 ΘοΛιι.

295 1665 348 1706 ib.
375 1678 411 1706 v·
442 1668 509 1709 16.
564 1666 727 1717 signum
757 1665 801 1702 in
829 1663 962 1716 caelo]
1001 1665 1170 1705 nimirum
1203 1667 1318 1705 crucis
1302 1685 1340 1716 s,
1373 1667 1490 1718 qualis
1520 1681 1657 1718 magno

183 1723 432 1764 Constantino
449 1722 845 1774 apparuerat.XY1.,

297 1778 397 1819 ibid.
460 1777 652 1831 Validus]
683 1772 837 1819 οὕαλίδ.
894 1777 984 1817 Hali
1012 1777 1071 1817 hic
1095 1782 1247 1818 vocatur
1269 1793 1292 1819 a
1313 1778 1481 1819 Diacono
1501 1779 1526 1819 l.
1546 1783 1601 1823 22
1620 1783 1658 1820 et

183 1837 288 1885 aliis,
315 1837 487 1890 princeps
514 1837 791 1875 Saracenorum.
847 1838 886 1874 et
915 1835 1037 1873 lzidus
1067 1835 1194 1874 Gizid.
1250 1837 1314 1888 qui
1347 1835 1534 1886 aliquanto
1569 1841 1658 1889 post

184 1888 420 1947 Βᾶκταγμος
442 1892 595 1943 legitur,
623 1893 655 1930 is
678 1886 923 1944 Βακταγγιος
944 1895 1002 1929 est
1023 1894 1126 1943 apud
1146 1892 1376 1932 Zonaram.
1402 1893 1509 1933 XYL.

296 1954 325 1989 t.
344 1950 380 1989 11
407 1963 447 2002 Ρ.
467 1951 494 1990 6
515 1950 637 1991 v.12.
709 1947 948 1998 Chrysopolis
987 1948 1072 1986 urbs
1105 1948 1215 1988 Asiae
1243 1953 1347 1987 trans
1378 1948 1658 2001 Propontidem,

187 2020 210 2047 e
227 2007 382 2058 regione
402 2005 587 2057 Cpoleos,
620 2005 807 2043 Scutaret
826 2016 923 2041 nunc
942 2003 1075 2042 Turcis
1097 2005 1218 2055 dicta,
1247 2019 1440 2058 perperam
1464 2019 1488 2044 a
1508 2006 1658 2058 quibus-

185 2064 274 2103 dam
292 2077 375 2103 cnm
394 2063 629 2102 Chalcedone
649 2061 893 2101 confunditur.
951 2059 1089 2102 Gom.

299 2124 327 2159 t.
347 2120 383 2159 11
409 2132 445 2171 p.
460 2122 488 2161 7
509 2132 543 2158 v.
561 2121 626 2160 12.
684 2117 974 2170 Γερμανίκειαν
991 2118 1122 2168 Syriae
1138 2117 1278 2159 urbem.
1308 2118 1468 2160 Ptolem.
1521 2120 1658 2160 GoAR.

297 2175 351 2214 ib.
371 2188 406 2215 v.
428 2176 496 2218 13.
553 2174 746 2228 Δουλιχία
767 2173 884 2213 altera
905 2174 1037 2224 Syriae
1057 2175 1143 2213 urbs
1166 2179 1246 2224 est,
1274 2175 1428 2216 Doliche
1449 2176 1660 2217 Ptolemaeo

183 2233 295 2273 dicta.
350 2232 490 2271 Gom.

299 2292 330 2327 t.
346 2289 381 2328 11
408 2302 448 2340 p.
462 2290 489 2330 8
507 2300 543 2326 v.
556 2289 597 2329 3.
655 2286 837 2334 ἐπίπλοις
850 2285 985 2337 peplis
1005 2293 1043 2322 et
1061 2285 1159 2323 velis
1178 2287 1316 2328 sacris,
1371 2288 1520 2327 Simeon
1541 2289 1663 2328 Thes-

188 2346 256 2385 sal.
284 2345 334 2385 de
356 2345 497 2397 templo
523 2340 634 2396 ἱερόν
655 2342 823 2384 ἔπιπλον
843 2345 917 2395 τῆς
937 2341 1051 2396 ἁγίας
1070 2342 1263 2396 τραπέζης
1282 2349 1389 2384 vocat
1410 2346 1534 2384 altaris
1555 2347 1662 2385 indu-

187 2406 374 2450 mentum,
401 2403 442 2440 id
464 2406 521 2440 est
540 2414 742 2452 mappam.
801 2400 939 2438 Gon..

302 2458 379 2497 211
406 2472 445 2511 p.
463 2460 490 2499 9
509 2470 544 2497 v.
566 2461 606 2499 7.
679 2454 1005 2508 Chrysamnitae]
1045 2455 1308 2495 chorosanitas
1337 2456 1524 2497 Diaconus
1554 2463 1662 2499 vocat

189 2514 215 2557 l.
240 2518 317 2565 22,
343 2514 518 2568 populum
543 2514 728 2553 orientalis
748 2513 1083 2552 l'crsidis.XY1..

302 2576 331 2613 t.
349 2572 383 2610 11
411 2585 450 2624 Ρ.
474 2572 526 2612 10
546 2583 580 2610 ν.
598 2572 666 2611 12.
718 2567 1042 2622 praeceptorem]
1073 2569 1298 2609 Germanum
1324 2575 1436 2623 puto,
1473 2571 1574 2610 cuius
1597 2572 1664 2611 suit

190 2627 383 2679 syncellus.
438 2629 542 2668 xn.

303 2683 357 2722 ib.
375 2698 411 2724 v.
433 2686 500 2725 15.
551 2683 709 2735 palatio
742 2682 905 2735 Syriae]
935 2682 1035 2722 locus
1056 2684 1125 2722 suit
1145 2683 1243 2722 haud
1265 2685 1376 2723 dubie
1394 2683 1517 2735 Cpoli.
1573 2688 1657 2723 acta

189 2741 297 2837 {nius
328 2741 489 2791 concilii,
530 2742 632 2793 quod
659 2742 686 2782 7
715 2740 949 2794 Cpolitanum
978 2740 1132 2792 dicitur,
1169 2739 1306 2794 palatio
1335 2740 1486 2781 Hieriae
1514 2741 1657 2823 legunt.

226 2811 279 2837 u
