1890 3236
293 172 393 220 464
766 166 999 213 GEORGII
1031 166 1276 212 CEDRENI

294 288 426 342 ἕτερον
459 280 579 325 πάλιν
609 281 707 323 λαὸν
735 280 838 323 κατὰ
870 283 951 324 τῶν
986 279 1028 323 ἓν
1058 280 1280 337 Τριαδίτζῃ
1314 281 1534 337 φρουρίων,
1575 279 1748 338 ἔξαρχον

293 354 433 407 ἔχοντα
451 350 521 394 τὸν
541 347 708 406 Ξιφίαν,
743 349 944 402 ἐκπέμπει.
1012 349 1080 390 καὶ
1097 342 1214 399 οὗτος
1236 349 1281 391 δὲ
1298 347 1351 391 τὰ
1371 349 1412 390 ἐν
1430 355 1515 400 τοῖς
1528 346 1750 408 &nal-Qum

293 419 425 462 πάντα
451 415 832 474 καταστρεψάμενος
863 414 960 459 εἷλε
978 417 1191 478 πολιορκίᾳ
1218 414 1265 460 τὸ
1295 415 1427 474 ἔρυμα
1463 416 1487 461 ὃ
1513 415 1647 460 Bora»
1671 434 1748 461 κα-

296 492 434 530 λεῖται.
1280 488 1282 491 ’
1628 487 1629 490 ’
1735 483 1737 486 ⁴

425 551 473 596 ‘O
504 551 547 595 δὲ
573 550 763 606 βασιλεὺς
791 551 984 595 ἀπελθών
1011 554 1053 595 ἐν
1079 547 1522 604 Κωνσταντινουπόλει,
1556 549 1780 597 κατᾶτῦνῦ

294 620 548 678 Ἰανουάριον
566 623 675 675 μῆνα
702 624 775 663 τοῦ
807 618 938 677 ,ςφκιΥ
968 619 1104 672 ἔτους,
1138 619 1280 664 στόλον
1303 622 1357 671 εἲς
1374 621 1588 679 Χαζαρίαν
1606 616 1753 676 ἓκπεῖιῖἰὁ
1780 646 1784 649 -

298 708 383 742 πει,
417 690 587 747 ἔξαρχον
611 687 752 743 ἔχοντα
775 688 846 730 τὸν
877 688 1062 745 Μογγόν,
1104 689 1194 732 υἱὸν
1221 689 1473 746 Ἀνδρονίκου
1504 689 1650 740 δουκός
1680 693 1754 732 τοῦ

297 760 471 801 Λυδοῦ·
506 758 574 800 καὶ
592 761 643 814 τῇ
662 758 846 817 συνεργίᾳ
864 757 1049 814 Σφίγγου
1073 761 1146 800 τοῦ
1169 757 1350 818 ἀδελφοῦ
1369 759 1649 815 Βλαδιμηροῦ,
1671 753 1755 800 ‘tofi

300 827 480 884 ἀδελφοῦ
502 830 572 869 τοῦ
589 826 811 880 βασιλέως,
846 823 1015 877 ὖπέταξε
1036 825 1109 881 τὴν
1125 824 1279 883 χώραν,
1313 830 1385 869 τοῦ
1411 824 1606 883 ἄρχοντος
1632 825 1757 880 αῧτῆς

159 908 189 943 Ρ
212 908 278 946 711
303 897 344 937 Γ
341 896 504 954 εωργίου
525 898 600 937 τοῦ
612 891 793 946 Τζοῦλου
813 894 855 936 ἓν
871 899 922 951 τῇ
940 892 1080 951 πρώτῃ
1097 898 1307 952 προσβολῇ
1324 895 1640 951 συλληφθέντος.
1664 891 1754 937 τότε
1763 898 1811 933 10

301 967 369 1009 καὶ
388 964 639 1019 Σεναχηρεὶμ
656 960 677 1004 ὃ
698 966 771 1018 τῆς
790 960 874 1004 ἄνω
895 964 1067 1018 Μηδίας
1084 961 1232 1019 ἄρχων,
1275 962 1327 1018 ἢν
1349 963 1644 1020 Ἀσπρακανίαν
1665 962 1757 1005 ὄνο-

301 1033 473 1090 μάζουσι
492 1030 679 1087 σήμερον,
713 1034 772 1088 τῷ
790 1034 956 1084 βασιλεῖ’
970 1032 1153 1087 παγγενεὶ
1173 1031 1450 1089 προσέδραμε,
1479 1032 1554 1086 τὴν
1570 1029 1757 1075 ὑπείκου-

301 1120 378 1145 σαν
404 1101 513 1158 αὖτῷ
541 1098 840 1156 παραδεδωκὼς
859 1097 1021 1142 ἅπασαν
1036 1097 1191 1155 χώραν,
1235 1101 1443 1155 πατρίκιος
1476 1101 1662 1155 τιμηθεὶς
1690 1100 1758 1142 καὶ

303 1170 526 1228 στρατηγὸς
542 1168 849 1218 Καππαδοκίας,
870 1169 937 1209 καὶ
957 1166 1114 1223 κτήσεις
1134 1167 1360 1221 ἀντιλαβὼν
1381 1167 1506 1211 τάσδε
1522 1168 1596 1219 τὰς
1611 1166 1758 1218 πόλεις,

302 1240 376 1294 τὴν
397 1235 661 1292 Σεβάστειαν,
688 1236 762 1291 τὴν
781 1233 1018 1292 Λάρισσαν,
1051 1235 1125 1290 τὴν
1136 1235 1330 1292 Ἄβαραν,
1365 1238 1433 1279 καὶ
1454 1236 1582 1287 ἄλλας
1601 1234 1758 1292 κτήσεις
1770 1238 1814 1274 15

305 1306 470 1356 πολλάς.
539 1302 906 1361 στενοχωρούμενος
931 1304 1008 1362 γὰρ
1041 1298 1157 1354 οὗτος
1183 1302 1262 1346 ὕπὸ
1293 1308 1374 1348 τῶν
1393 1307 1618 1359 προσοίκων
1639 1305 1759 1360 Ἀγα-

306 1379 436 1431 ρηνῶν
455 1375 521 1416 καὶ
539 1373 596 1428 μὴ
619 1370 703 1423 οἷος
722 1372 777 1415 ὢν
797 1372 972 1426 ἀντέχειν
987 1373 1243 1429 προσέδραμε
1261 1378 1321 1431 τῷ
1338 1377 1518 1427 βασιλεῖ,
1552 1372 1764 1430 παραδοιῖς

303 1443 377 1498 τὴν
398 1441 544 1485 ἑαυτοῦ
568 1439 722 1499 χώραν.
790 1435 838 1496 ἧς
861 1440 995 1498 ἄρχειν
1017 1441 1256 1492 ἀποσταλεὶς
1274 1443 1489 1492 Βασίλειος
1514 1443 1721 1499 πατρίκιος
1741 1439 1762 1482 ὃ

303 1511 495 1569 Ἀργυρὸς
515 1511 582 1552 καὶ
602 1515 685 1560 τοῖς
705 1507 814 1559 ὅλοις
832 1510 1003 1559 πταίσας
1022 1507 1271 1566 παραλύεται
1288 1515 1360 1565 τῆς
1380 1511 1532 1566 ἀρχῆς·
1576 1512 1644 1552 καὶ
1673 1509 1763 1552 διά-

256 1594 288 1629 Β
313 1582 432 1634 δοχος
465 1578 588 1621 αὐτοῦ
616 1578 810 1632 πέμπεται
832 1575 1070 1634 Νικηφόρος
1100 1577 1470 1636 πρωτοσπαθάριος
1491 1576 1512 1620 ὃ
1535 1577 1819 1634 Κομνηνός,20

310 1648 357 1698 ὃς
375 1646 478 1690 κατὰ
497 1645 636 1703 χώραν
654 1644 860 1701 γενόμενος
877 1647 945 1687 καὶ
967 1645 1018 1688 τὰ
1045 1646 1118 1700 μὲν
1144 1650 1287 1689 πειθοῖ
1307 1647 1358 1690 τὰ
1388 1647 1434 1689 δὲ
1461 1649 1532 1708 βίᾳ
1556 1645 1766 1704 χρώμενος

311 1713 487 1770 ὑπήκοον
506 1718 563 1772 τῷ
579 1717 742 1768 βασιλεῖ
759 1713 833 1767 τὴν
847 1712 988 1771 χώραν
1009 1715 1181 1769 ἐποίησε.

435 1787 524 1841 ’Τῷ
543 1783 587 1824 δὲ
608 1780 738 1840 ’ςφκεγ
759 1780 834 1824 ἔτει
845 1814 858 1834 ,
888 1784 1131 1833 ῗνδικτιῶνος
1150 1780 1215 1834 ιδ’,
1246 1780 1408 1841 ἀπάρας
1425 1787 1497 1838 τῆς
1513 1784 1724 1837 βασιλίδος
1743 1780 1765 1823 ὃ

404 1902 428 1937 7
450 1898 554 1944 υἱὸν]
575 1897 749 1945 Ἰωάννην
770 1901 801 1936 C
891 1901 914 1936 9
938 1897 1129 1946 ἀδελφοῦ]
1152 1900 1319 1946 γαμβροῦ
1344 1901 1394 1935 C:
1418 1901 1466 1937 cf.
1491 1901 1558 1938 699
1580 1913 1600 1935 c
1692 1901 1768 1934 Boc-

409 1946 544 1981 σιλείου
568 1946 596 1980 Ρ
735 1947 779 1980 10
799 1942 930 1991 τζούλη
954 1947 985 1981 C
1123 1948 1166 1983 16
1190 1944 1406 1992 προσόντων
1433 1946 1463 1981 C
1590 1947 1636 1983 23
1658 1945 1703 1994 ,ς’
1725 1943 1766 1981 δὲ

408 1993 481 2037 φκδ
505 1992 548 2037 C,
572 1992 696 2027 omisso
719 1991 772 2039 τῷ

314 2099 396 2129 tzae
419 2093 571 2137 castella,
593 2092 681 2127 duee
698 2092 842 2139 Xiphia.
870 2092 931 2138 qui
954 2094 1112 2129 omnibus
1135 2105 1223 2139 quae
1245 2093 1314 2129 sita
1337 2097 1437 2129 erant
1455 2093 1494 2129 in
1515 2093 1661 2140 planitie
1683 2094 1767 2128 sub-

315 2140 415 2183 actis,
440 2139 616 2174 castellum
640 2138 696 2173 cui
721 2140 835 2174 Boion
857 2150 980 2174 nomen
1004 2139 1229 2185 expugnavit.
1483 2151 1487 2156 ·

407 2186 601 2231 Imperator
623 2184 749 2230 cpolin
773 2196 935 2220 reversus
957 2185 1118 2220 Ianuario
1144 2197 1272 2230 mense,
1299 2196 1388 2219 anno
1412 2185 1529 2220 mundi
1551 2185 1653 2230 6524,
1679 2185 1769 2220 clas-

315 2242 389 2266 sem
409 2231 446 2265 in
469 2231 690 2266 Chatzariam
712 2231 838 2276 mittit,
871 2232 959 2265 duce
985 2231 1115 2276 Mongo
1142 2230 1332 2266 Andronici
1365 2231 1453 2265 duce
1482 2231 1578 2276 Lydi
1602 2231 1690 2266 filio.
1737 2231 1770 2265 is

315 2277 504 2312 adiuvante
525 2277 688 2322 Sphengo
712 2278 823 2312 fratre
845 2277 1053 2322 Bladimeri‚
1086 2277 1161 2312 eius
1183 2277 1243 2324 qui
1266 2276 1390 2311 Basilii
1420 2277 1642 2322 imperatoris
1665 2283 1771 2312 ‘soro-

315 2335 390 2358 rem
411 2323 448 2357 in
472 2322 686 2357 matrimonio
709 2323 871 2368 habebat,
902 2323 1079 2368 regionem
1099 2334 1174 2358 eam
1195 2323 1345 2368 subegit,
1376 2322 1535 2368 principe
1555 2323 1630 2358 eius
1653 2324 1771 2357 Geor·

317 2369 376 2414 gio
402 2369 514 2402 Tzulo
537 2368 574 2403 in
597 2368 707 2422 primo
731 2369 895 2404 conflictu
917 2375 1032 2414 capto.
1078 2374 1163 2404 tunc
1185 2369 1288 2403 etiam
1311 2369 1588 2412 Senacherimus,
1610 2368 1770 2423 superio-

317 2414 369 2448 ris
390 2414 529 2449 Mediae
552 2426 736 2460 pnnceps,
761 2426 860 2460 quam
883 2415 988 2449 hodie
1009 2415 1255 2461 Aspracaniam
1280 2415 1474 2459 nominant,
1507 2425 1581 2450 cum
1605 2425 1770 2449 umversa

321 2470 385 2494 sua
416 2460 546 2494 familia
578 2459 781 2506 imperatori
811 2460 979 2505 accessit,
1015 2461 1145 2495 tradita
1177 2461 1211 2495 ei
1237 2472 1301 2495 sua
1328 2460 1484 2504 dicione,
1520 2461 1613 2505 quod
1642 2460 1770 2495 vicinis

320 2506 490 2549 Agarenis
518 2505 632 2550 ipsum
655 2507 889 2552 prementibus
910 2507 954 2540 ad
973 2506 1202 2541 resistendum
1235 2518 1304 2541 non
1335 2505 1421 2540 satis
1450 2506 1596 2541 haberet
1621 2505 1770 2547 virium;

323 2557 446 2595 estque
477 2552 590 2585 factus
622 2551 790 2597 patricius
824 2558 859 2587 et
891 2552 1136 2598 Cappadociae
1164 2553 1253 2595 dux,
1288 2563 1369 2586 rece
1394 2551 1492 2597 itque
1516 2563 1601 2586 suae
1622 2551 1770 2586 dicionis

324 2596 402 2629 loco
429 2597 628 2631 Sebasteam
650 2597 827 2633 Larissam
849 2600 997 2633 Abaram
1020 2600 1124 2633 urbes
1150 2598 1288 2643 aliaque
1310 2608 1342 2631 m
1378 2602 1416 2632 ta
1438 2597 1596 2642 praedia.
1637 2597 1771 2651 Aspru-

329 2640 449 2675 caniae
482 2648 595 2677 autem
625 2642 812 2688 imperator
839 2644 1009 2690 praefecit
1031 2644 1197 2678 Basilium
1225 2643 1409 2689 patricium
1428 2643 1622 2688 Argyrum3
1647 2653 1703 2677 cm
1725 2643 1772 2676 ob

328 2697 402 2720 rem
425 2687 511 2722 male
532 2692 663 2732 gestam
689 2690 889 2734 abrogatum
910 2689 1111 2735 imperium,
1146 2695 1183 2724 et
1206 2699 1387 2724 successor
1405 2688 1530 2723 missus
1551 2689 1772 2734 Nicephorus

330 2731 524 2766 Comnenus
548 2735 866 2780 protospatharius,
906 2735 968 2781 qui
989 2735 1202 2782 provinciam
1226 2745 1293 2780 qua
1314 2734 1432 2769 verbis
1455 2745 1525 2780 qua
1542 2734 1580 2769 vi
1602 2745 1684 2768 usus
1706 2732 1772 2767 im-

329 2777 484 2822 peratori
506 2778 665 2814 subiecit.

420 2823 553 2858 Eodem
574 2836 674 2870 anno,
698 2825 887 2862 indictione
909 2824 972 2872 14,
1000 2826 1189 2872 imperator
1206 2826 1291 2861 urbe
1313 2832 1475 2871 egressus
1496 2826 1533 2859 in
1559 2823 1774 2859 Triaditzam
