1916 3210
356 198 454 248 914
956 191 1204 241 FABROTI

469 303 772 373 κουρσωρες
798 318 974 345 cursores.
1030 306 1187 344 suidas·
1215 306 1335 359 κοῦρε
1359 302 1560 358 Ῥωμαϊστὶ
1585 306 1710 360 τρέχε,
1738 306 1802 349 ἔν·

357 370 434 406 θεν
461 379 527 404 και
554 359 788 415 κούρσωρες.
843 366 956 409 θεῖος
985 358 1186 414 κούρσωρ,
1216 376 1340 400 cursor
1369 364 1608 413 imperatoris.
1663 364 1802 404 Can-

358 422 433 459 rius
454 419 535 457 dial.
555 421 582 459 2
603 431 700 470 resp.
724 420 799 460 107
816 417 861 455 B.
918 418 1198 468 Chrysostomus
1216 418 1272 457 vel
1288 419 1410 469 potius
1425 423 1550 457 auctor
1568 419 1733 459 homiliae
1753 421 1802 459 de

357 477 454 514 iusto
482 479 518 512 et
545 475 654 513 beato
683 474 771 522 Iob,
800 485 895 523 quac
924 478 1044 512 exstat
1068 476 1219 515 tomo‘6
1246 487 1347 525 oper.
1375 474 1426 512 D.
1483 473 1701 524 Chryso-ta.
1716 489 1804 522 πως

357 527 636 571 ἀποστέλλουσι
672 526 766 576 τούς
807 529 983 580 δρομεῖς,
1023 525 1254 597 κούρσωρας
1289 528 1558 581 καλουμένους
1590 529 1804 581 Ῥωμαϊστί.

356 586 621 635 Philostorgius
647 585 731 623 hist.
760 585 885 623 eccles.
906 585 929 623 l.
951 588 997 626 2.
1025 581 1214 636 κάκείνην
1237 583 1279 625 δὲ
1300 582 1422 624 πάλιν
1446 583 1706 636 φωραθεῖσοῖν
1725 601 1804 627 τινι

355 644 436 682 τῶν
459 637 698 693 κουρσώρων
720 639 979 692 μοιχωμὲνην.
1035 654 1214 680 cursorem
1240 641 1410 690 intelligit
1435 639 1610 680 Libanius
1637 646 1729 680 orat.
1747 644 1809 684 25-

356 698 404 736 de
430 698 596 736 honorib.
626 698 674 734 ad
704 696 887 735 Eustatha
919 696 1050 737 ἔπειτα
1072 693 1170 736 οὔθ’
1189 713 1210 737 o
1231 701 1324 744 παῖς
1344 692 1440 748 ἧκεν
1465 693 1565 737 οὔθ’
1586 691 1642 736 ων
1661 696 1743 738 ἐστὶ
1753 694 1803 737 τό

354 752 515 805 τρέχειν.
572 752 722 791 Petron.
755 756 826 791 vet.
858 753 963 791 inser.
994 766 1031 804 p·
1061 755 1141 794 600
1184 752 1248 794 15.
1290 754 1478 791 Firmicus.
1533 752 1660 804 Lupus
1689 754 1804 792 abbas

356 810 461 860 epist.
480 809 567 846 ulta
599 821 733 845 cursor
757 815 902 854 noster,
931 808 1052 846 donec
1075 810 1297 854 veniamus,
1322 809 1511 859 pauperis
1531 808 1643 860 apud
1659 822 1727 849 vos
1744 809 1805 847 lo—

356 878 448 902 cum
477 863 667 914 implebit.
727 864 770 903 P.
800 864 963 903 Blesens.
995 877 1054 916 ep.
1080 863 1155 906 41:
1184 878 1357 902 cursores
1386 861 1558 902 diversos
1586 872 1808 903 nostrorum

356 920 616 971 exploratores
643 921 826 956 itinerum
850 927 943 957 ante
956 920 1112 971 faciem
1134 934 1262 958 meam
1282 922 1587 973 circumquaque
1596 923 1798 986 praemisi.

354 976 557 1016 Adventius
584 975 803 1015 Metensium
830 978 1021 1028 episcopus
1053 978 1102 1015 ad
1130 977 1320 1016 Nicolaum
1351 977 1435 1016 ΡΡ,
1465 991 1535 1014 nos
1556 984 1686 1015 tamen
1704 979 1806 1015 inter

355 1033 434 1069 ista
457 1033 524 1069 vix
549 1045 674 1069 unum
701 1045 911 1077 cursorem,
939 1032 1167 1084 religiosum
1187 1033 1369 1071 videlicet
1384 1033 1652 1084 presbyterum
1679 1033 1804 1071 Theo-

357 1088 536 1125 dericum
561 1089 734 1134 nomine,
767 1089 1035 1139 compendioso
1062 1090 1199 1126 itinere
1221 1103 1312 1126 cum
1327 1091 1598 1139 prosecutione
1613 1102 1805 1139 praesen—

355 1146 456 1181 tium
487 1144 691 1181 literarum
717 1144 776 1182 ad
798 1151 967 1182 vestram
985 1145 1152 1196 dirzjgere
1164 1147 1370 1195 potuimus
1390 1145 1647 1182 clementiam.
1706 1146 1803 1185 Pau-

353 1200 447 1238 linus
468 1201 573 1250 epist.
598 1199 670 1242 24:
698 1207 744 1236 ut
770 1214 966 1238 cursorem
991 1201 1248 1238 Dominio-um
1278 1201 1552 1239 Cardamatem
1575 1203 1743 1252 signatio
1761 1203 1804 1239 in

355 1255 441 1307 lege
455 1256 594 1293 diuina
611 1257 863 1306 antiquorum
881 1257 1072 1294 velocium
1089 1257 1296 1294 laudemus
1314 1258 1510 1308 exemplis.
1554 1271 1676 1296 cursor
1693 1259 1806 1307 igitur
1859 1271 1861 1274 ·

354 1325 423 1363 pro
448 1312 583 1350 famulo
610 1313 797 1363 accipitur,
828 1326 934 1363 quem
956 1314 1066 1352 hodie
1087 1314 1222 1352 Graeci
1242 1309 1422 1362 ουλακις,
1454 1313 1550 1352 Galli
1571 1327 1628 1350 un
1644 1313 1805 1364 laqueis

354 1373 501 1406 vocant.
557 1367 707 1407 Laonic.
739 1369 1020 1418 Chalcondylas:
1049 1371 1263 1409 καλοῦνται
1290 1367 1332 1409 δὲ
1360 1370 1469 1409 οὑτοι
1499 1368 1540 1408 οἰ
1560 1365 1718 1421 κύρικες
1738 1384 1805 1410 ου-

355 1424 525 1471 λακίδες.
583 1423 640 1462 vel
665 1437 731 1474 pro
756 1425 944 1463 tabellario
968 1438 1059 1464 eove
1082 1438 1188 1476 quem
1213 1426 1261 1464 ad
1286 1426 1422 1475 aliquid
1446 1426 1701 1475 perferendum
1719 1426 1804 1463 mit-

354 1481 475 1518 timus.
530 1493 742 1529 procur-sor
782 1482 819 1519 in
858 1481 942 1520 hist.
979 1480 1084 1521 Misc.
1122 1486 1159 1520 et
1189 1481 1371 1519 Anastasii
1405 1481 1568 1520 biblioth.
1599 1481 1684 1521 hist.
1716 1481 1804 1520 eccl.

355 1535 499 1574 Graece
519 1540 598 1582 est,
626 1536 775 1586 opinor,
804 1532 1144 1602 πρωτοκούρσωρ,
1173 1539 1309 1588 primus
1329 1549 1522 1575 cursorum.
1578 1533 1808 1590 κου’ρσωρες

356 1592 465 1629 etiam
500 1564 670 1629 dicuiitur
700 1592 829 1631 milites
859 1594 922 1643 qui
952 1593 1035 1631 belli
1065 1598 1228 1660 tempore
1259 1593 1481 1632 incursiones
1519 1593 1665 1631 faciunt.
1721 1592 1802 1631 Leo

354 1646 458 1686 Taet.
482 1659 512 1684 c.
535 1650 562 1687 7
585 1645 612 1698 ὃ
633 1649 697 1688 36.

465 1714 696 1750 κουσπος
727 1704 863 1768 cippus.
919 1705 1077 1743 Lexicon
1100 1708 1204 1744 vetus
1228 1670 1391 1744 biblioth.
1415 1704 1576 1754 Regiae.
1607 1702 1803 1757 ζατρίκιον

354 1755 376 1797 ὁ
393 1758 589 1805 κοῦσπος,
620 1773 660 1798 το
684 1761 762 1798 τῶν
781 1754 936 1799 δούλων
954 1757 1225 1811 κολαστήριον.
1279 1761 1338 1798 alii
1356 1756 1586 1811 ποδοκᾶκην
1606 1764 1800 1811 exponunt.

354 1814 443 1863 quid
469 1815 515 1850 sit
545 1817 664 1852 autem
691 1810 899 1885 ποδοκακη
927 1816 1080 1867 explicat
1103 1817 1251 1855 Simeon
1277 1816 1573 1867 Metaphrastes
1565 1829 1602 1853 ιιι
1620 1815 1802 1854 Luciano:

353 1867 419 1908 mxl
448 1871 564 1908 τοῦτο
593 1867 665 1919 μὲν
693 1870 747 1917 εἷς
773 1868 849 1922 τη“ν
877 1868 1108 1922 ποδοκάκην
1137 1869 1284 1921 (ξύλον
1313 1870 1356 1912 δὲ
1383 1871 1582 1923 προμηκές
1599 1870 1677 1912 ἔστι
1697 1883 1804 1923 στρε-

357 1922 609 1976 βλωτήριον)
639 1921 887 1976 ἀμφοτέρους
917 1924 1041 1968 αὐτου
1069 1943 1163 1976 τους
1191 1926 1320 1975 πόδας
1352 1926 1602 1979 ἐνεβίβαζον,
1634 1926 1698 1968 ἐπὶ
1719 1926 1804 1967 τὲσ·

358 1992 458 2032 σαρα
476 1978 654 2032 τρήματα
673 1979 1011 2033 διελκύσαντες,
997 1981 1091 2037 άπερ
1109 1983 1188 2025 ἐστὶ
1208 2000 1252 2025 το
1272 1986 1343 2036 τῆς
1361 1984 1549 2037 τιμωρίας
1569 1981 1715 2036 ταύτης
1734 1984 1804 2036 βα-

354 2033 533 2088 ρύτερον.

466 2088 632 2144 κυνήγ
646 2108 727 2133 ιον
751 2097 854 2133 locus
878 2096 915 2133 in
942 2108 1014 2145 quo
1040 2096 1188 2134 venatio
1209 2096 1405 2134 bestiarum
1423 2096 1472 2133 ad
1491 2095 1614 2147 populi
1632 2095 1802 2146 volupta·
1808 2141 1811 2142 ⁷

353 2151 426 2186 tem
457 2149 703 2188 exhibebatur.
761 2151 844 2189 hinc
868 2150 1032 2203 κυνηγοὶ
1052 2147 1296 2203 θηριομάχοι
1322 2153 1359 2189 ἰιι
1386 2151 1526 2189 Glossis
1554 2151 1732 2199 No'micis,
1761 2152 1800 2189 id

353 2209 412 2242 est
438 2204 618 2251 bestiarii3
648 2206 695 2244 de
717 2207 846 2256 quibus
871 2207 1007 2257 plenius
1032 2208 1081 2245 ibi
1105 2209 1234 2245 dicam.
1291 2207 1328 2244 in
1354 2220 1398 2246 eo
1423 2207 1636 2258 supplicium
1659 2208 1709 2245 de
1727 2207 1799 2246 reis

351 2259 532 2297 interdum
552 2263 774 2303 sumebatur.
833 2263 1083 2313 Nicephorus
1075 2277 1113 2301 ιιι
1132 2264 1317 2302 Breviario
1332 2263 1523 2301 historico:
1551 2261 1738 2314 ἐκπέμπει
1757 2261 1800 2302 ἐν

351 2314 407 2369 τῷ
434 2315 663 2371 καλουμένῳ
689 2319 863 2387 κυνηγίῳ
887 2322 1090 2386 τμηθῆναι
1111 2316 1180 2365 τας
1198 2314 1385 2369 κεφαλας.
1441 2319 1547 2357 item:
1578 2317 1622 2358 ἐν
1647 2321 1703 2372 τῷ
1728 2320 1800 2370 τῆς

351 2356 500 2418 πόλεως
517 2373 691 2440 κυνηγίῳ
714 2389 788 2425 την
809 2372 987 2426 κεφαλην
1009 2370 1134 2414 αὐτοῦ
1153 2370 1436 2440 αποτμηθηναι
1457 2373 1700 2426 προστέταχε.

463 2426 703 2480 κυριακή,
734 2429 991 2481 κυριακόν.
1049 2432 1119 2482 μία
1140 2427 1360 2482 σαββάτων.
1417 2443 1488 2468 una
1504 2430 1691 2478 sabbathi,
1719 2430 1798 2469 dies

351 2482 565 2524 dominicus
624 2486 659 2525 b.
688 2486 886 2554 Gregorius
911 2486 1097 2535 Nyssenus
1122 2485 1218 2537 πρὸς
1236 2483 1330 2533 τούς
1349 2482 1595 2536 αχθομὲνους
1609 2489 1695 2533 ταῖς
1712 2485 1807 2526 §nt-«-

351 2535 548 2602 τιμήσεσιτ
579 2541 723 2588 ποίοις
732 2557 806 2595 γαρ
828 2538 1056 2592 ὀφθαλμοῖς
1073 2539 1148 2593 τὴν
1164 2557 1360 2594 κυριακην
1379 2540 1477 2595 ὁρᾷς
1496 2540 1520 2581 o‘
1540 2538 1734 2593 ατιμασας
1752 2538 1795 2581 vd

352 2590 574 2645 σαββατονς
603 2597 639 2636 b.
669 2598 868 2647 Gregorius
898 2598 1151 2636 Nazianzenus
1181 2603 1271 2636 orat.
1295 2599 1356 2638 19
1414 2611 1448 2635 v.
1476 2597 1629 2648 Niceph.
1655 2597 1796 2636 Callist.

350 2650 378 2687 7
410 2648 478 2690 46.
535 2664 607 2689 una
641 2654 806 2691 sabbathi
834 2658 890 2692 est
915 2655 992 2692 dies
1018 2655 1238 2701 dominicus,
1266 2655 1399 2705 primus
1429 2653 1506 2690 dies
1530 2653 1794 2691 hebdomadae.

349 2703 590 2744 Oecumenius
620 2708 655 2746 iu
685 2711 837 2759 primam
861 2710 909 2747 ad
933 2711 1138 2747 Corinthios
1159 2723 1188 2748 c.
1210 2713 1253 2752 9:
1287 2710 1382 2760 μίαν
1407 2705 1621 2773 σαββατων
1634 2723 1708 2760 την
1728 2723 1797 2748 κυ-

347 2772 492 2811 ριακην
521 2760 661 2814 λέγει.
691 2765 983 2815 Theophylactus
1009 2767 1056 2804 ad
1082 2779 1113 2804 c.
1138 2767 1188 2806 18
1212 2765 1346 2804 Lucae.
1372 2765 1466 2815 μίαν
1491 2760 1699 2830 σαββατων
1721 2777 1796 2814 την

345 2828 507 2868 πρωτην
532 2816 685 2871 ἡμέραν
711 2823 782 2873 τῆς
807 2817 1027 2873 ἕβδομαδος
1053 2837 1126 2874 την
1153 2816 1253 2875 παρ’
1278 2819 1377 2874 ημῖν
1396 2817 1589 2875 κυριακήν
1608 2815 1794 2861 ἐκαλουν.
