1890 3236
279 214 378 264 418
752 203 990 255 GEORGH
1025 209 1269 266 cannam

280 330 315 372 εἲ
347 327 434 370 ἀντὶ
463 329 543 367 τῶν
576 323 650 366 ὕπ’
682 323 808 366 αὗτοῦ
835 322 1054 379 γενομένων
1082 319 1465 378 ἀνδραγαθημάτων
1487 339 1529 366 τε
1553 324 1622 368 καὶ
1643 339 1739 380 τρο-

279 397 408 439 παίων
434 391 624 443 τοιαύτας
654 390 939 446 ἀντιλαμβάνει
966 390 1042 441 τὰς
1073 388 1274 445 ἀμοιβάς,
1308 391 1370 432 ἐπὶ
1403 389 1449 432 τὸ
1472 396 1610 448 χεῖρον
1635 403 1739 448 προ-

280 462 463 513 κόπτων,
523 460 598 503 κᾶν
639 460 773 515 ὀλίγον
811 459 838 514 ἠ
880 459 996 504 οὐδὲν
1039 463 1097 518 τῷ
1142 458 1491 516 παρακοιμωμὲνῳ
1535 450 1737 515 ἓμέληόεν,

226 543 257 577 Β
281 533 440 587 ἀγαπᾶν
481 527 630 571 εἶπόντι
669 535 753 578 τοῖς
792 528 1021 582 δεδομένοις
1057 528 1124 569 καὶ
1153 527 1221 581 μὴ,
1242 523 1419 570 ε’πέκειῖια
1447 529 1738 585 πολυπραγμῖο*

277 606 381 650 νεῖν,
416 599 451 640 εἷ
475 595 534 652 μή
562 614 639 640 που
665 597 800 652 μέλλει
824 596 911 639 ἀντὶ
933 594 1128 654 ἄρχοντος
1147 595 1332 654 οἷκουρὸς
1352 595 1521 639 ἔσεσθαι
1541 599 1614 650 τῆς
1634 595 1771 646 lolam

280 667 421 717 οῗκίας.
1719 667 1725 684 ³
1786 673 1789 676 '

416 731 585 776 Τούτων
607 732 652 775 δὲ
672 730 800 783 οὕτως
819 730 1165 787 οἲκονομηθὲντων
1182 736 1239 790 τῷ
1261 730 1608 789 παρακοιμωμένῳ
1631 725 1740 774 ἀπᾶ-

279 821 355 861 ρας
375 801 396 844 ὅ
420 800 588 859 Βάρδας
609 805 681 856 τῆς
701 802 914 855 βασιλίδος
934 801 1009 844 σὺν
1030 799 1142 854 τάχει
1162 804 1300 859 πολλῷ
1324 800 1396 855 τὴν
1421 800 1738 857 ἓγχειρισθεῒσαν

278 872 387 930 αὐτῷ
417 868 719 923 καταλαμβάνει
751 867 891 927 ἀρχήν.
959 869 1000 911 ἓν
1021 870 1065 911 δὲ
1086 875 1174 919 ταῖς
1190 869 1540 926 προηγησαμέναις
1563 883 1739 925 στρατη-

276 941 381 996 γίαις
400 938 603 995 ἐμβριθὴς
624 935 817 988 πολλάκις
836 938 974 995 φανεὶς
997 939 1065 979 καὶ
1090 935 1354 993 δραστήριος,
1389 938 1457 980 καὶ
1479 934 1558 979 ὖπό
1588 935 1737 986 παντὸς
1748 941 1792 978 10

278 1007 334 1059 ὥς
353 1008 446 1058 ἔπος
466 1009 585 1049 εἷπεῖν
605 1010 678 1048 τοῦ
698 1010 875 1063 στρατοῦ
896 1006 1096 1062 φιληθείς,
1119 1007 1186 1047 καὶ
1206 1006 1307 1063 πρὸς
1326 1004 1500 1055 πολλοὺς
1518 1003 1588 1054 οὓς
1607 1001 1737 1060 ἐθάρ-

278 1094 338 1132 ρει
361 1077 406 1119 τὸ
424 1080 501 1144 ,τῆς
520 1075 686 1129 μελέτης
704 1072 1032 1131 παραγυμνῶσας
1050 1072 1294 1130 μυστήριον,
1328 1075 1395 1116 καὶ
1412 1076 1568 1127 μᾶλλον
1586 1075 1646 1131 τῷ
1659 1070 1737 1115 τά·-

277 1162 400 1201 γματι
421 1148 500 1186 τῶν
521 1147 826 1200 στρατηλατῶν,
863 1141 954 1199 ἄρτι
974 1159 1014 1185 τε
1035 1142 1175 1198 καιρὸν
1197 1143 1350 1197 οἰηθεὶς
1370 1139 1591 1197 ἐπιτήδειον
1612 1142 1668 1191 εἰς
1687 1139 1733 1182 τὸ

277 1210 542 1266 ἀνακαλύψαι
561 1211 607 1254 τὸ
629 1210 971 1265 σπουδαζόμενον,
995 1210 1098 1265 μετὰ
1118 1214 1199 1253 τῶν
1221 1210 1451 1279 ἐπιτηδείων
1468 1207 1735 1264 σκεψάμενος,

275 1280 325 1336 ἢν
346 1282 388 1323 ἐκ
408 1284 575 1337 μακρῶν
596 1279 735 1322 ὤδινεν
757 1280 955 1322 ἀποτίκτει
973 1279 1242 1331 ἀποστασίαν,
1277 1280 1345 1320 καὶ
1371 1277 1474 1320 κατὰ
1503 1282 1583 1320 τῶν
1608 1281 1731 1330 βασι·
1747 1282 1789 1318 15

227 1355 259 1389 C
283 1350 381 1392 λε’ων
400 1350 467 1390 καὶ
490 1353 569 1390 τῶν
593 1345 811 1405 ὁμοφύλων
837 1347 939 1403 αἶ’ρει
963 1348 1014 1389 τὰ
1037 1346 1156 1389 ὅπλα.
1225 1347 1349 1397 εὐθὺς
1375 1340 1446 1389 οὖν
1469 1344 1622 1399 Ἄνθην
1645 1345 1748 1388 ‘cmi‘

275 1417 454 1471 τοῦνομα
464 1449 477 1468 ,
505 1415 702 1471 Ἀλυάτην
723 1416 795 1471 τὴν
816 1417 1106 1473 προσηγορίαν,
1139 1415 1191 1458 τά
1213 1414 1390 1469 μάλιστα
1409 1413 1507 1457 ὄντα
1524 1414 1637 1472 αὐτῷ’
1654 1417 1734 1456 τῶν

275 1483 612 1543 δραστικωτάτων
630 1483 861 1541 ὑπηρετῶν,
897 1485 937 1534 ἒς
955 1484 1029 1538 τὴν
1046 1485 1235 1537 βασιλίδα
1255 1484 1420 1538 πέμπει,
1447 1481 1576 1534 ὅπως,
1605 1484 1640 1524 εἰ
1659 1479 1732 1524 δῦ-

274 1571 385 1597 ναιτο
397 1585 411 1606 ,
441 1552 648 1607 Ῥωμανὸν
668 1552 737 1594 τὸν
759 1551 904 1594 ἑαυτοῦ
924 1553 1078 1606 κλέψας
1099 1551 1187 1593 υἱὸν
1222 1551 1361 1606 (ἔτυχε
1381 1550 1459 1607 γὰρ
1479 1552 1661 1610 ἐνδημῶν
1682 1554 1733 1606 τῇ

273 1620 575 1678 βασιλευούσῃ)
607 1620 708 1678 πρὸς
730 1620 851 1663 αὐτὸν
870 1620 1076 1678 ἀφίκηται.
1144 1618 1166 1661 ὃ
1191 1620 1235 1662 δὲ
1256 1618 1464 1675 γενόμενος
1478 1620 1520 1660 ἓν
1538 1622 1588 1675 τῇ
1604 1616 1788 1669 πόλει,20
1806 1625 1810 1630 “

274 1691 343 1732 καὶ
365 1688 496 1732 πάντα
519 1688 667 1745 τρόπον
688 1692 829 1731 λαθεῖν
850 1687 1097 1744 ἐπειγόμενος
1105 1719 1118 1739 ,
1153 1686 1294 1745 φήμας
1317 1688 1364 1729 οὗ
1388 1686 1516 1737 καλὰς
1536 1686 1641 1728 κατὰ
1661 1691 1732 1728 τοῦ

276 1760 462 1814 Σκληροῦ
493 1758 711 1814 ἕνέσπειρε,
747 1756 806 1800 δι’
840 1751 895 1799 ὧν
923 1761 1065 1799 λαθεῖν
1081 1773 1122 1798 τε
1139 1755 1327 1811 ἠδυνήθη
1346 1753 1572 1805 ἀνύποπτος
1593 1755 1733 1812 φανεὶς

274 1828 342 1868 καὶ
363 1824 650 1882 τόνῬωμανόν
673 1824 907 1880 ἀποκλέψας
927 1824 1026 1883 πρὸς
1042 1824 1111 1868 τὸν
1125 1823 1308 1882 Σκληρὸν
1328 1824 1504 1880 ἀγαγεῖν.
1571 1820 1592 1864 ὅ
1615 1820 1731 1879 Βάρ-

273 1956 392 1992 verbis
424 1955 462 1991 in
494 1960 668 1991 auctorem
700 1954 955 1991 contumeliosis
985 1954 1051 1999 sit,
1085 1953 1147 1999 qui
1175 1954 1286 2000 ipsum
1315 1966 1379 2000 pro
1408 1965 1524 1989 rerum
1550 1953 1732 1999 praeclare

271 2006 446 2047 gestarum
475 2003 767 2047 victoriarumque
797 2006 972 2047 partarum
1003 2000 1161 2035 mercede
1192 2002 1234 2034 ab
1266 2000 1366 2045 equis
1399 2001 1514 2046 (quod
1535 1999 1655 2044 aiunt)
1686 1999 1731 2034 ad

273 2048 390 2082 asinos
425 2049 638 2083 detruderet.
686 2049 749 2082 sed
779 2059 920 2093 praeses
943 2047 1014 2080 ista
1037 2046 1094 2081 vel
1120 2058 1240 2091 parum
1265 2047 1323 2080 vel
1346 2046 1432 2080 nihil
1456 2045 1613 2091 curavit,
1645 2056 1730 2079 cou-

271 2099 403 2128 tentum
443 2105 518 2128 eum
558 2106 637 2128 esse
672 2094 797 2129 iubens
832 2093 877 2127 iis
910 2104 1000 2138 quae
1031 2092 1202 2127 dabantur
1231 2103 1344 2137 neque
1371 2091 1517 2126 ulterius
1547 2091 1730 2137 quicquam

271 2144 430 2219 ῐρηὲεὶιτο,
462 2140 531 2174 nisi
561 2139 592 2174 si
623 2139 729 2175 vellet
757 2139 882 2174 amisso
906 2138 1108 2183 magistratu
1130 2137 1287 2185 privatus
1310 2137 1348 2172 in
1371 2138 1505 2172 domum
1525 2148 1622 2173 suam
1644 2147 1729 2171 con·

271 2196 291 2218 c
307 2196 327 2219 u
369 2208 378 2218 .
458 2215 460 2217 .

362 2229 430 2264 His
452 2230 503 2265 ita
526 2242 547 2265 a
569 2230 732 2276 praeside
756 2229 952 2265 constitutis
974 2230 1107 2264 Bardas
1129 2228 1246 2264 Durus
1266 2226 1446 2262 celerrime
1466 2226 1504 2261 in
1526 2238 1622 2263 suam
1644 2239 1728 2274 pro-

270 2274 420 2310 vinciam
452 2277 696 2321 proficiscitur.
744 2282 782 2311 et
813 2287 888 2309 cum
910 2276 1148 2321 superioribus
1171 2274 1385 2320 temporibus
1408 2273 1519 2318 gestis
1541 2273 1728 2318 magistra-

269 2321 363 2355 tibus
386 2322 592 2366 gravitatem
615 2328 720 2368 atque
744 2322 988 2356 efficacitatem
1012 2333 1107 2356 suam
1129 2331 1378 2365 saepenumero
1401 2318 1631 2364 declarasset,
1664 2331 1727 2354 ne-

270 2377 339 2411 que
366 2367 443 2401 sere
465 2368 646 2413 quisquam
667 2369 704 2403 in
729 2367 885 2402 exercitu
909 2379 984 2402 eum
1009 2379 1078 2402 non
1100 2371 1250 2411 amaret,
1274 2366 1319 2400 ad
1339 2365 1426 2399 haec
1446 2365 1513 2399 iam
1534 2369 1616 2400 ante
1636 2365 1728 2400 haud

271 2412 392 2457 paucis
427 2413 552 2457 quibus
583 2414 714 2449 fidebat
744 2425 906 2448 arcanum
937 2424 1034 2448 suum
1055 2424 1120 2458 per
1144 2413 1306 2457 ambages
1332 2410 1542 2446 ostendisset
1563 2410 1726 2456 proposi-

270 2463 361 2502 tum,
396 2459 586 2511 praecipue
608 2460 751 2495 ducibus
774 2460 936 2503 militum,
970 2465 1053 2494 tunc
1074 2471 1113 2493 se
1135 2462 1272 2504 tempus
1293 2461 1388 2492 ratus
1411 2460 1641 2502 opportunum
1663 2456 1726 2491 ha-

269 2502 355 2536 bere
379 2515 453 2538 eius
477 2504 659 2549 vulgandi‚
695 2517 735 2540 re
758 2517 833 2540 cum
857 2505 1064 2539 necessariis
1087 2503 1351 2546 communicata,
1383 2501 1420 2536 id
1443 2502 1536 2546 quod
1558 2502 1618 2537 diu
1641 2513 1725 2548 par-

270 2548 418 2583 turierat
439 2548 578 2594 imperii
601 2551 780 2586 obtinendi
802 2551 951 2586 studium
974 2551 1112 2585 tandem
1133 2549 1171 2584 in
1194 2549 1304 2584 lucem
1328 2548 1419 2592 edit,
1450 2558 1614 2592 armaque
1640 2559 1725 2582 con-

268 2597 324 2627 tra
355 2594 583 2639 imperatores
618 2601 655 2630 et
685 2597 874 2643 populares
909 2608 988 2631 suos
1023 2597 1129 2642 capit.
1186 2595 1280 2629 illico
1314 2594 1486 2638 Anthem,
1519 2592 1724 2638 cognomine

270 2637 448 2691 Al-yatam‚
485 2641 718 2676 ministrorum
748 2654 887 2677 suorum
917 2642 1063 2677 maxime
1093 2640 1318 2684 industrium,
1353 2638 1480 2684 cpolin
1503 2638 1628 2682 mittit,
1663 2637 1724 2684 qui

268 2683 375 2717 fillum
407 2685 556 2720 Bardam
588 2687 780 2722 Romanum
814 2693 897 2722 tunc
921 2689 959 2722 in
980 2689 1066 2722 urbe
1087 2689 1266 2732 degentem
1287 2686 1332 2721 ad
1353 2697 1410 2729 se,
1446 2685 1547 2719 modo
1577 2684 1614 2718 id
1644 2683 1723 2719 fieri

268 2733 407 2773 posset,
432 2731 631 2767 adduceret.
678 2733 810 2768 Anthes
834 2745 909 2768 cum
933 2746 974 2768 eo
999 2736 1170 2777 venisset,
1201 2732 1316 2767 omnia
1338 2743 1382 2766 ne
1403 2730 1722 2776 deprehenderetur

269 2780 498 2828 commentus,
532 2777 693 2813 sinistros
728 2780 772 2813 de
804 2779 901 2814 Duro
931 2791 1086 2814 rumores
1116 2779 1312 2824 spargendo
1347 2778 1438 2812 omni
1460 2788 1500 2811 se
1521 2774 1720 2820 suspicione

267 2831 343 2854 eius
367 2822 459 2866 quod
481 2823 685 2858 moliebatur
707 2824 888 2859 liberavitz
910 2825 1029 2869 itaque
1052 2825 1187 2860 nemine
1210 2826 1418 2858 observante
1438 2822 1625 2856 Romanum
1643 2820 1721 2854 suf-

266 2866 404 2901 furatus
427 2878 470 2902 ex
494 2869 581 2903 urbe
603 2869 648 2904 ad
670 2874 805 2916 patrem
834 2871 1010 2915 perduxit.
1060 2876 1144 2907 tunc
1176 2870 1309 2910 demum
1340 2869 1456 2904 Durus
1489 2867 1527 2902 in
1562 2870 1718 2914 apertum
