1890 3236
292 197 393 247 400
760 196 1000 242 GEORGII
1033 196 1276 242 CEDRENI

294 313 492 365 δέξασθαι
512 309 580 354 τὸν
599 308 761 366 ἀγῶνα)
791 307 909 365 μόλις
933 310 972 354 οἷ
987 307 1088 361 ‘Peg
1107 305 1365 368 ἀπειρηκότες
1383 311 1485 370 πρὸς
1498 313 1594 366 τοὺς
1611 312 1749 359 κινδό-

294 399 388 430 νους
417 378 584 436 ἀκόσμῳ
615 381 726 435 φυγῇ
754 377 856 435 πρὸς
885 378 932 422 τὸ
962 380 1099 422 πεδίον
1123 379 1378 424 ἓσκίδναντο·
1412 377 1474 432 οἷς
1501 381 1540 424 οἱ
1558 379 1751 439 Ῥωμαῖοι

243 450 276 486 Ι)
300 448 482 503 ἑπόμενοι
499 446 594 497 τοὺς
607 446 1043 502 καταλαμβανομένους
1056 446 1285 503 ἀνήλισκον.
1352 446 1493 492 ἔπεσον
1508 443 1750 503 animumne,

291 519 359 561 καὶ
390 516 549 565 πλείους
576 512 774 558 ἑάλωσαν.
841 513 930 558 ὅσοι
962 516 1006 558 δὲ
1034 517 1249 573 διαδρᾶναι
1268 515 1339 559 τὸν
1358 518 1540 561 κίνδυνον
1566 517 1751 574 ἷὲῐχωαν,

292 586 350 636 εἷς
369 583 414 627 τὸ
434 580 694 640 Δορόστολον
713 581 989 636 διασώζονται.
1761 593 1786 631 6

421 650 471 694 Ὁ
506 651 550 693 δὲ
581 651 772 706 βασιλεὺς
797 652 848 694 τὰ
880 652 1050 695 ἐπινίκια
1080 648 1216 704 θύσας
1245 656 1304 712 τῷ
1335 652 1548 713 καλλινίκῳ
1575 649 1780 712 μάρτυρι

293 722 335 762 Γ
333 721 483 777 εωργίῳ
512 714 589 774 (ἦν
616 719 695 776 γὰρ
726 720 830 763 κατὰ
855 721 928 776 τὴν
955 719 1111 778 ἡμέραν
1130 725 1202 776 τῆς
1223 721 1348 765 αὐτοῦ
1370 721 1532 778 μνήμης
1549 720 1756 780 συρράξας

292 795 379 839 τοῖς
401 789 633 843 πολεμίοις)
661 793 711 846 τῇ
743 787 909 847 ἐπιούσῃ
935 791 1005 833 καὶ
1037 788 1161 840 αὐτὸς
1189 794 1263 845 τῆς
1291 789 1394 847 πρὸς
1420 791 1467 834 τὸ
1494 788 1757 848 Δορόστολον

294 856 456 912 ἥψατο,
491 856 616 900 ἓκεΐσέ
645 873 687 900 τε
715 855 925 913 γενόμενος
949 859 1259 916 στρατοπεδείαν
1279 857 1451 914 ἐπήξατο
1474 856 1639 916 ὀχυράν.
1705 854 1756 903 οὗ

295 925 433 981 μέντοι
463 942 507 982 γε
535 927 603 968 καὶ
632 928 864 983 πολιορκίας
880 925 1018 982 ἥψατο
1028 957 1042 978 ,
1076 927 1219 977 δεδιὼς
1238 925 1296 982 μή
1317 944 1404 978 πως
1425 925 1661 985 ἀφυλάκτου
1681 930 1756 971 τοῦ
1767 933 1812 970 10

301 998 487 1049 ποταμοῦ
526 991 793 1050 τυγχάνοντος
830 994 1062 1052 ἄποδρᾶσαι
1091 995 1196 1049 μετὰ
1230 1000 1310 1038 τῶν
1338 1001 1445 1051 νηῶν
1475 998 1686 1051 δυνηθεῖεν
1716 995 1757 1039 οἳ

295 1060 416 1114 Ῥώς,
453 1060 718 1117 αὐλισάμενος
749 1064 794 1106 δὲ
823 1063 1039 1120 προσέμενε
1067 1063 1137 1105 τὸν
1161 1062 1383 1118 Ῥωμαϊκὸν
1406 1061 1563 1108 πόλον.
1629 1064 1671 1108 ἔν
1697 1068 1759 1124 τῷ

300 1130 450 1186 μεταξὺ
461 1133 471 1155 '³
485 1132 529 1173 δὲ
559 1129 581 1173 ὃ
614 1130 961 1188 Σφενδοσθλάβος
993 1130 1063 1182 οὓς
1092 1138 1248 1187 κατεΐχε
1279 1133 1448 1190 ζωγρίας
1479 1131 1757 1190 Βουλγάρους,

301 1200 409 1257 ἀμφὶ
440 1199 515 1250 τὰς
543 1197 578 1242 κ’
602 1197 793 1255 χιλιάδας
818 1199 1165 1258 ἀριθμουμένους,
1208 1202 1492 1258 σιδηροπέδαις
1522 1203 1589 1244 καὶ
1623 1200 1760 1252 ἅλλοις

298 1271 466 1323 δεσμοῖς
489 1267 744 1326 ἠσφαλίσατο
754 1299 768 1321 ,
802 1267 1070 1312 ἐπανάστασιν
1090 1269 1312 1326 φοβηθείς,
1345 1270 1412 1312 καὶ
1434 1268 1535 1326 πρὸς
1555 1267 1760 1325 ὑποδοχὴν
1770 1275 1814 1312 15

299 1336 551 1394 ηὖτρεπίζετο
570 1340 644 1392 τῆς
661 1338 907 1395 πολιορκίας.
964 1336 1043 1393 ἤδη
1063 1338 1108 1380 δὲ
1126 1339 1193 1380 καὶ
1209 1341 1282 1380 τοῦ
1298 1337 1444 1381 στόλου
1462 1335 1762 1392 καταλαβόντος

159 1413 189 1449 Ρ
211 1415 281 1451 676
304 1407 492 1462 ἐπεχείρει
515 1409 566 1462 τῇ
589 1407 823 1466 τειχομαχίᾳ
844 1404 865 1449 ὅ
887 1404 1100 1460 βασιλεύς,
1134 1407 1201 1448 καὶ
1225 1405 1416 1457 πολλάκις
1439 1403 1763 1463 ἓπεκδραμόντας

303 1474 400 1524 τοὺς
433 1471 603 1524 Σκύθας
636 1474 849 1530 ἐτρέψατο.
915 1478 991 1533 μιᾷ
1019 1474 1063 1516 δὲ
1093 1478 1172 1517 τῶν
1200 1473 1361 1530 ἡμερῶν
1389 1475 1650 1518 σκεδασθεῒσι
1678 1479 1764 1524 τοῖς

298 1541 514 1596 Ῥωμαίοις
529 1543 585 1592 εἷς
601 1541 765 1599 ἄριστον
784 1544 874 1599 περὶ
892 1543 1026 1598 δείλην
1044 1543 1168 1598 ὀψίαν
1185 1543 1223 1584 οἳ
1240 1541 1460 1600 βάρβαροι,
1489 1545 1544 1594 εἰς
1563 1540 1636 1586 δύο
1655 1544 1764 1585 διαμ-

303 1610 489 1668 ρεθέντες
510 1610 640 1667 μέρη,
675 1610 805 1661 ἱππεῖς
821 1612 889 1653 καὶ
906 1613 1012 1663 πεζοὶ
1032 1612 1075 1654 ἐκ
1094 1612 1270 1653 πυλίδων
1294 1610 1367 1653 δύο
1389 1614 1463 1666 τῆς
1480 1609 1657 1662 πόλεως,
1689 1614 1819 1665 τῆςΞΟ

302 1696 346 1723 τε
366 1679 469 1722 κατὰ
488 1675 687 1729 ἀνατολάς
697 1710 710 1730 ,
743 1678 794 1733 ἣν
815 1686 1005 1737 φρουρεῖν
1024 1679 1206 1722 ἐτέτακτο
1231 1679 1392 1737 Πέτρος
1413 1677 1435 1721 ὅ
1458 1677 1764 1736 στρατοπεδάρ-

302 1765 382 1804 χης
412 1746 517 1804 μετὰ
546 1746 722 1808 Θρακῶν
749 1748 817 1790 καὶ
846 1745 1123 1800 Μακεδόνων,
1157 1749 1226 1790 καὶ
1258 1752 1333 1803 τῆς
1359 1747 1462 1806 πρὸς
1489 1745 1628 1800 δύσιν,
1661 1746 1766 1791 ὅπου

396 1896 515 1991 Ξέῖτὲὲ
535 1895 657 1981 gito&
678 1897 842 1948 ἡμέραν,
863 1899 999 1937 omissis
1019 1900 1089 1946 τῆς
1109 1897 1276 1946 μνήμης,
1299 1899 1331 1934 C
1514 1899 1560 1938 14
1581 1896 1769 1947 ἀριθμου-

312 2082 404 2120 enim
426 2083 548 2118 ferunt
568 2082 753 2119 inclinatas
776 2083 896 2130 acies)
920 2084 981 2120 vix
1001 2084 1140 2120 tandem
1161 2083 1289 2130 Rossi,
1310 2083 1496 2129 desperata
1516 2083 1646 2129 salute,
1669 2082 1766 2119 inor-

310 2131 432 2165 dinata
462 2130 545 2175 suga
575 2128 612 2164 in
643 2142 800 2176 campum
830 2142 870 2165 se
899 2133 1095 2175 effundunt3
1128 2142 1258 2176 eosque
1288 2130 1441 2165 insecuti
1470 2129 1618 2164 Romani
1644 2129 1768 2164 multos

310 2175 500 2222 perimunt.
546 2176 591 2210 de
613 2176 735 2210 Rossis
759 2176 919 2212 cecidere
941 2177 1057 2223 multi,
1091 2177 1187 2223 capti
1210 2176 1313 2211 etiam
1335 2176 1474 2222 plures:
1506 2175 1634 2222 reliqui
1652 2175 1770 2211 Doro·

311 2222 437 2257 stolum
459 2223 544 2266 fuga
566 2226 766 2257 evaserunt.

401 2267 596 2313 Imperator
631 2269 676 2302 ob
709 2268 927 2313 impetratam
958 2266 1142 2303 victoriam
1171 2266 1344 2302 sacrificio
1373 2270 1561 2303 veneratus
1581 2265 1771 2311 gloriosum

311 2316 503 2357 martyrem
534 2313 725 2359 Georgium
760 2315 863 2358 (nam
895 2313 954 2349 die
984 2315 1085 2349 huius
1116 2314 1302 2349 memoriae
1330 2318 1533 2348 consecrato
1563 2323 1639 2348 cum
1670 2312 1772 2347 hoste

312 2359 512 2393 conflictum
534 2359 628 2403 fuit)
661 2360 832 2404 postridie
863 2360 908 2395 ad
938 2360 1160 2395 Dorostolum
1183 2360 1297 2405 ducit,
1328 2358 1451 2406 ibique
1472 2358 1598 2394 castris
1621 2368 1773 2393 commu-

311 2404 397 2439 nitis
421 2404 566 2439 classem
585 2405 774 2441 Romanam
798 2406 972 2451 operitur:
1006 2418 1084 2441 nam
1108 2412 1189 2441 ante
1211 2406 1312 2441 huius
1332 2407 1515 2440 adventum
1539 2403 1772 2450 oppugnatio—

310 2461 390 2484 nem
414 2450 558 2495 aggredi
581 2450 741 2496 nolebat,
774 2463 819 2486 ne
842 2463 941 2487 amne
963 2452 1143 2487 custodiae
1166 2463 1275 2487 vacuo
1299 2450 1445 2486 navibus
1468 2451 1624 2495 effugere
1649 2448 1775 2484 Rossis

311 2495 448 2530 liceret.
495 2495 634 2530 interim
667 2496 990 2543 Sphendosthlabus
1021 2498 1190 2542 Bulgaros
1219 2509 1306 2543 quos
1338 2496 1496 2542 captivos
1523 2496 1692 2539 habebat,
1727 2494 1774 2536 ad

310 2542 358 2576 20
379 2540 473 2576 milia
496 2546 714 2586 numeratos,
750 2544 972 2589 compedibus
998 2556 1039 2578 ac
1062 2544 1210 2579 vinculis
1235 2542 1463 2587 constringit,
1499 2547 1655 2576 metuens
1678 2551 1724 2575 ne
1746 2539 1774 2574 ii

312 2585 519 2622 seditionem
548 2588 783 2630 concitarent;
813 2594 850 2624 et
882 2601 921 2624 se
952 2590 997 2624 ad
1023 2589 1236 2625 tolerandam
1261 2588 1476 2623 obsidionem
1501 2591 1615 2632 parat.
1662 2585 1774 2631 impe-

312 2639 411 2666 rator
433 2632 495 2666 ubi
518 2632 638 2667 classis
663 2635 821 2679 appulit,
854 2647 1056 2682 oppugnare
1083 2637 1202 2671 urbem
1225 2634 1369 2680 incipit,
1402 2639 1439 2669 et
1460 2644 1566 2678 saepe
1589 2642 1775 2677 erumpen-

312 2681 369 2712 tes
400 2678 486 2712 urbe
519 2679 689 2714 barbaros
722 2681 900 2725 profligat.
948 2681 1093 2726 quadam
1125 2681 1183 2716 die
1215 2682 1279 2715 sub
1315 2689 1495 2724 vesperam
1530 2677 1695 2713 Romanis
1729 2676 1776 2711 ad

314 2734 457 2757 coenam
476 2723 677 2768 dissipatis,
700 2726 842 2761 barbari
861 2726 1028 2772 bipartito
1050 2727 1184 2772 agmine
1208 2725 1343 2771 equites
1367 2730 1405 2760 et
1426 2723 1563 2770 pedites
1585 2723 1682 2767 (tum
1700 2721 1776 2767 pri-

316 2779 407 2802 mum
429 2767 457 2801 ii
480 2769 615 2814 equites
636 2770 706 2805 visi
728 2778 827 2816 sunt,
851 2771 1019 2807 hactenus
1042 2773 1177 2819 pedites
1198 2776 1330 2806 tantum
1353 2771 1621 2816 pugnaverant)
1645 2769 1777 2803 duabus

317 2825 358 2850 se
380 2813 477 2849 urbis
500 2815 611 2860 portis
634 2817 838 2861 effundunt,
861 2829 1004 2862 quarum
1027 2830 1097 2853 una
1119 2829 1242 2853 versus
1266 2816 1454 2860 orientem,
1478 2827 1579 2861 quam
1601 2813 1778 2849 custodire

316 2860 433 2896 iussus
455 2865 532 2895 erat
553 2859 680 2896 Petrus
703 2866 893 2898 castrorum
915 2865 1115 2910 praefectus
1138 2874 1214 2899 cum
1237 2862 1436 2898 Thracibus
1459 2869 1496 2897 et
1515 2859 1778 2902 Macedonibus,
