1916 3210
293 159 391 209 504
630 157 633 161 ·
765 157 1001 213 eEoncn
1030 134 1272 203 canaam

293 275 469 329 ἀρθεῖσα
485 270 607 328 βιαίῳ
628 270 683 319 εἷς
708 268 754 311 τὸ
776 273 848 323 τῆς
869 265 1167 323 Ἑλλησπόντου
1197 271 1376 312 πεσοῦσα
1389 262 1600 328 ’διεφθάρη
1620 262 1745 312 πέλα-
1808 325 1813 332 ¹

293 358 364 399 γος
391 342 459 384 καὶ
488 341 762 396 ἔκβρασθεῖσα
794 334 896 392 πρὸς
928 336 999 379 τὸν
1029 335 1210 392 αι’γιαλὸν
1238 336 1312 390 τὴν
1341 335 1539 392 παράλιον
1571 335 1746 393 ψάμμον

295 407 510 463 ἐκάλυψεν.
578 404 599 448 ὃ
629 406 673 448 δὲ
699 403 892 459 βασιλεὺς
919 403 1014 454 τούς
1046 420 1088 447 τε
1116 409 1197 448 τῶν
1222 402 1382 448 ὑδάτων
1401 401 1544 455 ὁλκοὺς
1561 402 1747 461 ἐπεποιή-

295 492 397 519 σατο
417 474 512 525 τοὺς
531 473 576 516 τὸ
599 473 712 530 ὕδωρ
731 477 780 530 τῇ
799 470 912 518 πόλει
930 470 1163 528 εἰσάγοντας
1170 503 1185 525 ,
1219 471 1376 523 καὶτὰς
1394 473 1611 527 δεχομένας
1627 477 1747 520 τοῦτο

161 559 186 592 P
208 559 276 596 733
298 544 538 592 καστέλλους
555 543 623 584 καὶ
646 542 691 584 τὸ
714 545 1012 598 λωβοτροῳεῖον
1031 542 1098 583 καὶ
1121 540 1168 583 τὸ
1196 539 1540 598 ὄρφανοτροφεῖον
1557 543 1625 584 καὶ
1643 538 1790 587 πάν-δ”

300 629 374 662 τας
400 610 494 661 τοὺς
521 613 655 660 κακῶς
683 608 897 660 παθόντας
920 612 1091 660 ξενῶνας
1111 607 1192 652 ἀπὸ
1213 612 1287 652 τοῦ
1308 612 1499 663 σεισμοῦ,
1531 609 1600 652 καὶ
1614 606 1753 661 ἅπλῶς
1796 660 1798 662 ,

299 678 458 723 πάντων
477 679 699 731 ἐπεμελεῖτο
718 681 799 720 τῶν
818 677 987 734 ἀγαθῶν
1009 676 1149 734 ἔργων.
1214 675 1322 735 νόσῳ
1340 677 1383 719 δὲ
1396 677 1541 739 χρονίᾳ
1559 673 1754 731 βάλλεται

300 749 369 791 καὶ
388 752 622 804 τριχορρυεῖ
636 745 750 803 γένυν
768 762 809 788 τε
829 747 898 788 καὶ
917 745 990 800 τὴν
1015 743 1160 800 κόμην,
1193 746 1506 802 κατεργασθείς,
1539 742 1596 796 ὥς
1614 760 1754 802 φασιν,

299 814 378 858 ὑπὸ
392 813 578 858 Ἰωάννου
597 818 672 857 τοῦ
688 813 791 868 μετὰ
809 817 937 857 ταῦτα
958 809 1287 871 ὄρφανοτρόφου.
1347 807 1465 863 οὗτος
1479 812 1560 871 γὰρ
1577 811 1600 856 ὅ
1617 810 1755 856 Ἰωάν-

301 901 373 939 νης
397 885 465 927 καὶ
484 882 563 940 πρὸ
585 886 657 937 τῆς
674 883 882 936 βασιλείας
900 879 1108 939 ὑπηρετῶν
1130 886 1187 940 τῷ
1203 879 1420 940 Ῥωμανῷ,
1448 879 1542 939 ἄρτι
1561 885 1633 925 τοῦ
1651 878 1811 939 xpel-10

301 968 398 1002 τους
416 949 628 1005 ἐπιβάντος
644 951 767 993 αὐτοῦ
785 948 963 1006 μεγάλην
984 947 1154 1004 δύναμιν
1176 948 1303 1005 ἔσχεν.
1369 945 1474 1006 ἦσαν
1495 950 1539 993 δὲ
1557 949 1668 1009 αὐτῷ
1687 950 1757 993 καὶ

304 1020 430 1076 ἕτεροι
452 1019 642 1076 ἀδελφοί,
676 1018 852 1073 Μιχαὴλ
871 1015 1054 1074 Νικήτας
1073 1015 1379 1068 Κωνσταντῖνός
1394 1034 1437 1061 τε
1457 1019 1526 1062 καὶ
1543 1018 1586 1060 Γ
1579 1015 1758 1075 ειῦργιος-

305 1088 390 1130 ἀλλ’
412 1081 530 1138 οὗτος
547 1087 621 1141 μὲν
638 1084 658 1130 ὅ
678 1084 863 1142 Ἰωάννης
876 1089 943 1129 καὶ
953 1088 1257 1137 Κωνσταντῖνος
1273 1087 1342 1129 καὶ
1359 1086 1400 1127 Γ
1396 1083 1558 1144 εώργιος
1576 1084 1758 1144 ὑπῆρχον

306 1156 487 1211 εὐνοῦχοι
499 1187 511 1208 ,
542 1154 759 1212 ἀγυρτικὴν
778 1152 978 1209 μετιόντες
996 1155 1150 1210 τέχνην,
1185 1152 1207 1197 ὅ
1230 1155 1274 1198 δὲ
1291 1151 1476 1209 Νικήτας
1502 1152 1580 1209 εἶχε
1609 1155 1683 1209 μὲν
1704 1155 1756 1198 τὰ

305 1223 528 1280 παιδογόνα
548 1225 616 1266 καὶ
644 1223 715 1266 τὸν
741 1227 902 1280 πρῶτον
922 1222 1001 1279 ἤδη
1022 1221 1187 1278 ἐπήνθει
1207 1221 1355 1275 ἴουλον,
1390 1220 1412 1265 ὃ
1430 1222 1474 1265 δὲ
1491 1222 1758 1279 Μιχαὴλ-’τῆς
1769 1230 1813 1268 15

256 1292 286 1327 Β
310 1292 500 1350 ἀνδρικῆς
536 1290 616 1348 ἤδη
656 1289 814 1347 ἡλικίας
851 1289 1073 1347 ἁπτόμενος
1111 1291 1426 1348 εὐπρεπέστατος
1456 1284 1510 1346 ἦν
1541 1291 1615 1347 τὴν
1644 1289 1757 1346 ὄψιν.

308 1360 435 1417 ἄμφω
457 1361 499 1403 δὲ
516 1359 589 1413 τὴν
608 1359 954 1416 ἀργυραμοιβικὴν
973 1357 1171 1417 μετῄεσαν
1190 1357 1410 1415 ἐπιστήμην
1431 1360 1499 1402 καὶ
1515 1359 1568 1402 τὰ
1587 1357 1762 1416 ἀργύρια

307 1427 576 1483 ε’κιβδήλευον.
642 1426 810 1478 τούτους
839 1429 1118 1478 οἶκειωθέντας
1137 1426 1319 1478 ἅπαντας
1339 1432 1396 1486 τῷ
1417 1431 1582 1481 βασιλεῖ
1601 1428 1672 1470 διὰ
1687 1430 1762 1470 τοῦ

301 1495 488 1540 Ἰωάννου
509 1494 536 1551 ἦ
556 1493 672 1550 τύχη,
689 1495 764 1551 τὴν
779 1496 1006 1550 μέλλουσαν
1028 1494 1343 1551 καταλήψεσθαι
1359 1497 1594 1539 δυναστείαν
1614 1495 1764 1546 αὐτοὺς

307 1563 590 1619 ὑποδηλοῦσα,
632 1564 696 1606 ἐπὶ
721 1564 824 1619 μέγα
852 1563 926 1606 ‘dui
954 1564 1104 1614 παντὸς
1126 1564 1240 1622 ἐξῇρε
1271 1562 1499 1618 δυνάμεως·
1545 1565 1587 1606 οἵ
1609 1581 1653 1607 τε
1682 1563 1819 1620 γᾶρῖο

309 1632 427 1674 ἄλλοι
460 1634 501 1675 ἐν
531 1630 745 1689 διαφόροις
774 1631 917 1689 ἀρχαῖς
949 1630 1204 1687 ε’ξητάζοντο,
1237 1633 1305 1674 καὶ
1334 1629 1355 1674 ὃ
1380 1630 1557 1687 Μιχαὴλ
1582 1629 1661 1675 ὕπὸ
1689 1636 1763 1676 τοῦ

311 1700 510 1753 βασιλέως
525 1699 660 1757 ἄρχων
678 1700 955 1756 προυβέβλητο
974 1705 1047 1743 τοῦ
1063 1700 1258 1743 πανθέου.
1325 1699 1428 1757 πρὸς
1454 1703 1597 1743 τοῦτον
1629 1697 1655 1754 ἦ
1681 1704 1762 1754 βα-

300 1771 418 1828 Ισιλὶς
443 1768 572 1825 ἔρωτα
594 1766 840 1824 δαιμονιώὸη
863 1772 1019 1823 σχοῦσα
1038 1769 1104 1811 καὶ
1122 1765 1306 1823 μανικόν,
1341 1769 1409 1810 καὶ
1431 1767 1628 1826 κρυφίους
1650 1768 1765 1811 ἔντυ-

401 1908 423 1945 5
445 1907 656 1954 κινστὲρνας
678 1918 796 1954 margo
817 1908 848 1943 O
985 1908 1030 1945 17
1053 1894 1332 1958 ἀργυραμοιβὴν
1354 1908 1386 1944 C

313 2033 452 2068 interim
485 2032 637 2068 locustas
659 2034 785 2068 ventus
808 2032 993 2068 vehemens
1017 2032 1188 2079 corripuit
1207 2032 1314 2078 inque
1336 2031 1600 2079 Hellespontum
1626 2031 1769 2078 abiecit,

314 2080 374 2114 ubi
408 2080 443 2114 in
477 2078 577 2114 littus
611 2079 744 2114 eiectae
777 2090 915 2114 arenam
947 2084 1171 2125 operuerunt.
1222 2078 1338 2113 reficit
1363 2078 1420 2112 hic
1442 2078 1632 2125 imperator
1661 2079 1770 2114 etiam

315 2125 572 2170 aquaeductus,
603 2124 730 2169 quibus
754 2124 791 2158 in
813 2127 933 2160 urbem
959 2136 1049 2170 aqua
1074 2123 1267 2170 deducitur,
1302 2129 1338 2158 et
1358 2123 1404 2159 iis
1426 2124 1590 2170 imposita
1612 2125 1768 2170 castella,

315 2172 398 2206 item
429 2170 561 2205 alendis
594 2169 747 2216 aegrotis
781 2175 817 2205 et
848 2170 988 2216 pupillis
1015 2171 1205 2205 destinatas
1228 2171 1367 2214 domos,
1401 2175 1438 2204 et
1461 2169 1630 2215 quidquid
1650 2174 1771 2206 terrae

316 2222 411 2251 motu
432 2216 560 2250 laesum
589 2216 718 2254 fuerat.
766 2216 803 2250 in
827 2227 977 2262 summa,
1011 2217 1167 2252 omnibus
1188 2215 1290 2250 bonis
1313 2215 1475 2260 operibus
1498 2215 1667 2250 incubuit.
1711 2215 1770 2251 iu-

316 2262 417 2296 terim
451 2262 570 2296 morbo
600 2261 694 2296 lento
726 2268 906 2307 correptus
934 2268 1008 2307 est,
1042 2262 1168 2306 capitis
1201 2266 1236 2296 et
1266 2262 1397 2296 barbae
1423 2261 1501 2307 pilis
1525 2260 1772 2306 defluentibus,

318 2319 466 2352 veneno,
492 2313 529 2342 ut
550 2307 659 2350 aiunt,
684 2306 717 2341 ei
740 2308 783 2342 ab
807 2307 939 2344 Ioanne
962 2307 1158 2354 propinato,
1180 2307 1241 2353 qui
1256 2307 1382 2341 deinde
1397 2306 1601 2353 pupillorum
1617 2306 1774 2342 alumnus

317 2353 432 2387 factus
454 2352 535 2387 fuit.
582 2352 613 2387 is
634 2353 804 2398 Ioannes,
839 2365 914 2387 cum
944 2354 1048 2388 etiarn
1070 2358 1254 2397 antequam
1275 2352 1465 2398 imperator
1488 2353 1590 2387 fieret
1613 2352 1772 2388 Romano

317 2398 555 2443 inserviisset,
586 2410 700 2434 rerum
730 2411 771 2433 eo
802 2400 914 2443 potito
943 2399 1123 2445 plurimum
1154 2403 1274 2433 nactus
1295 2399 1411 2432 suerat
1432 2398 1624 2443 potentiae.
1670 2403 1772 2433 erant

318 2444 353 2477 ei
387 2444 514 2479 fratres
542 2444 735 2479 Michaelus
768 2444 897 2479 Niceta
928 2445 1176 2480 Constantinus
1211 2449 1246 2478 et
1269 2443 1456 2489 Georgius.
1479 2468 1481 2470 -
1503 2443 1651 2478 Ioannes
1672 2444 1770 2478 Con-

319 2490 490 2524 stantinus
513 2500 554 2524 ac
569 2489 745 2535 Georgius
764 2491 937 2535 spadones
962 2496 1063 2526 erant
1084 2495 1120 2525 et
1142 2489 1394 2524 circulatoriam
1417 2490 1626 2524 exercebant
1645 2494 1769 2524 artem.

319 2534 468 2570 Nicetae
489 2535 625 2580 integro
649 2535 718 2570 iam
741 2536 852 2581 prima
875 2537 1117 2571 succrescebat
1141 2535 1289 2580 lanugo,
1312 2534 1504 2569 Michaelus
1524 2534 1662 2569 virilem
1684 2533 1771 2570 atti-

321 2585 423 2623 gerat
444 2585 612 2624 aetatem,
643 2581 913 2616 formosissimus
938 2582 1058 2616 homo:
1090 2586 1237 2625 uterque
1265 2579 1495 2625 argentariam
1527 2581 1702 2624 faciebat,
1735 2584 1772 2615 et

320 2630 502 2668 argentum
523 2626 776 2662 adulterabant.
824 2627 861 2661 hi
893 2639 1010 2662 omnes
1045 2627 1082 2662 in
1114 2625 1382 2662 familiaritatem
1411 2625 1631 2670 imperatoris
1662 2636 1772 2671 opera

320 2669 462 2704 Ioannis
484 2678 739 2716 pervenerant3
769 2683 898 2718 eosque
920 2674 1074 2718 fortuna,
1107 2678 1147 2707 ut
1168 2673 1213 2707 de
1234 2670 1380 2718 imperio
1403 2671 1496 2715 quod
1518 2670 1555 2705 in
1576 2671 1673 2716 ipsos
1696 2675 1776 2706 erat

322 2714 531 2751 translatura
553 2723 820 2763 praemoneret„
833 2719 877 2753 ad
896 2730 1052 2763 magnam
1074 2721 1241 2752 evexerat
1262 2715 1464 2763 potentiam.
1489 2727 1567 2751 nam
1589 2722 1626 2751 et
1646 2714 1774 2760 reliqui

322 2760 481 2794 diversos
504 2762 646 2805 gessere
667 2764 900 2810 magistratus,
924 2771 959 2799 et
976 2763 1183 2799 Michaelum
1201 2763 1389 2808 imperator
1406 2761 1563 2796 Pantheo
1611 2761 1790 2796 mesecin

323 2804 425 2840 huius
447 2806 610 2844 Michaeli
646 2809 722 2845 diro
754 2816 860 2856 atque
890 2811 1012 2847 insano
1039 2821 1158 2846 amore
1188 2813 1350 2854 correpta
1371 2806 1508 2845 arcanis
1532 2806 1585 2843 col
1599 2805 1714 2854 equile
1736 2805 1774 2840 in
