1916 3210
341 172 440 222 682
734 170 960 216 IOANNIS
995 170 1386 214 GUROPALATAE

339 283 612 344 φιλοκερδείας
638 283 702 325 καὶ
734 283 958 339 φιλοξενίας
986 279 1198 327 ὑπόθεσιν.
1263 286 1343 326 τῶν
1365 281 1409 324 δὲ
1430 282 1689 340 βορειοτέρων
1708 281 1784 338 με·

339 358 422 411 ρῶν
442 351 463 394 ὃ
483 350 673 406 βασιλεὺς
693 349 906 404 ἐπελάβετο
926 351 983 394 δι’
1007 349 1160 408 εὕρεσιν
1174 347 1310 405 χιόνος
1328 351 1394 392 καὶ
1413 348 1573 394 ὖδάτων
1589 356 1782 409 ψυχρῶν·

337 422 524 477 ἀκρατῶς
540 419 618 476 γὰρ
637 416 713 472 εἶχε
732 417 906 470 τούτων,
938 418 985 461 τὸ
1005 423 1123 472 σῶμα
1143 418 1246 461 κατὰ
1262 418 1364 461 πολὺ
1385 417 1783 474 διαθερμαινόμενος.

338 488 512 531 διελθὼν
543 488 587 530 δὲ
618 486 687 528 διὰ
715 491 932 544 τραχεινῶν
959 490 1026 529 καὶ
1055 485 1268 540 δυσβάτων
1296 484 1428 529 τόπων
1457 486 1513 536 εἴς
1542 486 1782 531 τιναῑτόπον

337 554 547 611 λεγόμενον
568 555 734 604 Ἀνθίας
758 552 999 610 κατήντησε·
1032 553 1241 612 ποηφόρος
1269 554 1314 597 δὲ
1342 552 1363 597 ὃ
1386 552 1508 605 τόπος
1527 555 1594 596 καὶ
1615 553 1815 613 σιωφόὸῦ

335 639 431 681 ρος,
471 624 540 666 καὶ
570 624 811 678 ψυχαγωγία
846 622 893 665 οὔ
924 621 1051 679 μικρὰ
1080 628 1164 673 τοΐς
1191 623 1233 665 ἐν
1263 620 1391 680 τούτῳ
1418 622 1694 679 καταίρουσι,>
1716 624 1805 670 καὶ

337 688 425 734 οἷον
453 691 639 747 ὀμφαλὸς
667 691 814 745 ἐκείνης
844 695 916 746 τῆς
946 695 1032 747 γῆς.
1098 691 1250 734 ἐκεῖθεν
1274 691 1318 733 δὲ
1337 690 1407 734 τὸν
1429 693 1593 747 Ταῦρον
1609 689 1659 734 τὸ
1672 688 1785 748 ὅρος,

336 758 407 802 τὸν
429 759 647 816 ἐπιχωρίως
668 757 914 814 καλούμενον
934 757 1201 816 Μούνζαρον,
1233 755 1413 815 ὖπερβάς
1437 760 1494 808 εἷς
1512 758 1786 815 τὴν-Κελτζη-

338 828 411 883 νὴν
449 827 658 883 λεγομένην
690 825 832 884 χώραν
859 825 1101 882 κατήντησε,
1142 827 1188 869 τὸ
1218 825 1403 884 δεύτερον
1432 827 1578 880 διαβὰς
1603 826 1675 869 τὸν
1700 826 1786 870 Εὖ-

287 901 320 938 Ι)
345 893 503 952 φράτην
531 894 714 949 ποταμὸν
739 895 1016 953 παραρρέοντα
1038 896 1103 937 καὶ
1131 892 1430 952 ὃιαιροῦνταλτό
1448 911 1492 937 τε
1511 893 1607 951 ὅρος
1623 894 1840 950 καὶτὴνιθ

337 962 565 1018 Κελτζηνὴν
593 962 727 1020 ὥσπερ
758 962 969 1020 μεθόριον.
1037 963 1074 1005 οἳ
1105 963 1148 1005 ὁὲ
1169 963 1271 1018 μετὰ
1299 967 1373 1006 τοῦ
1406 963 1631 1020 Φιλαρέτου
1658 979 1786 1006 κατα-

339 1031 569 1088 λειφθέντες
594 1036 861 1088 στρατιῶται,
889 1033 945 1082 ἐξ
961 1031 1192 1088 ἐπιφανείας
1211 1035 1291 1075 τιῢν
1313 1031 1499 1074 ἐναντίων
1519 1031 1661 1081 πτοίας
1678 1033 1784 1087 πλη-

338 1099 504 1149 σθέντες
531 1101 598 1141 καὶ
625 1099 699 1150 τὰς
727 1099 868 1154 ψυχὰς
895 1099 1246 1151 κατασεισθέντες,
1293 1098 1459 1142 κατόπιν
1488 1103 1560 1142 τοῦ
1586 1099 1786 1154 βασιλέως

338 1165 544 1220 ἐβάδιζον,
591 1167 686 1218 τοὺς
719 1165 868 1218 τόπους
901 1167 1067 1225 ἀφέντες
1096 1162 1152 1211 ὧν
1178 1167 1251 1222 τὴν
1282 1167 1466 1226 φυλακὴν
1493 1165 1784 1224 ἐπετράπησαν,

337 1235 414 1286 ἕως
441 1238 496 1285 εἷς
520 1235 615 1286 τοὺς
637 1235 866 1292 εἰρημένους
884 1236 1049 1286 Ἀνθίας
1072 1234 1335 1291 κατήντησαν.
1398 1236 1614 1278 Υκοίνταὶΐνθα
1639 1235 1683 1278 δὲ
1702 1239 1784 1278 τῶν
1796 1241 1839 1279 15

336 1305 535 1357 πολεμίων
563 1304 766 1362 φανέντων
794 1305 837 1356 ἐξ
867 1305 1057 1361 οὐραγίας
1086 1306 1263 1361 αἰσχρῶς
1282 1304 1356 1359 τὴν
1377 1303 1510 1360 φυγὴν
1526 1304 1592 1346 καὶ
1611 1302 1698 1360 πρὸ
1710 1306 1785 1346 τοῦ

338 1372 615 1427 ἀγωνίσματος
645 1373 794 1416 εἵλοντο
807 1403 822 1425 ,
855 1374 922 1414 καὶ
950 1372 1053 1430 πρὸς
1080 1372 1150 1415 τὸν
1175 1373 1346 1427 βασιλέα
1375 1374 1431 1422 εἷς
1458 1371 1531 1426 τὴν
1557 1370 1784 1427 Κελτζηνὴν

336 1441 558 1494 κατέλαβον
577 1441 620 1482 ἐκ
637 1438 774 1492 ποδός.
841 1444 913 1495 τῆς
933 1441 979 1483 δέ
1000 1457 1043 1496 γε
1064 1439 1216 1484 τούτων
1236 1441 1460 1495 ἀποσκευῆς
1476 1439 1514 1482 οἱ
1532 1439 1699 1483 ἐναντίοι
1715 1456 1784 1496 γε-

334 1506 475 1562 γόνασι
498 1506 642 1564 κύριοι.
706 1508 833 1551 ταῦθ’
860 1507 988 1558 οὕτως
1008 1508 1253 1564 ἀγγελθέντα
1273 1508 1399 1551 πολὺν
1419 1509 1530 1563 ἐνῆκε
1549 1512 1608 1566 τῷ
1624 1512 1788 1562 βασιλεῖ

335 1575 406 1617 τὸν
433 1574 643 1631 ἐναγώνιον
667 1574 874 1633 θόρυβον,
915 1576 982 1618 ἐπί
1003 1593 1046 1619 τε
1073 1581 1124 1633 τῇ
1147 1581 1226 1619 τῶν
1253 1577 1405 1619 οῗκείων
1423 1575 1523 1633 ἥττῃ
1543 1577 1611 1618 καὶ
1631 1580 1682 1633 τῇ
1699 1579 1837 1620 nauto

193 1647 223 1682 P
246 1647 316 1684 832
338 1644 523 1685 ἐναντίων
541 1645 628 1700 νίκῃ
650 1644 697 1686 οὗ
717 1648 903 1701 φορητῶς
921 1643 1278 1701 σκυθρωπάσαντι.
1344 1645 1410 1686 καὶ
1433 1646 1466 1687 εἰ
1486 1643 1545 1699 μὴ
1562 1641 1588 1698 ἥ
1609 1647 1683 1687 τοῦ
1700 1648 1783 1697 βα·-

334 1712 475 1761 σιλέως
502 1710 618 1768 φήμη
645 1711 792 1763 αὐτοὺς
815 1714 1005 1769 περιδεεῖς
1029 1710 1301 1769 κατειργάζετο
1322 1713 1389 1755 καὶ
1406 1711 1480 1767 τὴν
1500 1710 1632 1768 ὁρμὴν
1651 1711 1784 1754 αὐτῶν

338 1783 473 1831 ποσῶς
497 1776 729 1832 διεκώλυεν,
763 1779 878 1824 οὐδέν
903 1774 952 1837 ἦν
976 1779 1022 1824 τὸ
1043 1779 1199 1824 κωλύον
1215 1779 1432 1836 σύμπασαν
1451 1779 1598 1831 αὐτοὺς
1616 1780 1690 1836 τὴν
1709 1784 1784 1836 γῆν

332 1955 516 1991 avaritiam
548 1958 586 1991 et
615 1955 822 2001 peregrinae
844 1956 987 1992 miiitiae
1008 1955 1182 2003 stipendia
1205 1956 1439 2003 exspectabat.
1484 1955 1673 2001 imperator
1695 1965 1780 1989 vero

331 2003 376 2036 ad
402 2007 518 2048 partes
541 2002 649 2046 magis
672 2003 808 2037 Boreae
831 2003 1003 2038 subiectas
1024 2004 1189 2047 accessit,
1218 2008 1257 2037 ut
1276 2002 1327 2037 ibi
1350 2002 1449 2036 nives
1471 2006 1509 2036 et
1530 2012 1652 2046 aquam
1676 2000 1780 2044 frigi-

331 2047 428 2091 dam,
463 2060 484 2082 a
515 2047 659 2094 quibus,
691 2049 783 2093 quod
816 2054 909 2083 esset
937 2061 1083 2094 corpore
1106 2050 1283 2084 admodum
1307 2048 1462 2091 calidus,
1496 2047 1565 2081 sibi
1583 2052 1781 2090 temperare

331 2093 519 2138 nequibat,
551 2093 739 2128 inveniret.
785 2105 1058 2140 progressusque
1094 2106 1157 2140 per
1193 2105 1319 2140 aspera
1357 2094 1524 2139 quaedam
1558 2097 1596 2127 et
1623 2090 1782 2126 difficilia

332 2139 410 2173 loca
439 2140 482 2174 ad
513 2139 625 2173 locum
656 2139 827 2184 quendam
856 2139 1001 2175 Anthias
1031 2141 1168 2175 nomine
1195 2139 1372 2186 pervenit,
1407 2139 1588 2173 herbarum
1611 2142 1648 2172 et
1669 2135 1782 2171 tritici

331 2184 514 2219 fertilitate
532 2188 782 2230 praestantem,
807 2186 935 2241 quique
957 2186 1047 2220 haud
1071 2187 1274 2221 mediocrem
1296 2184 1536 2230 suppeditaret
1555 2183 1606 2218 ibi
1629 2193 1779 2217 commo-

330 2231 491 2266 rantibus
515 2230 798 2274 oblectationem,
833 2243 963 2277 qulppe
985 2243 1060 2266 cum
1089 2231 1181 2266 illius
1203 2237 1321 2266 terrae
1342 2229 1523 2265 umbilicus
1546 2234 1651 2264 esset.
1696 2228 1781 2263 inde

329 2276 485 2311 Taurum
509 2281 675 2321 montem,
698 2276 938 2321 indigenarum
959 2277 1078 2322 lingua
1099 2278 1302 2312 Munzarum
1323 2276 1550 2322 appellatum,
1581 2278 1778 2318 transgres-

329 2332 388 2356 sus
420 2322 458 2356 in
485 2321 662 2368 regionem
694 2323 830 2358 nomine
861 2323 1044 2358 Celzenem
1067 2335 1106 2358 se
1128 2323 1291 2367 contulit,
1321 2322 1446 2357 iterum
1477 2321 1679 2356 transmisso
1702 2320 1779 2354 Eu-

329 2367 454 2421 phrate
484 2367 593 2402 fluvio
624 2368 895 2423 praeterfluente
927 2381 969 2404 ac
999 2369 1195 2412 dividente,
1221 2374 1392 2423 ‘tanquam
1422 2366 1591 2422 confinio,
1629 2370 1779 2400 montem

327 2413 1029 2506 3¹:33¹,sssser‘isskfftissifflffiz.:553
1046 2413 1587 2506 pzffssusshsstffffigzsssssstossss'm
1594 2412 1780 2492 53123'5‘22'3

327 2503 421 2538 lictis
443 2506 694 2549 sequebantur,
717 2516 861 2549 quorum
883 2506 969 2551 ipsis
992 2506 1148 2541 custodia
1170 2507 1286 2540 suerat
1307 2505 1506 2547 commissa,
1530 2503 1645 2548 quoad
1667 2502 1711 2536 ad
1735 2513 1779 2537 ea

327 2549 406 2584 loca
428 2561 517 2595 quae
540 2550 686 2584 diximus
710 2551 856 2586 Anthias
879 2551 998 2586 vocari
1021 2557 1274 2598 pervenerunt3
1308 2550 1368 2585 ubi
1399 2561 1476 2584 cum
1498 2549 1615 2584 hostes
1638 2558 1778 2593 quoque

329 2605 351 2628 a
380 2599 480 2640 tergo
510 2595 772 2641 apparuissent,
802 2597 898 2642 turpi
920 2609 960 2632 se
982 2598 1087 2642 fugae
1109 2598 1166 2633 vel
1188 2602 1270 2632 ante
1291 2602 1464 2631 certamen
1488 2594 1709 2638 commisere,
1741 2596 1779 2628 et

330 2640 375 2674 ad
406 2641 645 2686 imperatorem
673 2640 711 2675 in
740 2642 922 2677 Celzenem
944 2655 984 2678 se
1007 2655 1028 2678 e
1048 2643 1200 2688 vestigio
1224 2642 1414 2676 contuiere.
1459 2641 1682 2687 ipsorumque
1709 2638 1776 2673 im-

329 2685 534 2730 pedimentis
558 2685 663 2732 potiti
680 2693 761 2722 sunt
781 2688 988 2723 adversarii.
1033 2689 1120 2724 baec
1142 2689 1193 2723 ita
1214 2687 1412 2723 renuntiata
1433 2686 1612 2720 admodum
1637 2689 1776 2730 pertur-

329 2732 456 2766 barunt
489 2732 753 2778 imperatorem,
793 2733 854 2778 qui
886 2739 955 2768 tum
988 2746 1126 2769 suorum
1161 2734 1290 2768 cladem
1319 2739 1390 2768 tum
1418 2732 1566 2766 hostium
1593 2730 1775 2766 victoriam

329 2775 421 2810 haud
450 2789 561 2822 aequo
591 2778 729 2813 ferebat
758 2779 891 2822 animo;
925 2791 1011 2825 quos
1046 2780 1114 2814 nisi
1145 2779 1364 2825 imperatoris
1393 2777 1503 2823 ipsius
1528 2777 1619 2812 fama
1639 2782 1775 2811 terrore

329 2822 534 2870 complesset
553 2822 775 2870 ipsorumque
793 2823 957 2871 impetum
979 2825 1094 2873 aliqua
1116 2837 1160 2862 ex
1181 2830 1283 2873 parte
1302 2822 1580 2871 compressisset,
1603 2821 1690 2858 nihil
1707 2821 1772 2856 ob-
