1916 3210
0 142 14 246 Ξ
446 155 844 203 msromAmm
878 156 1264 203 commnmm.
1486 157 1584 203 559

6 303 7 307 =
125 268 257 321 ωιλλᾶ
275 273 361 315 τῶν
384 274 459 315 τοῦ
483 272 683 317 Κακικίου
709 270 1024 331 ἐκπολιορκήσας
1042 272 1230 329 κατέσχεν
1251 267 1497 330 ὀχυρώματα
1520 274 1587 315 καὶ

119 340 267 398 χωρία.
334 337 359 384 ὅ
384 340 430 383 δὲ
454 341 652 393 Κακίκιος
667 340 746 386 ὖπό
766 359 808 387 τε
828 347 900 399 τῆς
914 341 1140 398 Ῥωμαϊκῆς
1157 340 1366 397 δυνάμεως
1383 340 1585 396 πολεμού-

122 420 253 464 μενος
271 405 352 452 ὗπό
377 425 421 452 τε
449 414 523 454 τοῦ
551 409 747 468 ἄρχοντος
770 416 845 455 τοῦ
872 412 1016 465 Τιβίου
1041 410 1379 467 λεηλατούμενος,
1407 412 1475 453 καὶ
1502 417 1586 462 τοῖς

121 481 247 523 πᾶσιν
264 476 503 534 ἀπεγνωκώς
509 510 523 530 ,
552 481 760 523 σπένδεται
780 480 882 538 πρὸς
898 480 969 522 τὸν
988 478 1348 537 παρακοιμώμενον
1368 481 1434 522 καὶ
1453 495 1582 533 προσ-

87 552 250 604 ὄχωρεῖ
261 550 506 605 ,τῷβασιλεΐ
522 547 582 591 δι’
608 547 736 592 αὐτοῦ
744 581 758 600 ,
792 548 1004 606 παραδοὺς
1022 549 1096 604 τὴν
1118 548 1248 592 πόλιν.
1316 550 1384 592 καὶ
1405 546 1426 591 ὃ
1446 549 1522 604 μὲν
1540 549 1583 599 ἐς

117 614 190 659 τὸν
216 615 391 671 βασιλέα
419 616 555 660 ἐλθὼν
588 618 655 660 καὶ
684 615 907 674 μάγιστρος
934 618 1147 673 τιμηθείς,
1191 619 1259 660 καὶ
1289 617 1422 682 χωρία
1454 620 1582 660 πολυ-

117 681 304 742 πρόσοδα
319 682 426 730 κατά
440 701 482 728 τε
502 686 798 729 Καππαδοκίαν
813 687 882 729 καὶ
900 685 970 729 τὸν
987 685 1230 745 Χαρσιανόν
1247 688 1314 728 καὶ
1331 685 1401 730 τὸν
1416 687 1581 728 Λικαν-

117 749 432 811 δρὺν.εῗληφῶς,
466 754 664 812 εἰρηνικὸν
684 756 752 798 καὶ
774 753 980 812 ἀτάραχον
1000 755 1070 798 τὸν
1090 754 1170 798 ἀπὸ
1192 757 1311 798 τοῦδε
1333 754 1446 810 ἔζησε
1466 756 1581 810 ,ἔιίὀν4

115 819 138 864 ὃ
156 822 204 866 δὲ
219 820 544 877 Μονομάχοςτά
562 823 927 880 ἐκπολιορκηθὲντα
948 822 1126 883 φρούρια
1146 824 1257 882 παρὰ
1277 829 1350 868 τοῦ
1372 822 1578 878 Τιβιώτου

59 892 185 934 mua&
197 891 331 948 χωρία
351 889 407 943 ὥς
426 891 530 948 μέρη
549 897 624 935 τοῦ
637 892 766 936 Ἀνίου
787 894 980 948 ἐπιζητῶν
987 925 1001 946 ,
1036 894 1118 937 ἐπεὶ
1146 892 1249 936 ἑκών
1277 910 1321 950 γε
1352 893 1498 944 ἐκεῖνος
1528 894 1575 936 οὗ
1597 898 1627 933 Ρ
1652 899 1720 934 763

111 960 277 1014 μεθίετο
303 957 458 1005 τούτων
481 960 576 1002 ἀλλ’
599 960 798 1016 ἀντείχετο
819 967 892 1018 τῆς
909 962 1218 1020 χρυσοβούλλου
1239 967 1424 1020 γραφῆς,
1459 962 1577 1005 ἀναι-

111 1034 239 1087 ρεῖται
266 1026 442 1085 πόλεμον
465 1029 569 1086 πρὸς
595 1028 719 1073 αὐτόν
727 1063 741 1083 ,
775 1032 844 1074 καὶ
873 1030 995 1075 πάλιν
1023 1031 1262 1089 προστάττει
1291 1035 1350 1090 τῷ
1376 1047 1577 1089 παρακοι-

107 1097 282 1156 μωμένῳ
302 1096 406 1153 μετά
425 1115 468 1141 τε
487 1103 561 1153 τῆς
581 1097 806 1154 Ῥωμαϊκῆς
830 1100 970 1158 χειρὸς
997 1105 1072 1144 τοῦ
1097 1119 1140 1145 τε
1160 1100 1367 1158 ,Ἰβηρικοῦ
1397 1105 1576 1157 στρατοῦ

108 1168 269 1222 καὶ-τῆς
288 1167 400 1225 ἔντῇ
422 1166 577 1225 μεγάλῃ
601 1167 788 1229 Ἀρμενίᾳ
817 1167 1026 1224 δυνάμεως
1033 1202 1047 1222 ,
1082 1164 1133 1225 ἧς
1160 1174 1356 1227 κατῆρχεν
1387 1167 1408 1212 ὅ
1431 1168 1575 1213 Ἀνιῶ-

51 1242 97 1279 15
107 1253 208 1291 της,
237 1240 294 1295 τῷ
313 1235 582 1294 Ἀπλησφάρῃ
612 1242 810 1293 πολεμεῖν.
879 1237 1015 1289 πάσας
1044 1233 1115 1282 οὗν
1139 1233 1256 1290 οὗτος
1273 1239 1480 1296 ἠθροικὼς
1499 1239 1574 1290 τὰς

107 1302 320 1359 δυνάμεις,
353 1306 422 1348 καὶ
455 1304 633 1362 ἄρχοντα
654 1306 796 1358 αὐταῖς
818 1305 1036 1363 ἐπιστήσας
1054 1308 1230 1363 Μιχαὴλ
1253 1307 1323 1351 τὸν
1342 1305 1571 1364 βεστάρχην

103 1373 175 1417 τὸν
195 1373 373 1430 ’Ῑασίτην
395 1375 464 1416 καὶ
490 1374 561 1418 τὸν
586 1373 734 1420 ἑαυτοῦ
756 1379 903 1419 δοῦλον
927 1378 1233 1420 Κωνσταντῖνον
1255 1375 1478 1434 μάγιστρον
1498 1376 1569 1419 τὸν

97 1439 285 1495 Ἀλανόν,
318 1442 425 1486 κατὰ
445 1447 521 1486 τοῦ
541 1445 688 1499 Τιβίου
709 1445 910 1500 ἐκπέμπει.
978 1444 1000 1488 ὁ
1021 1446 1065 1488 δὲ
1079 1444 1372 1504 Ἀπλησφάρης
1390 1463 1567 1503 στρατη-

100 1509 320 1568 γικώτατος
339 1510 558 1569 ἅνθρωπος
580 1512 660 1566 ὤν,
695 1513 801 1570 εἴπερ
825 1531 886 1564 τις
907 1512 1048 1566 ἄλλος,
1082 1517 1149 1557 καὶ
1167 1513 1264 1572 ἔργα
1282 1514 1478 1570 πολεμικά
1497 1516 1565 1557 καὶ

43 1579 256 1636 ωβουλὰς
278 1581 442 1638 ἐχθρῶν
468 1579 731 1625 διασκεδάσαι
759 1581 1004 1638 δυνάμενος,
1036 1582 1139 1641 πρὸς
1155 1584 1229 1638 μέν
1246 1583 1319 1638 τὴν
1335 1581 1562 1639 Ῥωμαϊκὴν
1583 1591 1614 1628 Β

99 1648 271 1705 δύναμιν
287 1649 404 1701 εἰδὼς
419 1647 564 1693 ἑαυτὸν
579 1650 637 1706 μὴ
656 1650 874 1708 ἀξιόχρεων
899 1652 973 1695 οὐκ
999 1651 1340 1710 ἇντιπαρετάξατο
1349 1684 1363 1705 ,
1399 1652 1494 1696 εἴσω
1517 1653 1562 1696 δὲ

96 1722 238 1774 τειχῶν
259 1720 495 1776 συγκλείσας
516 1717 660 1764 ἑαυτὸν
682 1723 748 1765 καὶ
771 1721 841 1764 τὸν
862 1722 1145 1779 παραρρέοντα
1169 1720 1458 1777 μετοχετεύσας
1482 1738 1561 1764 πο-

94 1786 249 1843 ταμόν,
295 1789 364 1832 καὶ
402 1792 538 1831 πᾶσαν
569 1788 784 1841 ἐπικλύσας
815 1790 890 1846 τὴν
916 1789 1091 1834 πεδιάδα
1118 1793 1186 1834 καὶ
1215 1789 1558 1846 ἂποτελματώσας

93 1855 262 1913 πηλώδη
290 1874 334 1900 τε
363 1851 489 1901 οὖσαν
518 1860 585 1900 καὶ
612 1858 844 1915 τεναγώδη,
893 1860 1110 1918 προσέμενε
1140 1859 1214 1916 τὴν
1242 1860 1444 1903 ἕπε’λευσιν
1475 1865 1557 1903 τῶν

0 811 4 825 -
0 466 14 797 ——=··*-‘2-;x'-·.2111⁴v÷·.⁵=s>÷·0
0 410 16 454 .<-“’“
0 382 3 387 ’

184 1967 203 2002 1
225 1963 462 2023 ἐκπληρώσας
478 1965 511 2001 C
632 1968 655 2003 8
678 1965 737 2013 ἔζη
763 1967 793 2003 C
907 1967 952 2004 14
972 1970 1137 2014 κατεῖχεν
1160 1969 1191 2004 C
1303 1969 1351 2005 20
1372 1965 1498 2005 ἐθνῶν
1525 1968 1556 2003 C

146 2060 148 2063 ι
180 2013 226 2048 21
248 2012 452 2058 αξιομαχον
472 2013 504 2048 C

87 2106 145 2139 tan
166 2103 302 2140 Cacicii
323 2117 424 2141 arces
446 2117 488 2142 ac
509 2105 719 2142 munitiones
743 2110 959 2153 expugnatas
979 2107 1178 2153 occupavit.
1227 2107 1391 2143 Cacicius
1423 2119 1444 2143 a
1475 2108 1553 2143 Ro-

87 2150 199 2185 manis
231 2158 450 2197 oppugnatus
483 2153 596 2198 copiis
620 2158 656 2188 et
679 2166 701 2188 a
724 2153 878 2188 Tibiano
906 2154 1085 2198 praefecto
1117 2154 1324 2198 infestatus,
1359 2156 1464 2189 rebus
1489 2155 1552 2189 de-

86 2196 256 2242 speratis,
280 2208 356 2233 eum
378 2198 526 2233 Nicolao
554 2211 672 2244 pacem
697 2200 800 2243 facit,
823 2211 888 2245 per
911 2211 1057 2243 eumque
1079 2212 1118 2234 se
1144 2206 1180 2234 et
1203 2202 1320 2234 urbem
1346 2200 1567 2246 imperatori.

85 2242 198 2277 dedit.
245 2243 290 2278 ad
311 2254 415 2289 quem
437 2245 634 2289 profectus,
660 2246 703 2279 ab
729 2257 841 2289 eoque
864 2245 1056 2290 magisterii
1079 2246 1250 2290 dignitate
1269 2247 1454 2281 decoratus
1474 2259 1551 2282 am·

83 2288 321 2335 piissimisque
352 2290 390 2324 in
423 2291 651 2336 Cappadocia
679 2292 722 2325 ad
756 2291 1053 2336 Charsianumque
1089 2298 1124 2326 et
1153 2292 1362 2327 Licandrum
1394 2293 1550 2338 praediis

84 2334 254 2380 donatus,
276 2336 384 2371 vitam
408 2336 535 2371 exinde
555 2343 713 2382 pacatam
737 2349 777 2372 ac
798 2337 1019 2384 tranquillam
1041 2338 1126 2383 egit.
1175 2339 1422 2373 Monomachus
1445 2345 1549 2384 capta

83 2391 106 2415 a
139 2380 240 2416 Tibii
271 2382 451 2428 praefecto
483 2382 628 2417 castella
658 2390 694 2418 et
718 2384 847 2428 oppida
871 2389 908 2418 ut
932 2389 1065 2430 partem
1089 2383 1242 2419 Aniacae
1266 2384 1414 2419 dicionis
1440 2397 1547 2431 repo-

82 2438 205 2472 scens,
237 2439 312 2464 cum
338 2441 381 2463 ea
401 2427 636 2474 Aplesphares
667 2436 792 2475 sponte
814 2441 883 2464 non
907 2430 1098 2465 dimitteret
1121 2431 1184 2464 sed
1207 2442 1313 2465 aurea
1335 2431 1428 2466 bulla
1451 2433 1547 2466 nite-

80 2479 197 2517 retur,
232 2474 380 2509 Nicolao
413 2475 586 2521 praecipit
615 2481 654 2510 ut
684 2487 760 2510 cum
791 2477 947 2511 Romano
972 2483 1008 2511 et.
1028 2477 1168 2511 Iberico
1193 2477 1351 2513 exercitu
1374 2483 1410 2512 et
1433 2478 1546 2523 copiis

80 2519 266 2555 Armeniae
295 2532 459 2566 magnae,
497 2533 583 2567 quas
615 2522 776 2557 Cacicius
803 2523 967 2566 duxerat,
1003 2522 1126 2557 bellum
1151 2522 1184 2556 ei
1207 2524 1328 2558 faciat.
1374 2524 1545 2558 Nicolaus

79 2565 271 2601 contractis
305 2567 461 2602 omnibus
489 2568 600 2613 copiis
623 2569 847 2604 Bestarcham
870 2569 1013 2604 Iasitam
1033 2569 1079 2603 iis
1104 2569 1263 2615 praeficit
1286 2575 1323 2604 et
1344 2581 1441 2604 suum
1466 2581 1542 2604 ser-

78 2623 159 2646 vum
183 2612 447 2648 Constantinum
471 2614 672 2658 magistrum
695 2615 852 2659 Alanum,
881 2626 1010 2659 eosque
1037 2615 1081 2650 ad
1110 2616 1376 2661 oppugnandum
1397 2616 1542 2652 Tibium

77 2657 200 2694 mittit.
246 2664 324 2695 erat
355 2659 589 2706 Aplesphares
620 2661 739 2704 homo,
774 2667 813 2696 ut
836 2662 1015 2707 quisquam
1044 2662 1153 2705 alius,
1188 2662 1387 2696 bellicarum
1413 2662 1541 2698 artium

76 2703 330 2759 peritissimus,
364 2717 494 2751 gnarus
528 2708 581 2740 rei
612 2707 787 2751 gerendae
815 2714 851 2742 et
878 2707 1023 2742 consilia
1046 2707 1194 2743 hostium
1218 2708 1358 2743 eludere
1381 2708 1538 2744 callidus.

76 2761 109 2785 ιε
135 2762 210 2786 cum
241 2763 281 2786 se
311 2763 450 2798 pugnae
480 2764 556 2787 cum
580 2754 746 2788 Romanis
768 2754 881 2799 copiis
905 2754 1168 2789 committendae
1190 2754 1355 2800 imparem
1379 2755 1539 2799 sentiret,

75 2796 170 2832 intra
201 2809 317 2832 muros
351 2810 391 2834 se
424 2799 601 2844 continet,
635 2811 836 2846 amnemque
870 2800 1052 2836 alluentem
1083 2801 1232 2845 avertit,
1268 2801 1320 2836 ita
1344 2806 1381 2837 ut
1404 2812 1539 2837 omnem

74 2842 154 2879 urbi
185 2843 332 2880 vicinam
365 2844 541 2893 planitiem
565 2846 597 2882 is
618 2846 805 2883 inundaret
836 2851 1031 2893 stagnoque
1055 2852 1091 2883 et
1113 2857 1222 2884 coeno
1245 2847 1383 2894 paludis
1407 2858 1538 2884 morem
