1890 3236
268 187 367 237 422
740 183 976 234 GEORGII
1002 144 1244 231 cEDRENI

272 305 315 347 δὲ
332 302 353 346 ὅ
370 319 408 345 τι
426 301 491 343 καὶ
510 295 629 355 λόγου
647 295 968 355 διαπραξάμενος
986 296 1111 350 ἄξιον,
1146 297 1276 340 πίπτει
1298 288 1457 353 καιρίαν
1475 299 1622 354 τυπείς,
1655 300 1724 343 καὶ

221 379 252 412 O
273 373 319 416 τὸ
347 370 454 427 ἀμφ’
486 366 609 410 αὐτὸν
630 364 736 409 ἅπαν
759 368 814 416 εἷς
836 365 909 417 τὰς
928 365 1085 422 ἔγγιστα
1104 364 1235 416 νάπας
1254 367 1320 408 καὶ
1342 364 1496 420 λόχμας
1517 365 1723 411 διεσκεδά-

271 443 369 493 σθη,
441 433 665 490 διεμηνύθη
689 435 733 477 δὲ
751 433 840 477 τότε
860 436 927 477 καὶ
948 433 969 478 ὃ
989 438 1063 478 τοῦ
1082 431 1230 491 Βάρδα
1252 432 1528 491 ἕταιρειάρχης
1548 433 1604 486 ὦς
1621 435 1722 491 μὲλ-

273 512 352 549 λων
381 504 616 558 αὐτομολεῖν
642 507 698 561 τῷ
721 507 793 546 τοῦ
817 504 1016 557 βασιλέως
1038 506 1216 562 στρατῷ·
1253 500 1298 545 ὃν
1320 500 1681 559 παραστησάμενος
1699 501 1722 547 ὅ

274 573 456 628 Σκληρὸς
480 573 547 614 καὶ
576 572 900 629 προσονειδίσας,
935 573 1001 614 καὶ
1025 572 1151 626 μηδὲν
1178 571 1297 629 πλέον
1327 574 1513 628 φανερῶς
1529 573 1585 630 εἷς
1601 569 1756 615 αῧτὸνό

271 638 499 699 δεδρακώς,
529 640 700 683 ἀπέλυσε
707 672 720 692 ,
747 638 887 699 λάθρᾳ
913 641 956 682 δὲ
982 646 1065 691 τοῖς
1083 637 1358 696 μισθοφόροις
1376 642 1628 697 Σαρακηνοῖς
1644 655 1727 696 μη-
1773 669 1777 672 -

275 709 400 760 νύσας
438 709 612 751 ἀνεῖλεν·
649 703 759 752 οὗτοι
796 709 873 766 γὰρ
911 707 1065 752 διιόντα
1088 708 1158 751 τὸν
1186 707 1315 767 ἄνδρα
1345 705 1547 764 μεσούσης
1573 706 1728 767 ἡμέρας

274 778 557 836 περιχυθέντες
577 781 664 827 ταῖς
683 778 902 834 μαχαίραις
923 777 1167 832 κατέκοψαν.

416 846 467 889 Οἳ
497 846 542 888 δὲ
566 849 646 889 τῶν
674 849 894 904 βασιλικῶν
923 843 1188 903 κατάρχοντες
1215 841 1527 900 στρατευμάτων
1551 844 1626 900 τὴν
1654 847 1728 887 τοῦ

277 918 462 972 Σκληροῢ
493 913 588 957 ὅσον
616 913 773 957 οὐδέπω
805 913 1005 956 ἓπέλευσιν
1036 915 1360 970 προσδοκῶντες,
1406 913 1459 956 τὰ
1490 914 1730 970 καίριατῆς
1741 919 1785 958 10

281 982 379 1027 ὃὸοὗ
398 984 576 1040 κρίνουσι
596 986 941 1041 προκαταλαβεῖν,
975 984 1041 1026 καὶ
1063 982 1231 1040 ἄραντες
1249 982 1366 1023 παντὶ
1384 986 1442 1039 τῷ
1463 979 1731 1038 στρατεύματι

280 1049 664 1108 στρατοπεδεύουσιν
689 1052 925 1100 ἄπεναντίας
946 1052 1076 1110 ἐκείνῳ
1087 1082 1100 1102 ,
1134 1047 1508 1107 προκαταλαβόντες
1527 1049 1576 1101 ἃς
1594 1049 1732 1105 ἔμελλε

230 1126 261 1161 Ι)
286 1118 477 1164 διοδεύειν
507 1118 639 1170 ὁδούς.
707 1118 802 1176 ὅπερ
836 1119 987 1174 μαθὼν
1017 1117 1037 1161 ὃ
1072 1118 1253 1174 Σκληρὸς
1276 1119 1440 1176 νωθρὸς
1459 1113 1510 1173 ἦν
1529 1119 1594 1161 καὶ
1617 1117 1733 1160 ὤκνει

281 1189 354 1244 τὴν
376 1192 432 1239 εἷς
450 1187 496 1231 τὸ
517 1187 655 1243 πρόσω
674 1190 860 1245 πορείαν,
895 1186 1081 1242 μελλήσει
1103 1188 1147 1229 δὲ
1167 1188 1317 1243 τρίβων
1335 1186 1405 1229 τὸν
1419 1184 1569 1242 χρόνον
1586 1187 1734 1242 ἐκαρα-

283 1256 390 1300 δόκει
422 1257 467 1299 τὸ
500 1258 658 1312 μέλλον.
726 1257 943 1314 ἀνερεθίζει
977 1257 1019 1299 δὲ
1050 1259 1192 1300 τοῦτον
1215 1256 1281 1297 καὶ
1302 1252 1610 1315 προθυμότερον
1632 1254 1734 1297 ἀπο·
1747 1259 1790 1296 15

286 1327 480 1368 δείκνυσιν
519 1322 745 1380 αὖτόμολός
776 1342 838 1375 τις
872 1325 1006 1368 ἐλθών
1037 1322 1279 1381 στρατηγός,
1314 1321 1516 1377 Σαχάκιος
1543 1321 1737 1377 τοῦνομα,

286 1391 525 1451 Βραχάμιος
551 1393 624 1449 τὴν
654 1394 947 1451 προσηγορίαν·
980 1390 1235 1449 παρηγγύησε
1255 1387 1340 1448 γὰρν
1356 1392 1489 1434 ἐλθών
1509 1390 1567 1446 μὴ
1590 1389 1738 1446 τηνάλ-

288 1467 367 1512 λως
398 1463 546 1518 τρίβειν
576 1462 645 1505 τὸν
673 1460 842 1519 χρόνον·
875 1459 1174 1518 καταφρόνησιν
1206 1460 1284 1517 γὰρ
1317 1459 1446 1516 ἔλεγεν
1468 1461 1644 1514 ἐμποιεῖν
1667 1459 1741 1514 τὴν

286 1528 443 1586 τριβήν.
501 1529 623 1582 δόξας
643 1532 686 1573 δὲ
705 1531 828 1586 λέγειν
847 1529 1013 1588 εὔκαιρα
1033 1527 1191 1585 ἡγεμών
1209 1531 1275 1572 καὶ
1297 1526 1442 1585 ὂδηγὸς
1462 1527 1742 1570 ἀποδείκνυται

287 1604 359 1653 τῆς
388 1597 499 1640 ὁδοῦ.
567 1601 635 1641 καὶ
666 1597 687 1640 ὁ
718 1599 790 1654 μὲν
818 1596 972 1654 ἡγεῖτο,
1007 1593 1123 1647 οὗτος
1151 1597 1196 1639 δὲ
1224 1599 1365 1640 εἵπετο.
1433 1598 1500 1638 καὶ
1527 1595 1595 1638 διὰ
1619 1599 1796 1652 τριῶνὲθ

288 1665 449 1724 ἡμερῶν
481 1666 781 1722 καταλαμβάνει
810 1666 883 1721 τὴν
908 1664 1143 1723 Λάπαραν·
1179 1663 1302 1716 τόπος
1324 1665 1370 1707 δὲ
1392 1658 1509 1715 οὗτος
1529 1664 1652 1721 μέρος
1669 1668 1742 1719 τῆς

290 1737 607 1787 Καππαδοκίας,
641 1736 686 1778 τὸ
715 1739 786 1779 νῦν
815 1733 1024 1791 λεγόμενον
1049 1732 1292 1785 Λυκανδόν,
1327 1733 1395 1775 διὰ
1417 1732 1462 1775 τὸ
1485 1733 1656 1788 λιπαρὸν
1675 1734 1743 1774 καὶ

290 1801 508 1860 πάμφορον
526 1803 630 1846 οὕτω
649 1805 980 1858 κατονομασθείς.
1035 1806 1153 1845 τοῦτο
1172 1801 1322 1856 μαθών
1339 1799 1360 1843 ὃ
1377 1798 1744 1857 στρατοπεδάρχης,

290 1873 532 1931 νυκτοπορίᾳ
554 1871 807 1929 χρησάμενος
836 1873 912 1915 δέει
940 1876 1013 1914 τοῦ
1037 1871 1095 1926 μὴ
1127 1871 1432 1928 ἀντιπαρελθεῖν
1453 1868 1524 1912 τὸν
1546 1866 1744 1926 Σκληρόν,

383 1979 427 2014 12
450 1975 590 2013 ἐκείνου
613 1980 644 2014 C
781 1979 826 2014 22
846 1976 1021 2013 lanwdo‘v
1038 1978 1069 2012 C

291 2069 394 2107 citur.
444 2081 531 2115 quos
555 2069 722 2114 duxerat,
757 2070 792 2109 ii,
807 2070 843 2104 in
864 2070 1001 2105 vicinos
1024 2069 1130 2104 saltus
1153 2068 1413 2114 disperguntur.
1459 2069 1543 2105 tunc
1564 2068 1667 2104 etiam
1689 2067 1747 2104 in-

290 2116 440 2150 dicatum
463 2117 531 2151 fuit
552 2117 647 2151 Duro
669 2116 863 2151 sodalitatis
885 2117 1097 2162 praefectum
1118 2116 1282 2150 statuisse
1304 2115 1349 2149 ad
1368 2114 1611 2161 imperatorios
1631 2122 1749 2150 trans-

293 2163 418 2206 fugere
441 2162 627 2197 exercitus.
674 2173 774 2208 quem
800 2162 830 2196 is
854 2163 898 2197 ad
921 2174 960 2197 se
982 2168 1139 2196 vocatum
1157 2166 1192 2195 et
1206 2161 1442 2206 ohim-gutum,
1466 2160 1622 2206 nihilque
1641 2172 1749 2206 prae-

295 2213 395 2242 terea
418 2207 454 2241 in
477 2219 552 2249 eum
577 2213 734 2242 statuens
757 2207 901 2242 dimisit.
948 2208 1081 2243 occulte
1103 2213 1219 2242 tamen
1240 2207 1426 2241 Saracenis
1459 2206 1626 2241 militibus
1655 2217 1750 2242 mer-

296 2253 444 2287 cenariis
467 2266 506 2288 re
528 2255 665 2288 detecta
690 2266 766 2288 eum
791 2254 988 2289 interfecit:
1023 2265 1100 2289 nam
1122 2254 1216 2288 illum
1241 2253 1278 2288 hi
1299 2257 1535 2288 transeuntem
1557 2251 1669 2288 medio
1693 2251 1754 2287 die

298 2298 496 2333 circumfusi
520 2300 644 2343 gladiis
667 2300 906 2335 conciderunt.

391 2345 554 2379 Ceterum
596 2347 758 2381 ductores
791 2344 1008 2392 imperatorii
1042 2344 1214 2379 exercitus
1250 2355 1328 2379 cum
1359 2343 1495 2379 iamiam
1527 2343 1755 2378 adventurum

272 2389 276 2394 ¹
300 2391 450 2425 Bardam
477 2396 660 2435 putarent,
694 2398 890 2437 opportuna
920 2391 1081 2426 itinerum
1108 2397 1297 2435 occupant,
1328 2390 1597 2435 universumque
1619 2389 1754 2424 exerci-

302 2441 374 2470 tum
398 2442 577 2471 moventes
599 2444 714 2472 castra
735 2438 769 2471 ei
793 2442 992 2484 opponunt,
1028 2437 1224 2482 praeceptis
1247 2436 1373 2482 quibus
1395 2435 1429 2470 ei
1451 2435 1659 2471 veniendum
1680 2439 1757 2470 erat

302 2482 499 2516 itineribus.
547 2493 615 2526 quo
639 2483 794 2528 cognito,
827 2484 943 2517 Durus
968 2483 1134 2528 progredi
1156 2494 1225 2516 non
1247 2493 1370 2526 ausus,
1405 2481 1597 2516 cunctando
1619 2485 1756 2525 tempus

304 2532 421 2561 terens
454 2528 582 2561 exitum
611 2529 664 2562 rei
695 2529 982 2573 praestolabatur.
1030 2529 1074 2562 ad
1108 2539 1186 2563 eum
1217 2527 1405 2573 transfugit
1430 2528 1500 2562 dux
1523 2526 1661 2572 quidam
1685 2527 1754 2560 Sa-

304 2572 443 2606 chacius
467 2573 625 2618 nomine,
657 2574 878 2609 Brachamius
901 2578 1141 2618 cognomento.
1190 2574 1220 2608 is
1244 2585 1321 2608 eum
1342 2573 1473 2607 excitat
1495 2578 1531 2607 et
1551 2571 1755 2606 alacriorem

305 2618 440 2661 reddit,
477 2619 633 2653 hortatus
663 2631 707 2653 ne
737 2625 873 2666 tempus
902 2620 993 2654 nullo
1027 2621 1143 2654 fructu
1171 2619 1348 2662 traheret,
1383 2618 1476 2664 quod
1505 2630 1547 2653 ea
1577 2629 1673 2652 mora
1700 2616 1756 2652 sui

303 2668 533 2708 contemptum
561 2665 736 2708 gigneret.
798 2666 872 2700 eius
903 2665 1081 2700 consilium
1113 2666 1224 2700 visum
1254 2664 1517 2709 tempestivum,
1551 2663 1652 2708 isque
1685 2662 1757 2697 dux

298 2708 438 2742 'itineris
474 2709 675 2753 designatus
703 2714 774 2745 est.
821 2716 857 2746 et
887 2711 1003 2746 Durus
1036 2723 1111 2746 cum
1140 2711 1295 2745 exercitu
1318 2710 1423 2744 tridui
1447 2709 1560 2755 spatio
1584 2709 1756 2754 Laparam

302 2754 475 2799 pervenit.
525 2755 558 2788 ei
589 2755 664 2789 loco
696 2758 740 2790 ob
769 2756 1013 2802 pinguedinem
1047 2763 1083 2791 et
1113 2756 1327 2791 fertilitatem
1359 2755 1426 2790 soli
1455 2755 1492 2789 id
1523 2766 1647 2790 nomen
1678 2753 1757 2796 fuit,

302 2811 393 2834 nunc
416 2800 617 2843 Lycandum
641 2806 784 2836 vocant:
821 2814 902 2846 pars
927 2808 980 2837 est
1003 2802 1260 2848 Cappadociae.
1307 2801 1430 2836 Petrus
1463 2813 1506 2836 ea
1537 2812 1578 2835 re
1604 2798 1755 2844 cognita,

304 2858 347 2881 ne
377 2851 660 2891 praeverteretur
693 2858 714 2882 a
743 2846 862 2892 Dure,
900 2853 1071 2884 nocturno
1092 2849 1219 2884 itinere
1244 2846 1364 2883 eodem
1385 2847 1494 2885 venit.
1541 2857 1617 2881 cum
1640 2847 1757 2879 essent
