1890 3236
289 205 356 252 88
418 167 420 170 >
763 196 998 248 GEORGII
1031 202 1272 249 CEDRENI

291 315 518 377 στερόμενοι
542 314 597 359 δι’
628 314 750 360 αὐτὸν
767 316 834 358 καὶ
853 313 926 366 τὰς
940 321 1079 374 χεῖρας
1094 316 1322 373 χραίνοντες
1337 314 1535 374 ὅμογνίοις
1551 317 1728 374 aimon,

291 386 379 441 ἅμα
403 387 446 428 δὲ
462 386 529 428 καὶ
547 386 605 440 τῷ
617 381 753 442 χρόνῳ
773 384 1021 438 πεπιεσμένοι
1050 382 1215 441 (τρίτον
1230 384 1308 442 γὰρ
1328 385 1508 442 ἐξηνύετο
1526 385 1634 440 ἴτυς,
1660 389 1728 431 καὶ

288 451 495 509 ἀνηνύτοις
530 449 695 495 ἐδόκουν
728 453 934 508 ἐπιχειρεῖν
963 451 1110 510 ἀνδρὸς
1133 451 1220 503 ἑνὸς
1246 451 1412 514 ἀπονοίᾳ
1435 456 1503 497 καὶ
1531 455 1726 516 ἐπιθυμίᾳ

288 518 591 573 δουλεύοντες),
624 519 670 563 'cb
701 521 915 563 κελευσθὲν
944 518 998 571 ὥς
1030 519 1192 578 ἕρμαιόν
1217 537 1256 563 τι
1283 520 1491 575 λαβόντες,
1525 526 1597 578 τῆς
1622 521 1725 566 σάλ-

285 605 425 644 πιγγος
457 585 666 644 ἢχησάσης
698 588 743 632 τὸ
777 586 958 631 ἐνυάλιον
998 590 1065 631 καὶ
1106 591 1161 640 εἷς
1196 594 1335 645 χεῖρας
1373 593 1605 646 συμπλοκῆς
1643 594 1757 635 τῶν5

284 655 499 712 ταγμάτων
526 655 751 707 ἐλθόντων,
777 657 824 699 οὗ
851 654 1010 712 δοκήσει
1038 656 1111 712 τὴν
1137 657 1288 714 τροπὴν
1313 654 1368 708 ὥς
1390 658 1726 715 παρηγγέλθησαν
1768 678 1770 680 ·

285 724 513 776 ἐποιοῦντο,
546 724 641 767 ἀλλ’
677 722 857 775 ἀτάκτως
883 727 949 767 καὶ
975 723 1128 780 κόσμου
1150 727 1278 782 χωρὶς
1303 725 1376 780 τὴν
1402 724 1512 777 τάξιν
1524 728 1726 770 Ἰδιαλελυ-

283 790 397 843 κότες
424 791 718 836 ἐσκεδάννυντο.
785 793 853 835 καὶ
881 790 1102 844 οὕτωςινῦν
1119 794 1192 847 μὲν
1213 793 1338 849 ὀλίγοι
1361 787 1485 845 αὖθις
1505 794 1550 837 δὲ
1567 795 1726 847 πλείους

282 864 341 918 τῷ
375 863 540 914 βασιλεῖ
565 864 881 918 προσχωροῦσιν.
947 859 969 904 ὃ
1001 862 1044 904 δὲ
1076 862 1229 916 Θωμᾶς
1250 861 1332 904 ’σὺν
1361 862 1508 918 ὀλίγοις
1537 864 1640 906 τισὶν
1669 864 1726 914 εἷς

279 926 605 984 Ἀδριανούπολιν
621 927 889 985 περισώζεται.
950 926 972 972 ὅ
991 930 1036 972 δὲ
1053 927 1198 972 τούτου
1214 928 1500 987 παράγραπτος
1515 933 1584 973 καὶ
1599 928 1724 982 νόθος
1735 938 1779 975 10

282 995 372 1046 υἱὸς
386 994 644 1047 Ἀναστάσιος
664 996 709 1039 τὸ
732 1001 804 1051 τῆς
822 992 970 1051 Βιζύης
990 996 1146 1054 φεύγων
1169 998 1332 1053 κατέσχε
1354 996 1561 1056 φρούριον.
1629 997 1652 1041 ὁ
1680 998 1725 1042 δέ

141 1063 171 1098 Ρ
194 1066 262 1104 507
282 1064 472 1117 βασιλεὺς
497 1064 540 1107 ἐκ
570 1065 696 1115 ποδὸς
722 1063 879 1115 τούτοις
905 1063 1093 1120 ἑπόμενος
1115 1069 1274 1123 πρῶτον
1291 1066 1388 1122 ἔγνω
1409 1069 1631 1124 πολιορκεῖν
1653 1066 1724 1110 τὸν

286 1131 454 1186 Θωμᾶν.
521 1131 619 1175 ὅθεν
653 1131 787 1189 ἐπάγει
818 1133 928 1190 αὐτῷ
956 1134 1210 1190 πολιορκίαν,
1256 1134 1303 1176 οὗ
1335 1135 1404 1177 διὰ
1435 1139 1626 1190 μηχανῶν
1655 1136 1723 1177 καὶ

281 1197 496 1242 ἕλεπόλεων
528 1198 765 1253 σπουδάζων
799 1201 921 1244 αὐτὸν
956 1205 1166 1253 καθελεῖν,
1212 1200 1298 1256 ἅμα
1327 1203 1400 1256 μὲν
1429 1202 1499 1245 τὸν
1529 1200 1722 1260 ἐμφύλιον

280 1266 573 1322 εὐλαβούμενος
589 1267 782 1323 πόλεμον,
811 1268 898 1323 ἅμα
917 1270 960 1312 δὲ
979 1271 1045 1312 καὶ
1062 1270 1156 1320 τοὺς
1171 1275 1480 1327 προσοικοῦντας
1496 1274 1548 1327 τῇ
1558 1271 1720 1326 :dapm-
1733 1274 1776 1310 1⁵

279 1331 463 1394 νουπόλει
485 1334 653 1387 Σκύθας
678 1337 736 1391 μὴ
767 1338 919 1380 ἐθέλων
944 1342 1024 1380 τῶν
1051 1341 1363 1394 πολιορκητικῶν
1384 1335 1563 1395 ὀργάνων
1582 1345 1722 1396 πεῖραν

280 1406 440 1457 λαβεῖν,
475 1403 578 1447 ἀλλὰ
609 1409 714 1463 λιμῷ
742 1407 810 1447 καὶ
839 1402 991 1463 ἀνάγκῃ
1019 1410 1099 1448 τῶν
1127 1406 1354 1460 ἐπιτηδείων
1382 1405 1631 1462 ἐπειγόμενος
1652 1406 1722 1450 τὸν

279 1470 495 1514 ἀντίπαλον
524 1471 893 1530 παραστήσασθαι·
925 1475 993 1516 καὶ
1015 1473 1065 1528 δὴ
1090 1475 1377 1531 παρακαθίσας
1400 1474 1473 1529 τὴν
1491 1473 1724 1531 Ἀδριανοῦ-

279 1542 395 1581 πολιν
415 1541 481 1582 καὶ
494 1538 644 1597 χάρακι
665 1543 733 1583 καὶ
753 1540 1015 1599 σταυρώμασι
1034 1540 1293 1599 στεφανώσας
1307 1543 1473 1599 ἐνεργῶς
1486 1541 1722 1600 ἐπολιόρκει.

227 1609 258 1644 Β
282 1604 303 1648 ὃ
331 1608 377 1650 δὲ
406 1608 560 1662 Θωμᾶς
589 1614 747 1666 πρῶτον
771 1610 844 1664 μὲν
872 1614 1006 1652 πᾶσαν
1030 1610 1229 1666 ἄχρηστον
1251 1609 1405 1665 ἡλικίαν
1427 1611 1494 1652 καὶ
1518 1615 1597 1653 πᾶν
1620 1614 1776 1669 ζῷον20

279 1674 547 1729 ἀνεπιτήδειον
564 1681 636 1730 τῆς
652 1675 803 1728 πόλεως
823 1679 987 1730 ἐξωθεῖ,
1017 1677 1150 1721 ἔπειτα
1160 1709 1173 1729 ,
1204 1676 1258 1728 ὥς
1273 1677 1350 1733 ἤδη
1371 1677 1544 1733 ἤκμαζεν
1563 1677 1584 1722 ὃ
1605 1679 1722 1733 λιμὸς

279 1745 347 1784 καὶ
374 1745 572 1801 σωτηρίας
598 1745 706 1796 ἐλπὶς
733 1745 914 1799 οὐδαμοῦ
923 1778 937 1798 ,
970 1746 1008 1789 οἳ
1036 1747 1109 1801 μὲν
1138 1750 1216 1789 τῶν
1235 1745 1431 1789 συνόντων
1453 1747 1562 1805 αὐτῷ
1581 1746 1721 1808 λάθρᾳ

280 1809 350 1853 διά
368 1828 485 1856 τινων
505 1814 680 1856 πυλίδων
700 1814 927 1865 κλέπτοντες
944 1814 1018 1870 τὴν
1037 1814 1231 1865 ἐξὲλευσιν
1241 1846 1254 1867 ,
1281 1814 1318 1857 οἱ
1338 1815 1381 1857 δὲ
1401 1813 1469 1857 διὰ
1486 1819 1566 1858 τῶν
1582 1820 1721 1871 τειχῶν

370 1932 391 1966 1
414 1928 681 1977 στερισκόμενοι
701 1931 732 1967 P
867 1934 890 1970 3
910 1929 1053 1981 ἀθυμίᾳ
1076 1933 1106 1969 Ρ
1242 1934 1286 1969 12
1307 1930 1474 1969 ἐκποδῶν
1497 1933 1528 1969 C

277 2042 383 2066 causa
414 2031 473 2067 diu
501 2033 570 2070 iam
598 2035 762 2070 uxoribus
795 2035 984 2081 liberisque
1017 2035 1089 2070 suis
1121 2039 1304 2069 caruerant
1331 2046 1519 2081 manusque
1541 2036 1720 2081 gentilium

277 2077 444 2121 sanguine
472 2081 806 2127 contaminaverant,
837 2082 937 2117 simul
967 2086 1003 2116 et
1034 2080 1198 2126 temporis
1223 2092 1316 2115 mora
1338 2082 1489 2117 confecti
1514 2082 1605 2126 (iam
1628 2083 1719 2119 enim

277 2123 461 2158 triennium
484 2132 639 2161 exactum
662 2128 763 2171 erat)
798 2132 833 2162 et
865 2128 958 2162 exitu
982 2132 1151 2160 carentem
1176 2132 1332 2160 conatum
1358 2138 1399 2161 se
1419 2128 1616 2174 suscepisse
1636 2139 1719 2164 sen-

277 2167 426 2215 tientes,
460 2171 520 2215 qui
541 2172 698 2207 insaniae
720 2179 825 2218 atque
847 2171 1028 2218 cupiditati
1058 2172 1157 2207 unius
1180 2171 1249 2206 viri
1271 2173 1466 2218 servirent,
1496 2180 1719 2220 praeceptum

275 2212 361 2248 illud
382 2214 549 2251 divinitus
582 2217 689 2252 oblati
717 2218 884 2253 commodi
905 2218 980 2252 loco
1002 2218 1188 2262 ducentes,
1221 2221 1261 2251 ut
1285 2218 1430 2263 primum
1454 2219 1560 2254 tubae
1581 2220 1720 2255 cecine-

276 2265 357 2294 runt
381 2260 558 2297 classicum
581 2264 744 2309 aciesque
766 2276 972 2310 congressae
994 2269 1092 2307 sunt,
1122 2274 1190 2298 non
1214 2263 1406 2308 fingentes,
1437 2269 1478 2299 ut
1498 2271 1599 2300 erant
1619 2265 1718 2310 inssi,

277 2304 414 2350 fugam,
448 2308 558 2342 effuse
590 2309 749 2355 nullaque
777 2322 852 2345 cum
874 2309 1115 2344 convenientia
1136 2308 1274 2343 ordines
1298 2308 1474 2344 solverunt
1496 2322 1538 2345 ac
1559 2310 1720 2357 dissipati

277 2355 376 2392 sunt3
410 2357 514 2397 atque
536 2354 587 2389 ita
610 2355 711 2400 pauci
733 2357 853 2400 modo,
876 2367 955 2390 mox
978 2355 1168 2400 complures
1192 2355 1236 2389 ad
1257 2354 1498 2400 imperatorem
1520 2357 1720 2402 transfuge—

277 2400 370 2429 runt.
418 2397 569 2434 Thomas
596 2412 670 2435 cum
693 2402 811 2447 paucis
834 2402 1034 2447 quibusdam
1059 2400 1309 2446 Adrianopolin
1331 2400 1446 2436 salvus
1469 2403 1651 2447 pervenit3
1680 2406 1720 2439 ot

278 2439 425 2475 ficticius
447 2443 505 2478 ille
528 2445 602 2480 eius
624 2446 716 2481 filius
738 2447 940 2482 Anastasius
971 2458 1014 2482 ex
1045 2447 1129 2490 fuga
1156 2446 1332 2481 castellum
1360 2447 1492 2492 Bizyae
1521 2447 1718 2492 occupavit.

278 2483 342 2519 hos
366 2498 385 2520 e
408 2488 555 2533 vestigio
586 2494 790 2527 subsecutus
820 2494 1009 2538 imperator
1031 2492 1140 2538 primo
1165 2492 1326 2527 obsidere
1348 2491 1514 2527 Thofflam
1547 2493 1718 2528 decrevit.

279 2541 378 2575 quam
402 2533 445 2567 ad
470 2535 680 2572 obsidionem
703 2550 772 2572 non
793 2539 990 2583 machinas,
1022 2550 1091 2572 non
1121 2542 1291 2573 tormenta
1320 2537 1495 2582 adhibuit,
1529 2549 1603 2573 cum
1625 2539 1718 2582 quod

278 2576 360 2610 belli
384 2577 496 2612 civilis
518 2581 640 2617 damna
661 2589 806 2628 cuperet
827 2584 1004 2628 devitare,
1027 2589 1100 2619 tum
1122 2584 1215 2629 quod
1234 2582 1456 2629 Adrianopoli
1473 2580 1606 2618 Ὑῖθῖῐὶθδ
1623 2583 1718 2631 Scy·

277 2621 356 2656 thas
387 2622 529 2659 nolebat
557 2626 855 2664 instrumentorum
881 2630 1006 2675 quibus
1030 2630 1133 2664 urbes
1155 2633 1396 2675 oppugnantur
1417 2629 1572 2663 notitiam
1593 2641 1716 2664 conse-

277 2667 356 2711 qui:
390 2669 453 2703 sed
482 2670 572 2705 fame
605 2684 645 2707 ac
675 2675 820 2719 penuria
842 2687 954 2710 rerum
977 2676 1020 2710 ad
1041 2675 1147 2709 vitam
1169 2673 1438 2709 necessariarum
1452 2679 1613 2709 statuens
1639 2686 1717 2712 eum

275 2711 312 2745 in
333 2724 429 2748 suam
449 2721 655 2760 potestatem
675 2720 853 2764 redigere,
877 2721 968 2755 vallo
989 2731 1032 2756 ac
1050 2720 1146 2755 fossa
1166 2720 1432 2754 circumventam
1451 2721 1572 2754 urbem
1590 2719 1717 2755 acriter

274 2759 425 2794 obsedit.
471 2760 624 2797 Thomas
646 2764 757 2808 primo
780 2777 896 2799 omnes
920 2766 979 2811 qui
1003 2777 1065 2812 per
1088 2769 1235 2800 aetatem
1259 2764 1349 2804 bello
1381 2763 1498 2799 idonei
1523 2778 1592 2800 non
1617 2771 1718 2801 erant

274 2808 311 2838 et
332 2816 431 2840 omne
453 2807 576 2842 animal
598 2809 721 2844 inutile
742 2812 827 2845 urbe
851 2812 995 2856 expulit.
1040 2810 1165 2845 deinde
1195 2810 1458 2854 ingravescente
1479 2811 1570 2846 fame
1593 2823 1635 2846 ao
1657 2822 1716 2846 sa-
1740 2829 1741 2832 ¹

272 2848 344 2884 luto
366 2851 561 2899 desperata,
585 2854 646 2900 qui
667 2866 743 2890 oum
764 2856 840 2902 ipso
863 2862 975 2902 erant,
998 2868 1062 2903 per
1081 2855 1249 2904 portulam
1269 2856 1437 2902 quandam
1457 2856 1575 2892 furtim
1596 2857 1718 2903 elapsi,
