1890 3236
452 168 854 215 HISTORIARUM
883 168 1276 216 COMPENDIUM.
1388 168 1395 177 ”
1504 169 1604 219 419

133 287 212 337 δας
230 283 277 328 δὲ
294 282 341 330 τὸ
359 285 586 340 βουλευθέν
603 285 661 338 εἲς
681 282 913 345 τούμφανὲς
930 284 1010 342 ἤδη
1033 284 1204 344 ἐκρήξας
1226 275 1410 342 διάδημά
1429 302 1471 329 τε
1490 303 1604 346 περι-

130 351 327 408 βάλλεται
346 356 416 398 καὶ
436 354 490 398 τὰ
509 354 634 398 λοιπὰ
650 359 723 412 τῆς
736 356 947 410 βασιλείας
968 353 1244 410 ἀναλαμβάνει
1260 354 1509 413 παράσημα,
1534 358 1601 399 καὶ

130 420 211 467 ὕπὸ
238 422 390 475 παντὸς
417 428 492 467 τοῦ
517 422 708 476 συνόντος
734 427 913 482 στρατοῦ
933 422 1142 480 Ῥωμαίων
1168 422 1452 482 ἀναγορεύεται
1473 429 1597 478 βασι·
1620 426 1652 461 Ι)

132 489 244 545 λεῦς,
287 497 369 536 τῶν
391 492 610 551 Ἀρμενίων
641 492 929 551 καταρξάντων
957 498 1029 549 τῆς
1063 494 1278 552 εὐφημίας.
1347 494 1431 537 ε’πεὶ
1465 494 1509 537 δὲ
1545 499 1605 552 τῷ

95 565 121 601 5
133 566 315 607 τοιοῦτον
333 561 606 620 ἀναρρίψαντι
628 560 757 618 κύβον
768 560 993 620 χρημάτων
1013 564 1094 605 δεῖν
1113 566 1274 606 πολλῶν
1289 564 1485 619 ἠπίστατο
1497 595 1510 616 ,
1547 558 1603 607 ὧν

131 629 226 674 ἄνευ
244 630 362 674 οὐδὲν
381 629 465 675 ἔστι
483 632 673 688 γενέσθαι
693 636 774 675 τῶν
793 629 985 683 δεόντων,
1021 630 1137 674 καθά
1160 630 1238 674 πού
1264 649 1389 690 φησιν
1409 630 1430 675 ὅ
1449 631 1600 691 ῥήτωρ,

129 699 232 757 πρὸς
249 699 451 756 συλλογὴν
468 698 623 744 τούτων
640 704 893 758 παραχρῆμα
916 700 1100 756 ἐτρέπετο
1111 732 1125 753 ,
1158 699 1254 752 τούς
1283 718 1324 744 τε
1357 705 1437 746 τῶν
1469 705 1601 758 δημο-

128 769 228 812 σίων
246 766 480 826 πράκτορας
497 768 638 828 φόρων
658 770 836 824 κατέχων
856 770 924 812 καὶ
943 769 994 813 τὰ
1013 769 1128 813 κοινά
1148 767 1484 829 εἰσπραττόμενος
1493 769 1600 828 χρή-

127 853 262 892 ματα,
295 838 364 880 καὶ
391 837 488 889 τοὺς
514 837 649 889 ἄλλως
672 835 866 881 ὑπόνοιαν
887 837 1138 895 παρέχοντας
1158 837 1333 883 πλούτου
1357 839 1601 895 συλλαμβά-

74 911 210 950 1ονων
239 923 283 950 τε
313 907 383 949 καὶ
410 911 620 964 τιμωρῶν,
656 907 770 950 ἐνίων
791 907 835 950 δὲ
855 909 922 950 καὶ
946 907 1204 965 αὐθαιρέτως
1225 907 1510 966 προσαγόντων
1529 910 1600 953 τὸν

127 972 284 1019 ἑαυτῶν
310 977 403 1030 βίον
430 976 560 1019 ἐλπίδι
588 980 662 1019 τοῦ
692 974 986 1032 ἀπολήψεσθαι
1011 979 1199 1031 μείζονα·
1234 979 1302 1021 καὶ
1332 977 1460 1030 οὕτως
1485 980 1527 1022 ἓν
1551 979 1598 1022 οὖ

124 1048 275 1103 μακρῷ
299 1049 357 1104 τῷ
378 1042 516 1104 χρόνῳ
543 1048 707 1099 πλῆθος
720 1043 946 1103 χρημάτων
966 1044 1127 1103 συνάγει
1147 1045 1264 1090 πολύ.
1336 1046 1533 1106 φρούριόν
1555 1067 1596 1093 τε
1619 1052 1650 1088 Ρ
1673 1054 1742 1092 686

125 1113 342 1170 κατασχών
361 1114 534 1172 ἐρυμνὸν
553 1114 599 1157 τὸ
617 1113 831 1170 λεγόμενον
853 1113 1050 1173 Χάρποτε
1061 1148 1076 1169 ,
1111 1117 1153 1159 ἐν
1182 1119 1489 1178 Μεσοποταμίᾳ
1517 1121 1600 1162 κεί-

124 1199 270 1238 μενον,
304 1184 373 1226 καὶ
399 1185 600 1235 παντοίως
628 1182 960 1242 ἀσφαλισάμενος
984 1186 1051 1228 καὶ
1080 1186 1267 1242 φυλακὴν
1288 1185 1507 1242 ἐπιστήσας
1526 1188 1600 1244 τὴν

72 1257 116 1296 1⁵
127 1253 379 1309 ε”ξαρκοῦσαν
388 1230 480 1307 ,ἦν
514 1251 646 1311 τούτῳ
684 1252 736 1296 τὰ
776 1251 1031 1310 συναγόμενα
1066 1254 1247 1298 ἀπετίθει
1275 1254 1472 1314 χρήματα
1481 1289 1495 1309 ,
1531 1260 1600 1300 καὶ

126 1319 374 1379 ὁρμητήριον
401 1322 444 1374 ἔξ
469 1321 692 1378 ἀποτυχίας
718 1323 787 1365 καὶ
817 1323 959 1377 λιμένα
998 1325 1201 1381 σωτηρίας
1223 1323 1327 1379 ἔχειν
1354 1324 1598 1380 ἐταμιεύετο.

125 1392 195 1434 καὶ
213 1390 317 1448 πρὸς
333 1391 430 1442 τοὺς
445 1395 721 1448 γειτονοῦντας
739 1390 1004 1449 Σαρακηνούς
1014 1423 1028 1444 ,
1062 1391 1134 1436 τόν
1153 1410 1195 1436 τε
1212 1398 1286 1449 τῆς
1300 1393 1467 1449 Ἀμίδης
1488 1394 1598 1451 ἀμη-

125 1463 205 1517 ρᾶν
220 1457 451 1521 Ἀποτούλφ
459 1492 473 1512 ,
502 1458 592 1516 ἥτις
603 1459 728 1515 ’Ἐμετ
746 1464 927 1503 καλεῖται
934 1493 948 1514 ,
979 1462 1046 1504 καὶ
1061 1462 1133 1504 τὸν
1149 1466 1223 1518 τῆς
1236 1461 1600 1521 Μαρτυροπόλεως

118 1526 353 1586 Ἄποτάγλε,
378 1527 520 1585 ἥντινα
537 1530 770 1587 Μιεφερκὶν
788 1528 1043 1585 ὀνομάζουσι,
1073 1532 1225 1582 πίστεις
1244 1531 1342 1583 δοὺς
1357 1534 1425 1575 καὶ
1443 1531 1596 1587 λαβών,

65 1597 300 1654 maeotim-1²
322 1598 456 1642 αῧτῶν
478 1596 680 1655 κηδεύσας
697 1600 764 1641 καὶ
785 1598 855 1642 διὰ
875 1604 950 1643 τοῦ
965 1597 1115 1655 κήδους
1132 1600 1184 1643 τὰ
1205 1605 1280 1657 τῆς
1301 1602 1439 1659 φιλίας
1456 1601 1588 1660 ἀσφα-

119 1665 358 1723 λισάμενος,
384 1665 582 1727 χρήματά
603 1685 646 1712 τε
669 1665 870 1724 λαμβάνει
893 1668 1025 1712 πολλὰ
1050 1670 1118 1712 καὶ
1141 1668 1399 1725 συμμαχικὸν
1414 1670 1597 1730 Ἄραβας

121 1735 294 1788 ἱππότας
324 1735 376 1781 τ’.
443 1742 517 1792 τῆς
551 1735 694 1796 φήμης
723 1738 768 1781 δὲ
797 1743 1006 1795 πανταχοῦ
1036 1737 1347 1797 διαδραμούσης
1379 1741 1591 1799 συνέρρεον
1615 1748 1644 1783 Β

118 1805 224 1865 πρὸς
251 1804 376 1851 αὗτὸν
406 1803 550 1850 ὁπόσοι
569 1808 777 1866 νεωτέροις
803 1808 994 1866 χαίρουσι
1017 1806 1266 1866 πράγμασιν.
1332 1808 1412 1865 ἤδη
1446 1811 1490 1853 δὲ
1518 1815 1593 1854 τοῦ

0 0 91 325 ξ

0 326 18 529 l

0 530 14 748 ἱ

209 1927 234 1962 5
254 1922 520 1985 ἆυαρρίψαντα
539 1927 572 1963 C
703 1928 747 1964 13
755 1926 925 1985 ydonee&
944 1928 975 1963 O
1100 1928 1145 1964 14
1166 1928 1231 1964 καὶ
1253 1928 1442 1970 παντοίως
1465 1925 1592 1975 οἷσφα·

208 1974 402 2018 λισαμενος
427 1985 483 2010 om
507 1974 539 2009 C
676 1974 720 2011 17
747 1976 882 2021 αμιδης
904 1976 934 2010 C
1074 1976 1117 2012 19
1138 1975 1354 2022 μιεφερκεὶμ
1376 1976 1407 2010 C

117 2076 263 2124 protulit
284 2089 349 2114 sua
370 2078 537 2123 consilia,
565 2081 602 2114 et
624 2078 821 2116 diademate
841 2078 1057 2125 reliquisque
1078 2078 1217 2125 imperii
1240 2079 1351 2125 signis
1375 2078 1522 2125 sumptis
1543 2080 1589 2114 ab

117 2123 212 2160 omni
233 2135 297 2161 suo
321 2125 480 2160 exercitu
503 2130 559 2160 est
581 2126 752 2161 salutatus
775 2126 982 2172 imperator,
1015 2126 1198 2171 primoque
1224 2127 1374 2161 omnium
1397 2127 1441 2160 ab
1465 2128 1588 2161 Arme-

117 2169 201 2205 niis.
255 2170 383 2206 exinde
412 2172 458 2207 ad
490 2172 682 2217 cogendam
714 2172 896 2219 pecuniam
931 2174 1070 2217 (neque
1102 2174 1193 2206 enim
1227 2172 1312 2207 illud
1341 2172 1588 2207 Demosthenis

117 2217 320 2262 ignorabat,
343 2217 421 2252 sine
443 2218 510 2252 hac
533 2218 620 2252 nihil
643 2224 739 2253 recte
762 2219 839 2264 geri
863 2230 982 2266 posse,
1009 2219 1213 2264 praesertim
1237 2230 1323 2252 vero
1347 2218 1404 2252 cui
1427 2218 1471 2252 de
1489 2223 1588 2252 tanta

117 2275 157 2298 re
179 2262 275 2297 iacta
298 2268 393 2298 esset
412 2263 517 2308 alea)
540 2263 634 2299 illico
660 2276 848 2300 conversus
873 2264 1077 2310 publicanos
1101 2264 1382 2310 comprehendit,
1407 2265 1451 2298 ab
1471 2263 1588 2309 iisque

115 2307 298 2355 pecuniam
323 2309 498 2354 publicam
523 2310 696 2354 extorsit3
728 2311 835 2355 alios,
869 2311 930 2356 qui
953 2310 1083 2346 divites
1108 2312 1341 2356 putabantur,
1376 2315 1498 2356 captos
1521 2322 1588 2355 pe-

117 2355 221 2390 cunia
244 2355 419 2390 emunxit:
445 2355 595 2401 ‘quidam
619 2357 729 2401 ultro,
759 2369 823 2403 spe
846 2356 978 2392 maiora
999 2356 1214 2403 recipiendi,
1245 2368 1324 2392 suas
1346 2356 1530 2390 facultates
1552 2355 1587 2391 ei

117 2401 330 2436 obtulerunt.
377 2401 430 2437 ita
461 2402 588 2447 exiguo
621 2403 788 2448 temporis
820 2403 936 2450 spatio
968 2403 1144 2449 ingentem
1169 2403 1238 2438 vim
1260 2401 1431 2449 pecuniae
1457 2401 1588 2447 coegit.

116 2447 266 2494 proinde
295 2447 334 2482 in
365 2447 622 2494 Mesopotamia
655 2448 832 2484 castellum
863 2449 1014 2484 validum
1040 2453 1205 2494 occupat,
1241 2450 1297 2483 cui
1323 2459 1447 2483 nomen
1471 2447 1587 2483 Char-

116 2499 220 2540 pote3
245 2493 338 2539 quod
362 2505 438 2529 cum
461 2494 614 2541 undique
635 2494 919 2530 communivisset
941 2501 977 2530 et
1000 2495 1174 2541 praesidio
1195 2494 1386 2530 sufficienti
1405 2500 1586 2540 armasset,

116 2552 160 2575 eo
183 2540 366 2586 pecuniam
389 2547 590 2586 congestam
615 2542 781 2588 deponit;
813 2542 906 2587 quod
939 2541 1050 2588 ipsum
1077 2541 1181 2577 etiam
1204 2543 1308 2576 rebus
1333 2540 1490 2576 adversis
1516 2540 1587 2586 ipsi

114 2598 181 2633 pro
208 2591 313 2633 portu
335 2587 454 2632 (quod
474 2588 595 2632 aiunt)
619 2588 656 2623 in
679 2600 781 2633 quem
806 2599 844 2622 se
867 2593 943 2622 tuto
967 2588 1160 2634 reciperet,
1183 2588 1260 2622 sore
1283 2588 1462 2633 sperabat.
1502 2587 1588 2633 quin

114 2638 152 2668 et
176 2644 252 2668 cum
275 2632 404 2668 vicinis
426 2634 613 2669 Saracenis
637 2635 720 2670 data
741 2639 954 2680 acceptaque
977 2635 1046 2669 fide
1065 2639 1168 2680 pacta
1184 2634 1282 2678 iniit,
1317 2644 1430 2679 eaque
1454 2633 1586 2678 nuptiis

114 2679 306 2714 contructis
326 2680 496 2725 firmavit,
520 2693 644 2727 nempe
667 2692 743 2716 cum
766 2692 882 2715 amera
901 2681 1044 2715 Amidae
1068 2680 1161 2725 (ipsi
1185 2681 1291 2715 Emet
1313 2680 1467 2724 vocant)
1489 2680 1587 2725 Apo-

51 2742 54 2745 ·
114 2724 236 2772 tulpho
270 2731 308 2761 et
335 2737 452 2762 amera
474 2727 726 2773 Martyropolis
759 2728 828 2772 (ea
850 2727 938 2773 ipsis
962 2726 1186 2772 Miepherkin
1211 2725 1364 2771 dicitur)
1396 2725 1586 2772 Apotagle3

112 2772 158 2807 ab
190 2771 306 2818 iisque
331 2783 407 2807 cum
431 2773 603 2820 pecuniae
625 2773 764 2808 multum
789 2778 861 2808 tum
885 2773 1018 2808 Arabes
1041 2774 1177 2818 equites
1199 2777 1376 2808 trecentos
1398 2771 1586 2808 auxiliares

113 2818 265 2864 accepit.
312 2818 406 2854 fama
438 2819 542 2855 huius
575 2820 629 2855 rei
660 2821 730 2856 late
761 2819 931 2867 dissipata
956 2820 1200 2854 confluxerunt
1221 2819 1265 2854 ad
1290 2830 1367 2854 eum
1390 2818 1489 2853 multi
1513 2818 1586 2862 alii,

112 2863 175 2910 qui
206 2866 314 2900 rebus
348 2865 450 2902 novis
483 2867 697 2913 gaudebant.
747 2866 815 2903 iam
848 2872 964 2903 aestas
998 2865 1218 2912 appetierat,
1254 2876 1331 2901 cum
1353 2864 1487 2902 Bardas
1509 2876 1585 2901 cum
