1890 3236
285 174 385 221 296
752 173 989 218 GEORGII
1024 173 1267 219 CEDRENI

422 285 598 340 Συνέστη
619 285 744 327 δὲκαὶ
764 282 880 340 ἑτέρα
904 284 1097 340 ἐπιβουλὴ
1119 287 1223 329 κατὰ
1239 284 1470 343 Ῥωμανοῦ,
1503 287 1616 348 παρά
1629 307 1738 343 τινος

230 358 263 394 D
286 355 590 399 Κωνσταντίνου
606 354 891 407 Κτηματηνοῦ,
912 353 1053 408 Δαβὶὸ
1069 358 1142 397 τοῦ
1156 356 1468 409 Κουμουλιανοῦ
1484 359 1550 400 καὶ
1563 359 1737 415 Μιχαὴλ

285 420 542 479 κουράτωρος
560 425 640 463 τῶν
655 419 892 477 μαγγάνων·
931 415 1042 464 οὗτοι
1059 421 1137 479 γὰρ
1155 424 1312 474 νεανίας
1330 425 1442 473 τινὰς
1459 428 1736 472 καθοπλίσαν-

285 508 350 540 τες
368 489 471 532 κατὰ
489 489 534 532 τὸ
552 487 737 545 κυνήγιον
755 486 970 539 ἐξελθόντα
989 489 1058 533 τὸν
1074 489 1280 546 Ῥωμανὸν
1297 493 1565 550 ἔπετρὲψαντο
1585 495 1735 550 διαχει-

285 560 495 615 ρίσασθαι.
562 551 618 600 ὧν
642 557 917 613 γνωσθέντων,
952 559 1019 601 καὶ
1041 560 1343 616 συλληφθέντες
1364 561 1402 604 οἳ
1427 565 1501 616 τῆς,
1523 562 1770 619 ἕπιβουλῆςδ

285 626 534 682 πρωτουργοὶ
556 626 651 675 τοὺς
671 625 915 683 ὀφθαλμοὺς
935 625 1209 684 ἕπηρώθησαν
1229 630 1297 671 καὶ
1317 629 1386 672 διὰ
1404 630 1530 685 με’σης
1548 634 1624 685 τῆς
1637 631 1738 686 dyo·-
1759 669 1762 673 Δ

283 699 358 749 ρᾶς
376 691 669 750 περιήχθησαν.
715 697 839 748 συνῆν
857 695 902 737 δὲ
921 693 1048 752 ταύτῃ
1069 699 1120 753 τῇ
1137 695 1268 755 ἀτίμῳ
1287 701 1517 756 περιαγωγῇ
1533 700 1602 742 καὶ
1612 698 1739 742 Λέων

283 760 304 804 ὅ
329 765 498 812 Φωκᾶς,
526 760 679 818 ἡμιόνῳ
704 760 952 819 ἐφεζόμενος.
1733 789 1736 796 ,

417 829 698 887 Κατηγορήθη
723 830 853 873 δὲκαὶ
873 830 970 887 Ζωὴ
997 829 1023 886 ἢ
1048 833 1210 886 βασιλὶς
1236 836 1288 890 τῇ
1317 834 1398 890 ζωῇ
1421 832 1738 887 ἐπιβουλεύουσα

281 902 354 940 τοῦ
377 896 607 953 Ῥωμανοῦ,
643 900 710 941 καὶ
737 901 810 942 τοῦ
839 900 1035 943 παλατιόυ
1066 899 1302 957 κατάγεται,
1338 901 1412 944 κᾶν
1440 905 1493 958 τῇ
1519 906 1592 957 τῆς
1621 900 1792 959 §stag-10

281 966 501 1023 Εὗφημιάς
522 970 627 1023 μονῇ
649 967 914 1022 ἀποκείρεται.
980 967 1180 1024 ἐξεβλήθη
1204 969 1248 1012 δὲ
1268 973 1341 1024 τῆς
1367 967 1521 1021 πόλεως
1540 972 1607 1014 καὶ
1633 971 1738 1015 Θεο-

282 1033 487 1090 φύλακτος
502 1033 709 1091 πατρίκιος
726 1038 792 1078 καὶ
815 1034 1027 1092 Θεόδωρος
1045 1034 1065 1080 ὅ
1087 1038 1342 1093 παιδαγωγὸς
1359 1042 1433 1081 τοῦ
1447 1039 1648 1093 βασιλέως
1668 1041 1738 1082 καὶ

140 1106 168 1140 Ρ
192 1106 259 1141 619
283 1101 304 1144 ὃ
326 1102 469 1146 τούτου
490 1103 674 1158 ὁμαίμων
692 1102 874 1158 Συμεών,
909 1107 975 1147 καὶ
1002 1106 1043 1147 ἐν
1065 1109 1124 1164 τῷ
1150 1106 1296 1164 ὀψικίῳ
1320 1105 1469 1162 διάγειν
1489 1105 1736 1163 ἐτάχθησαν,

281 1169 336 1221 ὥς
365 1169 470 1226 τάχα
501 1172 603 1215 κατὰ
629 1170 838 1227 Ῥωμανοῢ
872 1177 1124 1227 μελετῶντες.
1204 1172 1431 1230 ὕπουργησε
1462 1175 1507 1217 δὲ
1526 1175 1638 1232 ’πρὸς
1665 1175 1737 1219 τὸν

280 1240 594 1299 ἐξοστρακισμὸν
612 1245 693 1284 τῶν
713 1239 904 1283 τοιούτων
926 1239 946 1283 ὃ
968 1239 1234 1299 δρουγγάριος
1250 1246 1322 1297 τῆς
1346 1243 1490 1299 βίγλας
1505 1240 1690 1299 Ἰωάννης
1711 1241 1733 1286 ὃ
1747 1245 1791 1282 15

279 1306 544 1364 Κουρκούας,
601 1310 803 1367 αἰφνίδιον
832 1308 1095 1367 συναρπάσας
1124 1309 1272 1361 αὐτοὺς
1298 1312 1366 1353 καὶ
1394 1311 1548 1362 πλοίοις
1578 1313 1636 1362 εἷς
1661 1310 1737 1367 τὴν

279 1378 449 1433 περαίαν
469 1376 729 1431 διαβιβάσας.

418 1449 486 1502 Τῇ
506 1447 549 1488 δὲ
567 1444 627 1488 κδ’
647 1450 719 1488 τοῦ
734 1445 1010 1502 Σεπτεμβρίου
1027 1443 1154 1500 μηνὸς
1172 1443 1358 1502 ἀνάγεται
1372 1443 1576 1501 Ῥωμανός
1593 1448 1650 1498 εἷς
1663 1446 1737 1503 τὴν

282 1515 356 1555 τοῦ
377 1514 588 1571 Καίσαρος
609 1514 738 1565 ἀξίαν,
772 1514 839 1556 καὶ
858 1514 1096 1571 Δεκεμβρίῳ
1121 1516 1216 1569 μηνὶ
1242 1518 1298 1573 τῷ
1320 1518 1395 1569 τῆς
1414 1515 1624 1568 βασιλείας
1643 1517 1737 1558 διαε-

285 1578 434 1634 δήματι
471 1583 680 1640 στέφεται,
728 1583 922 1638 ἐπιτροπῇ
952 1586 1025 1625 τοῦ
1060 1582 1259 1636 βασιλέως
1291 1584 1596 1626 Κωνσταντίνου
1606 1614 1620 1635 ,
1662 1587 1793 1626 wizo

283 1648 533 1706 πατριάρχου
553 1648 761 1693 Νικολάου
785 1650 907 1693 αὐτὸν
926 1648 1213 1705 ἀναδήσαντος.
1237 1684 1239 1686 -
1275 1648 1482 1705 Ῥωμανὸς
1510 1652 1555 1693 δὲ
1574 1668 1737 1694 ταινιω-

284 1719 375 1767 θεὶς
397 1723 453 1775 τῷ
475 1722 674 1776 βασιλικῷ
699 1716 917 1773 διαδήματι
945 1719 1081 1775 στέφει
1103 1719 1195 1761 κατ’
1228 1717 1353 1773 αὐτὴν
1377 1718 1452 1774 τὴν
1476 1716 1632 1775 ἡμέραν
1656 1723 1738 1763 τῶν

285 1783 406 1840 ἁγίων
424 1785 570 1843 φώτων
587 1789 654 1829 καὶ
676 1786 749 1842 τὴν
771 1785 916 1829 ἑαυτοῦ
934 1786 1103 1844 σύζυγον
1125 1785 1356 1844 Θεοδώραν.
1390 1807 1407 1817 *
1428 1789 1562 1846 Μαΐῳ
1582 1788 1628 1831 δὲ
1641 1789 1738 1844 μηνὶ

372 1904 396 1938 2
418 1905 640 1948 κτηματικοῦ
664 1905 694 1940 C
876 1904 900 1939 4
921 1902 1133 1947 κυνηγέσιον
1156 1904 1186 1939 C
1349 1888 1376 1940 '5
1398 1902 1683 1947 συλληφθέντων
1706 1905 1737 1939 C

377 1950 400 1984 6
421 1949 563 1990 πόλεως
585 1951 615 1986 C
754 1952 798 1986 10
815 1949 882 1984 τοῦ
908 1954 988 1984 ante
1005 1947 1197 1992 Ῥωμανοῦ
1222 1961 1278 1986 om
1299 1949 1331 1984 C
1468 1951 1513 1986 18
1537 1948 1658 1986 εἰκάδι
1679 1962 1737 1987 τε-

375 1992 491 2042 τάρτη
515 1997 545 2031 C
680 1997 726 2033 22
747 1995 817 2041 τὴν
844 1993 953 2041 ἁγίαν
975 1992 1117 2041 ἡμέραν
1140 1996 1170 2031 C

374 2095 474 2131 Aliae
501 2109 607 2145 porro
640 2098 789 2133 insidiae
809 2098 966 2132 Romano
997 2100 1078 2132 sunt
1107 2100 1263 2132 structae
1293 2108 1315 2132 a
1337 2095 1566 2132 Constantino
1589 2096 1737 2142 quodam

283 2141 508 2187 Ctemateno,
541 2144 678 2179 Davido
702 2144 925 2188 Cumuliano,
959 2147 995 2177 et
1023 2143 1194 2178 Michaelo
1223 2148 1384 2181 curatore
1406 2154 1662 2187 manganorum.
1708 2142 1738 2176 ii

287 2187 563 2225 adolescentibus
591 2191 794 2235 quibusdam
824 2189 965 2224 armatis
995 2189 1170 2233 negotium
1201 2189 1373 2223 dederunt
1398 2188 1566 2233 Romani,
1606 2187 1737 2224 cumis

289 2240 450 2268 venatum
474 2235 598 2281 exiret,
624 2236 870 2271 interficiundi.
915 2234 1039 2280 quibus
1062 2234 1211 2279 cognitis
1234 2239 1270 2269 et
1290 2233 1559 2280 comprehensis,
1583 2234 1737 2269 auctori-

288 2279 353 2312 bus
375 2280 578 2316 insidiarum
602 2282 693 2316 oculi
715 2287 797 2316 sunt
821 2281 958 2323 effossi,
989 2285 1027 2315 et
1053 2280 1197 2315 ludibrii
1227 2291 1331 2315 causa
1362 2291 1427 2325 per
1455 2279 1603 2315 medium
1624 2280 1739 2316 forum

289 2324 524 2370 circumducti,
554 2328 716 2373 interque
738 2339 798 2362 eos
819 2328 893 2362 Leo
916 2327 1051 2361 Phocas
1074 2325 1185 2361 mulae
1205 2325 1375 2361 insidens.

381 2372 552 2408 Accusata
576 2379 628 2407 est
649 2374 751 2408 etiam
776 2374 850 2408 Zoe
873 2372 1077 2418 imperatrix
1097 2371 1198 2417 quasi
1228 2383 1346 2406 necem
1368 2372 1525 2406 Romano
1548 2374 1644 2406 esset
1663 2382 1738 2406 ma-

290 2415 451 2461 chinata,
488 2425 525 2453 et
546 2419 678 2465 palatio
702 2421 862 2454 submota
881 2430 923 2452 ae
943 2429 1023 2452 rasa
1044 2418 1082 2452 in
1111 2417 1353 2452 monasterium
1375 2418 1415 2452 S.
1435 2416 1652 2462 Euphemiam
1673 2417 1737 2453 de-

289 2465 397 2495 trusa.
446 2463 576 2499 eiectus
606 2466 709 2499 etiam
741 2471 796 2500 est
824 2466 912 2499 urbe
935 2463 1221 2509 'I'heophylactus
1243 2462 1434 2508 patricius,
1469 2474 1510 2497 ac
1532 2462 1740 2497 Theodorus

288 2505 508 2551 imperatoris
526 2511 769 2556 paedagogus,
803 2511 946 2555 eiusque
969 2520 1151 2554 germanus
1175 2509 1339 2554 Simeon,
1374 2509 1468 2554 quod
1488 2508 1526 2542 in
1548 2509 1739 2543 Romanum

290 2551 420 2596 aliquid
443 2555 552 2589 moliti
575 2563 710 2601 essent,
742 2557 898 2601 iussique
927 2556 963 2589 in
988 2555 1134 2601 Opsicio
1164 2554 1305 2599 degere.
1352 2555 1397 2589 ad
1419 2553 1482 2588 hos
1502 2553 1739 2599 deportandos

292 2608 431 2641 operam
456 2601 600 2636 contulit
622 2603 769 2637 Ioannes
792 2604 947 2636 Curcuas
971 2600 1177 2645 drungarius
1198 2600 1351 2645 vigiliae,
1374 2598 1435 2645 qui
1457 2609 1518 2634 eos
1540 2598 1656 2634 subito
1679 2611 1738 2634 ar-

291 2648 409 2688 reptos
436 2646 581 2680 navibus
602 2647 638 2681 in
663 2649 855 2694 oppositam
879 2647 1109 2682 continentem
1131 2645 1286 2682 traiecit.

384 2690 598 2734 Septembris
622 2695 747 2728 mensis
769 2695 827 2728 die
849 2695 894 2728 24
915 2693 1069 2727 Romano
1091 2691 1255 2726 Caesaris
1278 2690 1430 2735 dignitas
1459 2688 1575 2724 delata
1603 2693 1676 2733 est,
1705 2692 1742 2724 et

293 2745 410 2768 mense
434 2737 617 2771 Decembri
641 2739 864 2785 imperatorio
889 2743 941 2774 est
963 2737 1142 2773 redimitus
1166 2736 1371 2780 diademate,
1404 2747 1427 2770 a.
1452 2734 1652 2781 patriarcha
1673 2734 1741 2768 Ni-

293 2779 409 2823 colao,
447 2783 616 2827 permissu
651 2785 883 2830 imperatoris.
931 2790 1115 2818 coronatus
1149 2788 1261 2817 autem
1292 2782 1349 2816 die
1380 2792 1554 2815 sacrorum
1582 2780 1745 2814 luminum

292 2835 433 2860 uxorem
457 2839 595 2874 quoque
618 2842 713 2865 suam
736 2831 957 2866 Theodoram
979 2834 1135 2875 coronat,
1164 2833 1200 2864 et
1220 2839 1336 2863 mense
1357 2827 1465 2873 Maio,
1496 2826 1555 2862 die
1574 2831 1743 2873 penteco-
