1916 3210
499 212 899 259 HISTORIARUM
927 211 1316 258 COMPENDIUM.
1542 209 1606 256 48
1617 210 1640 255 1

182 323 421 373 Madv
445 342 490 371 τε
520 326 593 371 τὸν
618 326 842 371 πολλοστὸν
868 325 961 382 μετ’
992 326 1164 378 ἐκείνους
1190 326 1317 382 μέγαν
1350 322 1641 381 ἑταιρειάρχην.

178 393 434 454 προψάλετο
462 396 508 439 δὲ
537 397 606 439 καὶ
640 398 768 439 ὃοῦκα
796 396 1038 452 Ἀντιοχείας
1072 393 1262 450 εὖνοῦχόν
1288 411 1378 438 τινα
1406 391 1641 448 Σπονδόλην

183 462 409 522 λεγόμενον,
454 465 524 508 καὶ
547 464 736 522 Ἰβηρίας
761 462 946 520 Νικήταν
969 464 1040 508 τὸν
1065 466 1110 507 ἐκ
1135 465 1379 515 Πισσιδίας,
1426 464 1494 506 καὶ
1514 460 1642 519 ἄμφω

176 530 426 592 ’ἔπιρρήτους
441 531 687 591 ἀνθρώπους
707 535 775 576 καὶ
795 530 1020 591 πονηρούς·
1047 534 1188 584 οἵτινες
1206 537 1390 590 ταραχῆς
1406 532 1473 574 καὶ
1493 527 1643 587 συγχύ-

145 609 175 646 4εἰ
185 618 287 653 σεως
304 601 356 646 τὰ
377 600 510 646 πάντα
533 599 818 659 πληρώσαντες
832 605 982 660 μικροῦ
998 601 1072 656 τὴν
1090 603 1300 655 βασιλείαν
1316 601 1544 658 ἀνέτρεψαν
1562 598 1643 655 ἤδη

182 674 318 722 καλῶς
337 671 536 727 ἀγομένην
552 670 632 713 ἀπό
655 687 699 714 τε
715 674 789 726 τῆς
808 671 1127 726 αὐτοκρατορίας
1142 668 1353 725 Ῥωμανοῧ
1371 673 1445 712 τοῦ
1462 675 1547 712 τοΐν
1562 673 1644 723 βα·-

178 739 331 783 cauum
349 737 527 797 πατρός,
568 737 812 797 Νικηφόρου
841 739 887 782 δὲ
915 740 982 781 καὶ
1010 736 1208 782 Ἰωάννου
1235 739 1303 781 καὶ
1320 739 1537 781 Βασιλείου
1563 741 1644 780 τῶν

183 807 288 852 κατὰ
306 807 502 863 διαδοχὰς
519 808 745 862 δεξαμένων
763 807 815 850 τὰ
835 811 1019 864 σκῆπτρα
1045 808 1113 850 καὶ
1135 807 1319 865 φοβερὰν
1343 807 1644 862 καθισταμένην
1665 816 1695 853 Β

180 882 268 928 τοῖς
281 875 569 932 πλησιάζουσιν
586 875 736 919 ἔθνεσι.
767 878 836 919 καὶ
854 876 903 919 οὗ
914 874 1040 930 μόνον
1053 874 1280 934 ἀδιάφορον
1300 874 1375 930 εἶχε
1394 875 1467 932 τὴν
1484 875 1646 932 γνώμην

128 952 176 989 10
185 945 329 996 brafe
341 949 424 989 τῶν
441 945 578 1003 ἀρχῶν
591 948 825 1003 προβολαῖς,
847 942 903 995 ὥς
918 944 1054 1000 ἔτυχεν
1072 943 1199 995 αὐτὰς
1215 943 1429 997 καθιστάς,
1454 944 1560 987 ἀλλὰ
1576 948 1646 988 καὶ

179 1013 276 1065 τοὺς
291 1013 630 1070 ἀξιολογωτέρους
644 1015 714 1056 καὶ
733 1014 1029 1071 ὁόκιμωτέρους
1046 1015 1185 1057 ἐδίωκε
1205 1013 1274 1056 διὰ
1297 1012 1459 1066 παντός,
1476 1020 1561 1065 τοῖς
1579 1015 1645 1056 εὖ-

180 1083 363 1138 δοκίμοις
378 1081 662 1138 ἐπιβουλεύων.
697 1081 960 1140 ἀπετύφλωσε
979 1083 1053 1138 μὲν
1067 1083 1146 1140 γὰρ
1167 1084 1235 1125 καὶ
1246 1084 1553 1126 Κωνσταντΐνον
1565 1100 1644 1125 πα-

176 1153 331 1209 ‘cahem
342 1151 413 1195 τὸν
422 1151 511 1194 υἱὸν
522 1152 698 1207 Μιχαὴλ
710 1152 934 1209 μαγίστρου
948 1157 1021 1195 τοῦ
1034 1151 1237 1209 Βούρτζῃ,
1262 1152 1340 1208 πρὸ
1358 1156 1430 1207 τῆς
1442 1152 1644 1210 αὐτοκρα-

178 1221 320 1279 τορίας
331 1221 458 1264 αὐτοῦ
470 1218 775 1278 προσκρούοντα
787 1223 855 1263 καὶ
867 1220 942 1271 τὰς
955 1218 1205 1272 ἀκολάστους
1218 1220 1328 1279 αὐτῷ
1341 1220 1504 1278 πράξεις
1514 1224 1646 1264 Βασι-

125 1291 272 1348 λὸλείῳ
284 1294 343 1348 τῷ
353 1293 520 1344 βασιλεῖ’
533 1288 753 1345 μηνύοντα,
774 1291 842 1332 καὶ
856 1288 1005 1341 ἄλλους
1023 1290 1096 1333 οὒκ
1110 1289 1269 1347 ὀλίγους
1289 1289 1442 1347 ἄνδρας
1459 1290 1645 1346 ἀγαθοὺς

176 1357 390 1416 ἠφάνισεν,
420 1356 478 1410 ὦς
500 1358 653 1416 προϊὼν
673 1359 806 1416 ἐξείπῃ
827 1357 849 1401 ὃ
871 1356 1003 1415 λόγος.
1072 1361 1140 1401 καὶ
1167 1359 1219 1402 τὰ
1247 1359 1323 1413 μὲν
1351 1360 1544 1416 προοίμια
1572 1363 1646 1414 τῆς

179 1428 499 1485 αὐτοκρατορίας
519 1428 646 1471 αὐτοῦ
666 1431 795 1471 ταῦτα
817 1429 883 1470 καὶ
909 1432 1101 1471 τοιαῦτα·
1141 1428 1194 1471 τὰ
1215 1428 1259 1470 δὲ
1276 1428 1380 1482 μετὰ
1399 1432 1529 1471 ταῦτα
1547 1430 1645 1471 ποία

179 1495 230 1539 ἂν
248 1497 316 1539 καὶ
333 1497 428 1540 κατ’
453 1496 569 1548 ἀξίαν
587 1495 878 1554 παραστήσειεν
895 1497 1081 1554 favonia,-
1109 1495 1246 1551 μόνων
1262 1494 1363 1554 γάρ,
1397 1495 1453 1547 ὡς
1472 1497 1637 1553 ἐρρέθη,
1663 1498 1693 1533 C

179 1564 411 1620 ἔξεχόμενος
427 1569 704 1622 γελωτοποιῶν
720 1567 788 1608 καὶ
807 1567 958 1620 μίμων,
993 1567 1061 1608 καὶ
1088 1567 1178 1623 περὶ
1206 1565 1281 1616 τὰς
1310 1565 1582 1623 ἱπποδρομίας
1610 1567 1652 1608 εἴ

121 1634 254 1692 Ξθπέρ
274 1651 337 1686 τις
356 1633 480 1685 ἄλλος
499 1633 696 1690 κεχηνώς,
731 1634 847 1690 ἔργον
863 1633 989 1689 μόνον
1011 1635 1230 1691 ἀναγκαῖον
1246 1632 1397 1685 ταύτας
1419 1633 1565 1691 ἢγεΐτο,
1590 1636 1643 1678 τὰ

179 1703 301 1746 λοιποὶ
327 1703 504 1760 μηδενὸς
530 1703 654 1755 ἀξιῶν
679 1702 800 1760 λόγου
828 1704 933 1746 ἀλλὰ
958 1702 1126 1762 δεύτερα
1146 1702 1397 1760 λογιζόμενος
1416 1708 1496 1747 τῶν
1514 1704 1642 1748 αὐτοῦ

179 1769 415 1816 ἀκολάστων
437 1771 577 1831 ἔργων.
644 1771 884 1830 Νικηφόρον
912 1773 992 1830 γὰρ
1018 1772 1090 1816 τὸν
1107 1771 1336 1828 Κομνηνόν,
1371 1771 1503 1831 ἄνδρα
1525 1790 1643 1817 συνε-

176 1839 249 1884 τὸν
271 1842 339 1885 καὶ
361 1842 430 1884 ἐπ’
453 1841 580 1900 ἀρετῇ
605 1842 672 1884 καὶ
701 1841 848 1903 ἀνδρίᾳ
875 1842 1139 1897 βεβοημένον,
1181 1843 1354 1898 Μηδίας
1370 1840 1548 1900 ἄρχοντα
1568 1847 1641 1898 τῆς

270 1959 291 1996 1
315 1956 531 2003 εὖστράτιον
550 1958 621 1996 τὸν
641 1961 672 1995 C
854 1961 878 1996 6
905 1960 1027 2002 κακῶς
1054 1961 1084 1995 Ρ
1269 1962 1292 1997 8
1314 1959 1586 2007 διαδεξαμένων
1609 1962 1641 1995 C

270 2007 316 2041 10
337 2005 479 2046 ταύτας
499 2007 530 2041 C
630 2007 674 2042 14
698 2005 1001 2051 προσκρούοντας
1025 2008 1056 2042 C
1182 2008 1226 2042 16
1246 2004 1383 2050 ἐξείποι
1405 2008 1436 2042 C
1574 2007 1642 2050 τῆς

269 2049 390 2088 αὐτοῦ
413 2051 599 2099 βασιλείας
622 2054 780 2088 τοιαῦτα
803 2054 833 2088 C
978 2055 1020 2089 18
1043 2051 1326 2100 παραστήσηται
1347 2054 1376 2087 Ρ

96 2162 100 2165 “
172 2154 414 2200 Eustathium,
437 2153 501 2200 qui
520 2154 623 2200 longo
648 2155 736 2190 istos
759 2157 1039 2201 subsequebatur
1061 2156 1258 2200 intervallo,
1282 2166 1426 2200 magnae
1447 2154 1643 2189 sodalitatis

177 2201 300 2236 ducem
321 2200 514 2237 constituit.
537 2201 754 2236 Antiocheae
777 2203 898 2237 ducem
916 2203 1004 2237 fecit
1019 2202 1225 2248 Spondylen
1247 2203 1416 2247 quendam
1438 2200 1642 2243 eunuchum,

179 2252 218 2282 et
237 2246 377 2282 Iberiae
399 2246 563 2282 Nicetam
586 2259 606 2282 e
629 2247 764 2282 Pisidia
788 2249 989 2292 oriundum,
1026 2254 1208 2293 utrumque
1231 2248 1383 2282 malitiae
1406 2246 1559 2281 infamis.
1606 2247 1643 2280 hi

177 2292 382 2328 tumultibus
413 2293 526 2327 omnia
557 2298 594 2327 et
625 2293 830 2328 confusione
858 2294 1041 2340 implentes
1070 2300 1274 2329 everterunt
1293 2293 1507 2339 propemodo
1531 2292 1643 2337 impe-

176 2338 287 2381 rium3
310 2338 404 2384 quod
426 2338 494 2372 iam
517 2338 599 2373 inde
622 2350 644 2372 a
658 2339 815 2374 Romano
840 2340 941 2374 huius
961 2346 1073 2386 patre,
1097 2346 1271 2385 sceptrum
1293 2339 1416 2374 ordine
1437 2338 1642 2383 gerentibus

176 2384 382 2432 Nicephoro
398 2383 578 2419 Tzimisca
601 2390 638 2419 et
657 2385 802 2430 Basilio,
826 2386 995 2421 floruerat
1017 2397 1058 2420 ac
1078 2386 1206 2421 terrori
1227 2386 1355 2420 vicinis
1376 2384 1541 2430 gentibus
1561 2385 1640 2419 sue·

177 2436 246 2466 rat.
281 2437 319 2466 et
340 2442 426 2466 vero
450 2430 701 2465 Constantinus
724 2443 793 2466 non
816 2433 917 2467 modo
941 2433 1073 2477 absque
1093 2432 1223 2467 iudicio
1248 2436 1284 2467 et
1302 2438 1434 2468 temere
1455 2430 1641 2476 magistra-

177 2482 236 2513 tus
256 2478 408 2523 legebat,
433 2477 496 2511 sed
518 2481 554 2511 et
572 2477 906 2523 praestantissimum
930 2489 1102 2523 quemque
1124 2480 1287 2523 vexabat,
1323 2489 1365 2512 ac
1388 2489 1457 2513 non
1480 2478 1641 2512 cessabat

175 2523 371 2559 illustribus
392 2522 480 2558 viris
502 2523 676 2561 insidiari.
724 2524 790 2558 hoc
814 2525 914 2559 modo
939 2514 1207 2560 Constantinuin
1239 2524 1441 2571 patricium,
1481 2523 1641 2568 magistri

175 2569 343 2606 Michaeli
362 2570 515 2605 Burtzae
536 2569 663 2613 filium,
688 2570 796 2604 oculis
821 2571 996 2616 privavit,
1021 2571 1175 2606 offensus
1194 2572 1238 2606 ab
1262 2582 1304 2605 eo
1329 2576 1410 2605 ante
1434 2570 1555 2604 initum
1574 2569 1638 2603 im-

176 2617 326 2662 perium,
349 2615 454 2651 fratri
475 2615 607 2650 Basilio
631 2616 749 2661 turpia
771 2617 883 2663 ipsius
905 2617 1001 2651 facta
1023 2617 1213 2652 indicante.
1260 2622 1297 2651 et
1322 2617 1410 2651 alios
1434 2616 1526 2651 haud
1549 2626 1638 2660 pau-

170 2671 239 2697 cos
259 2667 482 2709 praestantes
506 2663 603 2697 viros
628 2674 647 2696 e
670 2662 782 2697 medio
805 2662 967 2707 sustulit,
1003 2668 1043 2698 ut
1063 2675 1127 2698 suo
1150 2663 1226 2699 loco
1250 2663 1398 2698 dicetur.
1445 2662 1531 2697 talia
1553 2673 1637 2705 ergo

176 2708 322 2744 fuerunt
337 2707 477 2754 imperii
498 2708 600 2743 huius
623 2708 738 2743 initia.
770 2720 861 2754 quae
883 2710 1069 2745 subsecuta
1089 2715 1182 2753 sunt,
1207 2721 1374 2764 quaenam
1397 2708 1511 2755 possit
1533 2707 1639 2753 digne

178 2754 356 2801 explicare
377 2754 562 2790 narratio?
599 2755 696 2799 solis,
721 2755 773 2789 uti
797 2755 924 2800 monui,
961 2755 1098 2791 deditus
1122 2768 1253 2791 scurris
1277 2767 1319 2791 ac
1341 2755 1452 2790 mimis
1475 2758 1511 2790 et
1532 2754 1638 2799 ludis,

178 2806 220 2836 ut
243 2812 342 2836 nemo
373 2811 522 2847 unquam
554 2801 686 2847 magis,
717 2802 937 2847 equestribus
961 2808 1104 2848 captus,
1138 2803 1202 2837 hos
1233 2802 1335 2837 unice
1364 2801 1433 2837 sibi
1465 2800 1639 2836 curandos

179 2847 428 2892 arbitrabatur,
453 2846 677 2893 reliquorum,
701 2848 794 2893 quod
818 2859 860 2884 ea
886 2847 961 2884 suis
986 2848 1130 2894 ineptiis
1153 2860 1195 2883 ac
1217 2848 1419 2883 libidinibus
1441 2846 1639 2903 posteriora

177 2894 350 2940 ducebat,
374 2893 502 2929 nullam
518 2893 651 2929 habens
673 2894 857 2933 rationem.
902 2894 1140 2942 Nicephorum
1162 2896 1394 2940 Comnenum,
1416 2905 1530 2929 virum
1554 2903 1637 2938 pru-

232 2947 364 2993 Georg.
395 2947 569 2983 cedrenus
596 2952 680 2983 tom.
711 2948 759 2982 11.
1304 2944 1358 2985 31
