1916 3210
273 175 381 226 698-
677 175 903 222 IOANNIS
923 175 1319 226 GUROPALATAE

273 287 486 349 φάλαγγας
515 285 669 344 ἔχοντες
687 290 936 346 στρατιῶται
946 319 960 341 ,
998 288 1074 340 τὰς
1100 286 1732 351 σημαίαςἰδόντες,-νόπιαθορμῆψν

272 375 391 409 τους,
438 351 561 412 ἧτταν
594 354 693 400 εἶναι
722 356 768 400 τὸ
799 360 967 414 πρᾶγμα
993 357 1209 413 βασιλικὴν
1236 355 1505 414 ὖπετόπασαν.
1557 364 1728 415 ,μᾶλλον

236 461 242 467 ,
275 426 324 469 δέ
349 442 410 475 τις
434 429 514 467 τῶν
545 422 840 481 ἐφεδρευόντων
867 424 998 484 αὐτῷ,
1027 424 1278 483 Ἀνδρόνικος
1295 424 1317 470 ὅ
1335 430 1409 470 τοῦ
1428 427 1730 487 Καίσαροςςμὲν

273 493 362 543 υἱὸς
378 496 456 535 τῶν
475 492 520 534 δὲ
535 492 735 546 βασιλέων
751 491 992 550 ἐξάδελφος,
1021 494 1415 550 προβεβουλευμένην
1434 493 1536 549 ἔχων
1552 495 1730 550 τὴν-ἐπο-

269 561 424 616 βουλὴν
455 559 577 610 αὐτὸς
606 559 664 602 δι’
699 559 846 608 ἑαυτοῦ
864 561 934 604 τὸν
953 566 1133 605 τοιοῦτον
1155 561 1272 619 λόγον
1294 564 1526 621 διέσπειρε,.-
1545 562 1762 615 καὶπῶς-5

270 630 363 686 περὶ
385 627 508 671 αὖτόν
527 626 777 685 στρατιώτας
799 629 1016 683 ἀναλαβὼν
1034 630 1159 685 ταχὺς
1179 634 1232 688 τῇ
1251 634 1491 689 παρεμβολῇ
1497 621 1732 688 ἰφοίτησὰν.
1782 665 1784 667 -

271 696 294 740 ὃ
321 698 389 739 καὶ
415 697 454 740 οἶ
478 698 615 741 λοιποὶ,
629 695 901 752 μιμησάμενοι
921 696 978 748 εἷς
995 700 1139 749 καθεὶς
1158 698 1335 758 ἀμαχητὶ
1352 699 1426 755 τὴν
1448 698 1580 757 φυγὴν
1595 697 1731 755 ἠσπά-

131 774 163 810 Ρ
182 775 249 811 841
273 782 411 809 σαντο.
480 762 577 808 δ’δὲ
603 764 796 817 βασιλεὺς
825 765 923 808 ἰδὼν
951 765 997 809 τὸ
1025 765 1255 823 παράλογον
1275 766 1369 823 ἔστη
1386 767 1558 824 τὴντῶν
1578 767 1741 811 οἰκείων·

273 831 427 893 φυγήν,
456 831 511 884 ὥς
529 832 647 885 ἔθος,
676 830 1010 888 ἀνακαλούμενος.
1061 829 1112 890 ἦν
1130 836 1175 878 δὲ
1193 833 1214 878 ὃ
1233 833 1441 880 ἐπακούων
1457 834 1601 887 οὐδείς.
1649 838 1733 880 τῶν

275 903 318 945 δ’
343 902 529 948 ἐναντίων
550 901 588 944 οἶ
610 902 673 944 ἐπὶ
690 899 830 959 λόφων
847 900 1077 957 ἱστάμενοι,
1110 902 1157 946 -τὸ
1185 902 1416 961 παράλογον
1442 901 1595 955 ῗδόντες
1620 902 1788 955 gaam

275 988 380 1029 φνης
397 974 477 1013 τῶν
491 967 700 1024 Ῥωμαίων
717 969 905 1025 ἀτύχημα
913 1002 927 1022 ,
961 974 1019 1028 τῷ
1037 969 1243 1030 σουλτάνῳ
1263 974 1423 1029 σπουδῇ
1438 972 1733 1029 ἀπαγγέλλουσι

273 1038 320 1082 τὸ
354 1036 557 1094 ὁρώμενον
585 1039 654 1083 καὶ
686 1038 760 1094 τὴν
787 1038 1034 1096 ἐπιστροφὴν
1061 1038 1188 1082 αὐτοῦ
1211 1041 1507 1096 κατεπείγουσι,
1541 1037 1749 1098 φεύγοντι-

274 1108 341 1149 καὶ
362 1107 472 1164 αὐτῷ
491 1104 570 1161 ἤδη
591 1107 658 1148 καὶ
677 1106 848 1165 μακρὰν
861 1111 934 1162 τῆς
955 1107 1316 1166 οἰκείας-γενομένῳ
1339 1106 1553 1159 ἐπαύλεως.
1605 1107 1734 1159 εὐθὺς

274 1170 345 1218 οὖν
372 1172 632 1218 ἐπανελθόντι
661 1175 770 1234 αὐτῷ
791 1173 903 1230 μάχη
924 1192 986 1226 τις
1006 1173 1146 1233 ἀθρόα
1165 1179 1224 1234 τῷ
1240 1179 1406 1231 βασιλεῖ’
1417 1168 1733 1234 προσρῆγῗωταιε

272 1241 463 1293 κελεύσας
486 1243 530 1286 δὲ
554 1242 651 1293 τοὺς
672 1243 789 1301 ἀμφ’
823 1243 947 1287 αὐτὸν
972 1243 1031 1300 μὴ
1058 1245 1242 1287 ἐνδοῦναι
1260 1244 1365 1300 μηδὲ
1383 1243 1568 1299 μαλακόν
1587 1261 1628 1288 τι
1648 1261 1731 1287 πα-
1741 1250 1787 1294 15

271 1316 387 1364 θεῖν,
423 1312 516 1354 ἀλλ’
551 1310 704 1369 ἄνδρας
733 1316 910 1370 φανῆναι
938 1309 1146 1369 ἀγαθούς,
1178 1310 1360 1368 ἠμύνατο
1391 1313 1466 1368 μὲν
1497 1313 1733 1371 ἐρρωμένως

273 1381 391 1437 μέχρι
409 1383 575 1428 πολλοῦ.
627 1381 670 1423 ἐν
688 1379 820 1440 τούτῳ
837 1381 882 1423 δὲ
897 1385 969 1436 τῆς
986 1384 1067 1424 τῶν
1086 1380 1222 1424 ἄλλων
1237 1385 1370 1465 φυγῆς
1388 1378 1737 1439 περιαντλησοῖσης,

219 1458 251 1494 Β
275 1447 351 1500 ἔξω
370 1449 455 1491 ,τὸν
481 1446 646 1506 χάρακα
674 1447 792 1505 λόγος
820 1448 958 1507 σαφὴς
973 1449 1053 1497 ,οὒκ
1072 1447 1264 1505 ἠκούετο,
1298 1453 1442 1493 αλλοτε
1471 1448 1606 1492 ἄλλων
1631 1447 1732 1493 ἄλλο

270 1516 583 1574 ἀφηγουμένων,
617 1521 698 1560 τῶν
718 1517 792 1572 μὲν
811 1518 964 1572 τροπὴν
984 1522 1065 1560 τῶν
1086 1518 1130 1561 δὲ
1148 1519 1260 1573 νίκην
1280 1516 1606 1574 ἀπαγγελλόντων
1615 1547 1630 1570 ,
1656 1517 1734 1560 ’καὶ

270 1582 570 1640 καταλεγόντων
590 1584 793 1644 ἅσημά,τε
813 1587 880 1627 καὶ
901 1584 1177 1641 ἀδιάγνωστα,
1211 1586 1287 1636 ἕως
1306 1587 1374 1636 καὶ
1396 1590 1477 1629 τῶν
1499 1587 1788 1629 Καππαδο-20
1849 1627 1851 1629 ,
1914 1604 1916 1606 ·

227 1683 231 1685 μ
270 1657 353 1696 κῶν
378 1650 552 1710 ’ἤρξαντό
578 1670 682 1703 τινες
712 1655 780 1696 καὶ
805 1653 919 1696 αὐτοὶ
946 1653 1072 1696 αὐτοῦ
1097 1653 1326 1712 ἄποφοιτᾶν
1344 1653 1449 1696 κατὰ
1470 1654 1645 1712 φατρίας
1664 1654 1734 1696 καὶ

272 1722 517 1778 συμμορίας.
584 1723 725 1763 πολλοὶ
752 1721 797 1764 δὲ
824 1723 891 1764 καὶ
911 1725 991 1765 τῶν
1012 1725 1233 1776 βασιλικῶν
1252 1721 1488 1777 ἱπποκόμων
1505 1722 1580 1772 σὺν
1596 1721 1735 1772 αὐτοῖς

272 1791 412 1848 ῗῃποις
431 1787 683 1847 ὑπέστρεφον
692 1820 712 1841 ,,
739 1789 796 1844 μὴ
822 1791 920 1850 ἰδεῖν
940 1790 1011 1839 τὸν
1031 1790 1202 1852 βασιλέα
1222 1789 1524 1845 διενιστάμενοι.
1589 1791 1659 1849 καὶ
1683 1784 1734 1843 ἦν

273 1857 438 1912 σεισμὸς
470 1854 556 1900 οἷον
586 1859 652 1900 καὶ
682 1857 861 1916 ὀδυρμὸς
890 1859 957 1901 καὶ
988 1856 1118 1916 φόβος
1144 1848 1359 1914 ἇκίχητος,
1393 1861 1461 1902 καὶ
1487 1859 1527 1902 οἳ
1553 1862 1733 1916 Τοῦρκοι

272 2009 463 2058 phalanges
484 2010 680 2054 habebant,
711 2010 903 2057 conspicati
927 2011 1026 2057 signa
1048 2013 1144 2046 retro
1167 2009 1489 2046 conversa-cladem
1511 2011 1557 2046 ab
1578 2010 1731 2058 impera-

273 2061 351 2093 tore
374 2061 552 2102 acceptam
573 2055 741 2102 suspicati
762 2063 856 2092 sunt.
901 2057 1004 2092 immo
1027 2069 1111 2092 vero
1130 2056 1268 2102 quidam
1293 2068 1336 2090 ex
1358 2056 1404 2091 iis
1430 2057 1493 2102 qui
1514 2057 1548 2092 ei
1571 2058 1732 2103 aderant,

271 2102 492 2138 Andronicus
515 2102 679 2137 Caesaris
701 2102 793 2138 filius
814 2103 1035 2149 imperatoris
1057 2101 1242 2149 patruelis,
1266 2106 1347 2136 ante
1366 2103 1551 2142 meditatus
1571 2103 1732 2148 insidias,

272 2148 352 2193 ipse
381 2160 446 2194 per
467 2160 515 2183 se
547 2148 650 2183 talem
680 2149 808 2183 famam
831 2149 1090 2192 disseminavit,
1125 2152 1162 2183 et
1184 2159 1260 2182 cum
1281 2147 1449 2183 militibus
1473 2159 1560 2194 quos
1582 2149 1735 2184 habebnt

273 2194 345 2228 cito
369 2195 414 2229 ad
436 2199 553 2229 castra
575 2205 614 2228 se
638 2195 804 2238 contulit;
838 2206 939 2241 quem
962 2194 1090 2241 reliqui
1112 2205 1251 2240 quoque
1273 2193 1399 2229 imitati
1419 2194 1465 2229 ad
1487 2204 1592 2229 unum
1614 2203 1734 2230 omnes

271 2240 409 2284 fugere.
455 2240 646 2285 imperator
667 2246 781 2276 autem
806 2241 1025 2287 conspicatus
1047 2240 1085 2275 id
1107 2241 1200 2285 quod
1222 2244 1354 2274 temere
1373 2240 1492 2284 fieret,
1516 2251 1656 2275 suorum
1674 2241 1735 2276 su-
1772 2235 1778 2249 ¹

271 2297 369 2330 gam,
405 2290 445 2321 ut
466 2297 539 2320 mos
563 2290 636 2330 est,
671 2298 732 2321 eos
754 2298 945 2331 revocans,
982 2287 1147 2321 sistebat:
1185 2297 1305 2320 verum
1329 2297 1428 2320 nemo
1451 2286 1618 2321 obediens
1641 2291 1734 2322 erat.

273 2331 469 2366 adversarii
487 2343 571 2366 vero
593 2332 632 2365 in
654 2332 794 2367 tumulis
815 2333 1066 2377 consistentes,
1094 2343 1170 2367 cum
1192 2330 1363 2366 vidissent
1384 2331 1422 2367 id
1444 2332 1538 2377 quod
1561 2330 1736 2367 nullata-

269 2377 367 2412 tione
399 2378 521 2422 fieret,
554 2382 699 2423 repente
730 2379 962 2413 Romanorum
992 2377 1219 2413 infortunium
1249 2376 1395 2412 Sultano
1424 2377 1581 2414 studiose
1600 2388 1732 2413 renun-

271 2423 379 2457 tiant:
418 2428 454 2458 et
483 2424 528 2458 ad
557 2424 771 2459 redeundum
804 2425 1000 2468 concitant,
1035 2423 1168 2470 quippe
1195 2423 1264 2457 iam
1288 2428 1326 2457 et
1346 2423 1423 2469 ipse
1451 2423 1592 2468 fugiens
1614 2435 1636 2459 a
1652 2423 1731 2458 'suis

273 2468 398 2504 castris
429 2469 550 2514 procul
580 2470 717 2505 aberat.
762 2470 878 2505 statim
911 2469 1021 2514 igitur
1043 2481 1119 2504 cum
1140 2469 1351 2513 imperatore
1370 2480 1452 2503 acre
1497 2469 1640 2504 melium
1661 2469 1733 2504 ini-

272 2519 344 2548 tur.
391 2525 537 2560 cumque
560 2526 642 2549 suos
664 2515 826 2551 iussisset
845 2515 984 2551 minime
1007 2516 1131 2550 cedere
1153 2525 1266 2559 neque
1286 2513 1434 2549 molliter
1485 2515 1583 2560 iquid
1598 2516 1733 2560 faeere,

272 2560 337 2594 sed
369 2564 530 2595 strenuos
564 2565 601 2595 et
630 2561 742 2596 fortes
773 2562 872 2596 viros
901 2573 942 2597 se
969 2562 1160 2607 praebere,
1195 2559 1406 2605 aliquamdiu
1427 2560 1568 2596 fortiter
1588 2560 1734 2596 restitit.

274 2604 337 2639 sed
369 2617 443 2640 cum
473 2605 613 2648 interim
638 2606 699 2641 alii
722 2611 820 2642 extra
842 2607 967 2642 vallum
990 2607 1172 2651 fugerent,
1206 2605 1388 2651 explorata
1415 2605 1509 2640 fama
1533 2606 1646 2641 minus
1669 2617 1734 2641 au-
1770 2609 1773 2611 ’

274 2650 458 2695 diebatur‚
493 2652 624 2697 quippe
647 2664 724 2687 cum
747 2653 806 2688 alii
829 2653 922 2688 aliud
944 2652 1164 2696 nuntiarent,
1199 2650 1238 2684 hi
1268 2651 1418 2695 cladem,
1451 2651 1505 2686 illi
1536 2651 1733 2696 victoriam,

277 2701 313 2730 et
337 2698 484 2731 obscura
507 2702 613 2743 atque
633 2697 768 2733 incerta
790 2699 1023 2742 dissererent3
1047 2698 1162 2743 quoad
1184 2696 1288 2731 etiam
1309 2708 1353 2731 ex
1375 2696 1645 2742 Cappadocibus
1667 2698 1734 2732 ali-

278 2741 340 2785 qui
363 2754 427 2786 per
449 2742 561 2777 tribus
586 2748 622 2778 et
644 2744 758 2778 curias
781 2745 880 2780 abire
902 2749 1110 2790 coeperunt,
1142 2745 1179 2776 et
1197 2741 1295 2776 multi
1317 2754 1362 2776 ex
1383 2742 1492 2788 regiis
1510 2742 1735 2788 equisonibus

278 2798 354 2820 cum
384 2787 474 2832 ipsis
504 2789 605 2832 equis
633 2792 921 2834 revertebantur,
955 2803 1001 2824 ne
1022 2790 1185 2824 viderent
1204 2788 1447 2833 imperatorem
1471 2784 1734 2823 contendentes.

278 2838 424 2878 eratque
455 2833 566 2868 veluti
595 2839 707 2878 motus
721 2874 726 2879 ,
739 2840 776 2872 et
806 2836 920 2872 luctus
953 2839 1134 2882 metusque
1163 2833 1396 2880 incredibiHs,
1430 2833 1561 2870 Turcis
1583 2833 1736 2880 undique
