1890 3236
265 129 366 178 440
742 122 981 170 GEORGII
1009 121 1256 168 CEDRENI

263 241 343 287 ὑπὸ
363 235 565 286 τοσούτων
586 238 653 281 καὶ
675 232 920 292 τηλικούτων
940 233 996 287 ὥς
1018 234 1212 289 βασιλεὺς
1231 233 1478 291 ἀνυμνεῖται.
1542 229 1727 282 κοινολοὲ

265 309 488 369 γησάμενος
508 306 610 361 μετὰ
628 309 699 360 τῆς
721 303 869 348 ἑαυτοῦ
890 303 1101 360 γερουσίας
1122 301 1307 358 ἐκβάλλει
1328 320 1371 346 τε
1389 303 1459 347 τὸν
1476 302 1608 367 ἄνδρα
1629 310 1728 350 τοῦ·

269 397 339 423 τον
359 379 426 421 καὶ
445 374 540 425 τοὺς
564 374 638 417 σὺν
666 372 775 432 αὐτῷ
796 375 869 427 τῆς
901 375 1086 430 φυλακῆς
1117 373 1184 414 καὶ
1216 369 1349 426 πάσης
1377 372 1601 426 ἐπιμελείας
1626 390 1727 430 κατέ

270 450 393 498 αξιοῖ,
428 447 495 486 καὶ
516 446 740 485 τελευταῖον
764 440 839 495 τὴν
867 441 957 498 περὶ
989 443 1062 483 τοῦ
1096 438 1272 495 πολέμου
1299 439 1519 499 προσφέρει
1550 439 1728 502 ἀξίωσιν.

269 511 554 570 θρυπτομένου
583 510 627 552 δὲ
656 509 750 552 κατ’
782 508 911 566 ἀρχὰς
942 513 1016 551 τοῦ
1047 510 1258 565 Σκληροῦ,
1305 509 1375 551 καὶ
1402 509 1495 564 μετ’
1529 510 1762 568 εἲρωνείαςὸ

269 586 356 631 πῶς
378 579 428 623 ἂν
449 581 658 634 δυνηθεῖεν
679 577 860 634 λέγοντος
880 574 986 620 ὅπλα
1002 581 1160 631 κινῆσαι
1180 575 1325 634 ἄνδρες
1346 577 1388 621 ἔν
1405 573 1587 636 τοσούτῳ
1601 581 1732 637 καιρῷ
1772 634 1776 637 ἡ

271 646 553 706 καθειργμένοι
591 647 660 690 καὶ
699 643 934 702 κατακόρως
963 642 1231 699 μετασχόντες
1261 649 1343 688 τῶν
1373 645 1418 688 ἐκ
1447 649 1520 700 τῆς
1549 650 1734 704 φρουρᾶς

272 719 570 767 κακοπαθειῶν,
603 712 625 758 ὃ
644 712 839 768 Χοσρόης
856 714 923 756 καὶ
945 712 1064 756 πάλιν
1084 714 1263 766 ἐνέκειτο,
1296 714 1364 756 καὶ
1379 712 1574 770 χρήματα
1594 717 1733 769 λαβεῖν

273 785 396 829 αὐτὸν
418 784 586 827 ἱκέτευεν
611 782 795 840 ἀριθμοῦ
824 782 1103 824 διεκπίπτοντα
1129 783 1197 825 καὶ
1218 779 1501 839 στρατεύματα
1519 779 1670 838 πλήθει
1689 799 1731 827 τε

220 860 250 896 C
275 853 420 911 ἄπειρα
439 854 506 895 καὶ
525 851 694 908 λαμπρὰ
713 856 801 901 ταῖς
821 856 1115 907 παρασκευαῖς,
1148 852 1216 893 καὶ
1234 855 1509 909 στρατηγῆσαι
1526 850 1597 894 τὸν
1612 849 1732 894 πόλε·
1743 851 1790 893 10

272 940 364 978 μον,
412 922 480 964 καὶ
507 919 565 976 μὴ
591 922 890 975 μνησικακῆσαι
918 924 991 973 τῆς
1016 921 1284 977 καθείρξεως,
1328 916 1384 970 ὡς
1411 919 1635 974 δυναμένου
1665 921 1734 963 καὶ

274 991 400 1033 αὐτοῦ
420 995 505 1039 τοῖς
529 987 632 1042 μετὰ
650 992 779 1031 ταῦτα
798 990 936 1038 καλοῖς
952 989 1020 1030 καὶ
1041 994 1129 1038 ταῖς
1148 986 1468 1045 φιλοφροσύναις
1486 986 1734 1044 ἕπηλυγάσαι

274 1059 327 1102 τὰ
348 1056 652 1114 προφθάσαντα
674 1055 778 1099 κακὰ
799 1057 867 1098 καὶ
885 1056 958 1106 τὰς
980 1057 1023 1098 ἐκ
1045 1060 1117 1110 τῆς
1135 1060 1321 1113 φυλακῆς
1341 1056 1499 1111 ἀηδίας.
1549 1057 1736 1099 πείθεται

274 1128 321 1171 τὸ
344 1131 568 1170 τελευταῖον
589 1123 610 1168 ὃ
630 1121 837 1181 Σκληρός,
882 1125 948 1166 καὶ
968 1125 1180 1168 ἐκτελέσειν
1201 1122 1393 1179 ὑπέσχετο
1412 1123 1458 1167 τὸ
1479 1125 1735 1180 κεκελευσμέ-

275 1212 356 1238 νον.
425 1191 708 1251 στρατεύματα
725 1193 860 1248 μέντοι
878 1195 1015 1247 λαβεῖν
1027 1191 1212 1250 Ἀράβων
1231 1191 1258 1247 ἢ
1272 1195 1521 1250 Σαρακηνῶν
1540 1191 1568 1249 ἢ
1589 1190 1733 1252 ἑτέρων
1746 1198 1791 1236 15

275 1266 408 1307 ἐθνῶν
428 1267 508 1305 τῶν
532 1266 591 1320 τῷ
607 1259 779 1318 Χοσρόῃ
808 1259 1077 1316 ὑποκειμένων
1109 1261 1201 1303 οὐδ’
1235 1259 1340 1311 ὅλως
1357 1260 1567 1316 ἠνέσχετο,
1600 1261 1738 1312 reads

276 1331 463 1389 φυλακὰς
490 1334 571 1372 τῶν
599 1331 640 1372 ἐν
665 1331 796 1388 Συρία
825 1328 979 1372 πόλεων
1009 1330 1254 1384 ἀναζητῆσαι
1281 1329 1449 1384 ἠξίωσε,
1496 1329 1676 1381 καὶτοὺς
1695 1329 1738 1373 ἓν

275 1400 418 1449 αὐταῖς
446 1399 742 1456 κρατουμένους
769 1396 994 1452 Ῥωμαίους
1019 1400 1222 1453 ἐξαγαγεῖν
1243 1401 1310 1439 καὶ
1331 1398 1602 1450 καθοπλίσαι,
1634 1398 1738 1453 μετὰ

277 1467 431 1510 τούτων
458 1468 524 1508 καὶ
557 1467 630 1509 οὐκ
653 1465 786 1516 ἄλλως
808 1468 933 1522 λέγων
954 1465 1052 1509 εἶναι
1075 1467 1247 1508 δυνατὸν
1277 1467 1388 1524 αὐτῷ
1418 1466 1489 1509 τὸν
1515 1466 1618 1523 πρὸς
1643 1467 1739 1517 τοὺς

228 1544 261 1580 D
281 1536 449 1592 Πέρσας
470 1534 747 1585 ἀναδέξασθαι
767 1532 955 1588 πόλεμον.
989 1536 1150 1584 ἐδέξατο
1170 1533 1191 1576 ὅ
1210 1532 1404 1589 Χοσρόης
1424 1533 1495 1576 τόν
1511 1533 1644 1590 λόγον,
1670 1537 1795 1580 naim

281 1604 324 1646 αἱ
346 1605 525 1661 φυλακαὶ
544 1602 645 1658 ταχὺ
666 1601 926 1660 ἀνεῴγνυντο,
960 1605 1026 1645 καὶ
1047 1603 1084 1645 οἱ
1105 1605 1147 1645 ἓν
1166 1602 1306 1653 αὐταῖς
1319 1602 1613 1659 ἠλευθεροῦντο
1627 1601 1738 1646 ‘Pm-

278 1678 419 1727 μαῖοι,
453 1672 519 1713 καὶ
542 1672 903 1728 συνηθροίσθησαν
924 1670 1003 1713 ἀπὸ
1024 1669 1176 1713 τούτων
1202 1669 1345 1727 ἄνδρες
1372 1668 1475 1724 ὁμοῦ
1503 1672 1738 1727 τρισχίλιοι·

282 1739 353 1790 οὓς
384 1742 439 1790 εἷς
467 1743 663 1793 βαλανεῖα
691 1739 834 1790 ἐκδοὺς
863 1741 930 1782 καὶ
950 1738 1020 1782 τὸν
1039 1739 1081 1781 ἔκ
1108 1744 1181 1794 τῆς
1207 1740 1453 1794 καθείρξεως
1477 1738 1605 1796 ῥύπον
1635 1742 1739 1783 ἀπο-

284 1806 487 1866 καθάρας,
504 1809 654 1862 ἐσθῆσί
671 1824 712 1850 τε
733 1809 802 1850 καὶ
829 1812 1063 1866 περιβολαῖς
1081 1813 1237 1860 καιναῖς
1254 1805 1479 1864 ἆμφιάσας,
1502 1809 1570 1850 καὶ
1583 1805 1740 1868 ἑκάστῳ

373 1917 396 1951 8
418 1913 481 1950 καὶ
503 1918 585 1951 ante
606 1911 717 1950 πάλιν
742 1925 797 1949 om
821 1914 852 1949 C
996 1915 1043 1951 20
1065 1912 1256 1959 αἱρεῖσθαι
1276 1914 1308 1949 C
1441 1915 1489 1951 22
1511 1912 1611 1960 ὁμοτῒ
1633 1927 1688 1951 om
1709 1916 1741 1951 C

283 2009 440 2050 ctutum,
471 2017 617 2052 eumque
638 2005 676 2040 in
695 2008 811 2040 tantas
833 2005 1013 2051 angustias
1035 2006 1308 2051 compulsatum,
1343 2017 1458 2051 neque
1480 2005 1607 2042 deinde
1630 2007 1743 2042 exsuli

284 2059 322 2086 et
343 2052 516 2087 infelicem
539 2051 703 2087 toleranti
724 2052 832 2086 vitam
860 2057 914 2087 tot
943 2057 1130 2097 tantosque
1159 2052 1256 2086 viros
1286 2051 1546 2098 imperatorium
1577 2052 1748 2088 honorem-

283 2098 464 2133 habituros
488 2099 609 2133 fuisse.
644 2109 727 2142 ergo
751 2109 790 2132 re
815 2108 890 2132 cum
915 2108 978 2133 suo
1001 2103 1125 2132 senatu
1149 2098 1396 2132 communicata
1417 2098 1549 2133 Durum
1575 2103 1612 2133 et
1633 2099 1743 2135 comi-

284 2149 340 2179 tes
364 2144 439 2178 eius
464 2156 484 2178 e
506 2155 647 2179 carcere
671 2143 789 2178 educit
808 2143 969 2189 omnique
992 2155 1077 2178 cura
1096 2144 1231 2189 reficit,
1263 2144 1471 2189 tandemque
1501 2146 1545 2179 ab
1579 2155 1621 2178 eo
1654 2145 1744 2190 petit

285 2195 326 2224 ut
355 2190 423 2224 sibi
455 2190 492 2224 in
519 2190 637 2225 Persis
660 2189 872 2224 debellandis
896 2201 1035 2236 operam
1058 2194 1175 2224 navet.
1224 2189 1424 2224 simulanter
1445 2189 1546 2224 initio
1567 2189 1684 2225 Durus
1706 2190 1745 2226 id

284 2235 475 2277 recusavit,
497 2241 658 2270 causatus
681 2235 777 2270 viros
799 2239 898 2270 tanto
920 2242 1078 2282 tempore
1100 2236 1137 2270 in
1161 2236 1320 2270 custodia
1342 2236 1502 2272 detentos
1525 2236 1746 2282 cai-cerisque

286 2282 459 2316 aerumnis
483 2282 621 2316 attritos
645 2292 714 2315 non
738 2292 842 2327 posse
865 2293 960 2317 arma
982 2282 1090 2316 ferre.
1138 2281 1314 2316 Chosroes
1348 2286 1462 2316 antem
1483 2282 1592 2326 magis
1614 2282 1744 2326 magis-

286 2337 355 2372 que
387 2328 558 2372 instabat,
592 2327 846 2372 flagitabatque
869 2331 907 2361 ut
929 2328 1110 2373 pecuniam
1132 2328 1344 2362 innumeram
1369 2332 1406 2361 et
1427 2328 1601 2362 exercitus
1624 2334 1746 2362 nume-'

287 2373 482 2408 rosissimos
499 2374 749 2419 splendideque
763 2373 954 2408 instructos
976 2373 1154 2418 acciperet
1178 2378 1214 2408 et
1236 2373 1362 2408 bellum
1385 2373 1421 2409 in
1444 2373 1572 2408 Persas
1593 2378 1746 2418 gereret,

287 2429 400 2463 neque
423 2419 623 2453 iniuriarum
648 2418 861 2454 meminisset
883 2423 920 2453 et
944 2420 1094 2454 carceris
1117 2419 1372 2464 molestiarum,
1407 2429 1494 2463 quas
1516 2419 1594 2464 ipse
1618 2419 1656 2454 in
1679 2431 1746 2464 po·-

286 2469 415 2498 sterum
441 2465 659 2510 amplissimis
682 2465 816 2499 meritis
839 2468 933 2500 esset
955 2465 1161 2501 aboliturus.
1208 2465 1346 2499 tandem
1377 2475 1462 2508 ergo
1484 2465 1602 2499 Durus
1625 2464 1748 2500 annuit

287 2513 324 2542 et
346 2510 428 2543 belli
452 2510 784 2545 administrationem
807 2511 844 2545 in
868 2522 906 2545 se
929 2511 1070 2556 recipit.
1118 2522 1230 2556 neque
1255 2522 1339 2544 vero
1364 2509 1496 2545 Arabes
1520 2515 1581 2545 aut
1596 2510 1747 2545 Sarace-

287 2565 350 2588 nos
374 2561 433 2589 aut
457 2556 542 2591 alios
567 2556 716 2590 Chosroi
742 2557 901 2591 subditos
924 2557 1073 2602 populos
1096 2557 1225 2591 ducere
1246 2556 1409 2600 sustinet,
1436 2557 1499 2590 sed
1522 2556 1747 2600 Syriacarum

287 2600 423 2634 urbium
445 2601 649 2646 perlustrari
671 2602 771 2637 iubet
793 2614 966 2647 carceres,
985 2606 1021 2636 et
1043 2603 1104 2648 qui
1127 2602 1163 2637 in
1186 2602 1231 2636 iis
1254 2602 1499 2637 detinebantur
1520 2602 1652 2647 captivi
1669 2601 1747 2636 Ro-

288 2646 379 2680 mani
405 2647 503 2680 educi
527 2652 632 2691 atque
655 2647 794 2694 armari,
820 2649 887 2682 hoc
911 2653 948 2683 et
969 2648 1060 2683 nullo
1085 2648 1154 2682 alio
1178 2648 1334 2683 exercitu
1355 2659 1395 2682 se
1417 2659 1489 2682 rem
1513 2653 1634 2682 contra
1655 2647 1746 2681 Per-

289 2702 346 2725 sas
368 2697 544 2736 gesturum
567 2694 754 2727 affirmans.
802 2694 935 2739 placuit
957 2694 1137 2728 consilium
1161 2693 1332 2736 Chosroi‚
1360 2701 1507 2738 moxque
1529 2693 1642 2738 aperti
1667 2703 1747 2727 cat-

290 2748 410 2781 ceres‚
444 2738 558 2771 educti
581 2739 749 2783 Romani,
783 2746 888 2784 atque
918 2740 985 2774 hoc
1016 2741 1117 2774 modo
1142 2740 1186 2774 ad
1206 2740 1276 2773 tria
1297 2739 1449 2773 virorum
1474 2739 1566 2772 milia
1587 2739 1744 2774 collecta.

290 2793 377 2827 quos
401 2783 517 2817 Durus
539 2783 575 2816 in
599 2783 722 2820 balnea
745 2784 860 2830 misit,
891 2785 1121 2832 sordibusque
1143 2790 1179 2821 et
1197 2785 1359 2832 squalore
1378 2785 1416 2819 in
1439 2784 1586 2820 vinculis
1606 2788 1744 2819 contra-
