1890 3236
491 160 887 207 HISTORIARUM
921 160 1315 206 GOMPENDIUM.
1552 157 1651 205 395

175 279 237 332 ἐἰς
254 272 404 337 φυγήν.
454 274 777 336 προδραμόντων
796 276 842 321 δὲ
859 279 940 320 τῶν
958 275 1110 320 ἱππέων
1127 280 1201 332 τῆς
1215 273 1426 330 Ῥωμαίων
1444 271 1654 331 φάλαγγος

172 348 249 392 ’καὶ
264 347 340 403 τὴν
355 347 398 399 ἔς
415 347 490 404 τὴν
506 345 623 390 πόλιν
640 346 846 406 φέρουσαν
864 343 1201 400 ἐπιτειχισάντων,
1225 344 1303 388 ἀνὰ
1320 343 1366 388 τὸ
1385 344 1522 387 πεδίον
1539 345 1651 387 ε’σκε-

177 416 375 473 δασμένοι
396 415 611 475 φεύγοντες
631 418 700 460 καὶ
719 413 1126 470 καταλαμβανόμενοι
1147 414 1392 472 ἀνῃροῦντο,
1418 411 1475 464 ὥς
1493 411 1653 456 ἅπαντα

177 485 234 531 τὰ
252 484 388 543 ὁμαλὰ
408 490 678 543 πληρωθῆναι
692 488 868 542 νεκρῶν,
897 484 1066 542 ζωγρίας
1085 485 1131 526 δὲ
1148 482 1300 526 ἁλῶναι
1321 485 1507 540 ἀριθμοῦ
1524 483 1655 539 κρείτ-

146 562 294 607 ὄτους.
361 554 601 613 Σφάγελλος
629 555 674 598 δὲ
699 553 722 598 ὃ
753 551 888 610 πάσης
908 557 983 609 τῆς
1003 554 1046 596 ἓν
1062 551 1326 613 Περσθλάβᾳ
1348 555 1541 610 στρατιᾶς
1562 552 1660 606 ἐξη-

181 623 376 683 γούμενος
410 623 623 680 (ἐτάττετο
643 624 688 667 δὲ
706 621 894 680 δεύτερος
909 621 1013 677 μετὰ
1030 622 1101 664 τὸν
1118 619 1469 680 Σφενδοσθλάβον
1486 622 1528 664 έν
1546 617 1657 663 Σκύ-

181 694 314 751 θαις)
340 695 409 736 καὶ
436 695 528 751 περὶ
560 693 688 749 αὐτῆς
718 690 775 743 ὥς
806 691 911 742 εἰκὸς
941 692 1080 741 δείσας
1109 695 1182 746 τῆς
1210 690 1386 743 πόλεως,
1421 689 1497 741 τὰς
1525 687 1657 740 πύλας

183 763 428 813 ἀποκλείσας
439 764 507 806 καὶ
521 765 691 817 μοχλοῖς
708 759 1082 819 ἑξασφαλισάμενος
1100 759 1249 803 ἄνεισιν
1270 763 1325 811 εἷς
1340 760 1386 804 τὸ
1403 767 1534 814 τεῖχος
1541 791 1555 811 ,
1582 760 1653 802 καὶ
1675 765 1704 801 P
1728 763 1798 801 673

182 832 393 883 παντοίοις
404 831 541 887 βέλεσι
560 832 629 874 καὶ
650 831 786 881 λίθοις
803 831 900 881 τοὺς
922 828 1108 880 ἐπιόντας
1121 827 1346 885 Ῥωμαίους
1363 828 1551 885 ἠμύνετο.
1586 828 1660 880 νὺξ

129 910 176 947 10
183 901 259 958 μὲν
278 894 352 944 οὖν
371 900 625 958 ἐπιγενομένη
645 899 802 944 διέλυσε
822 899 896 955 τὴν
913 900 1172 956 πολιορκίαν,
1201 899 1330 942 ἕωθεν
1352 899 1397 942 δὲ
1416 897 1438 942 ὁ
1460 896 1659 955 πρόεδρος

183 970 400 1020 Βασίλειος
422 967 603 1026 ἀνεφάνη
622 968 726 1024 μετὰ
750 973 826 1012 τοῦ
846 966 1014 1012 κατόπιν
1032 967 1181 1019 παντὸς
1199 967 1407 1024 πλήθους·
1441 968 1510 1010 καὶ
1532 964 1554 1010 ὅ
1575 971 1658 1021 βα-

182 1039 320 1090 σιλεὺς
346 1043 399 1097 τῇ
427 1037 574 1082 τούτου
608 1036 758 1082 ε’λεῦσει
789 1037 1012 1095 περιχαρὴς
1041 1035 1251 1094 γενόμενος
1279 1036 1430 1081 ἄνεισιν
1457 1037 1526 1079 ἐπί
1550 1053 1659 1088 τινος

180 1105 419 1166 γεωλόφου,
464 1106 520 1158 ὥς
552 1107 612 1164 εἴη
648 1114 734 1158 τοῖς
763 1106 952 1158 Σκύθαις
982 1104 1243 1165 καταφανής,
1286 1106 1340 1150 τὰ
1370 1106 1415 1149 δὲ
1444 1102 1586 1162 πλήθη
1617 1106 1659 1156 ἐς

183 1177 310 1221 ταυτὸ
331 1175 580 1221 συνελθόντα
601 1176 794 1220 ἔκύκλουν
814 1177 891 1232 τὴν
913 1173 1044 1219 πόλιν.
1112 1174 1169 1227 ὡς
1204 1176 1250 1218 δὲ
1275 1176 1407 1218 πολλὰ
1434 1180 1508 1218 τοῦ
1533 1179 1660 1229 βασι-

122 1254 176 1292 *15
187 1246 288 1298 λε’ως
308 1250 640 1304 παρακαλοῦντος
660 1246 846 1289 ἐνδοῦναι
865 1250 938 1301 τῆς
957 1243 1181 1296 ε’νστάσεως
1197 1245 1337 1300 καὶμὴ
1352 1244 1483 1303 ἄρδην
1497 1244 1660 1287 ἀπολω·

180 1316 319 1368 λέναι,
353 1315 427 1365 οὒκ
454 1316 664 1358 ἐπείθοντο
695 1315 875 1358 κατιέναι
901 1319 975 1358 τοῦ
999 1315 1179 1370 τείχους,
1213 1318 1357 1369 θυμοῦ
1377 1315 1535 1356 δικαίου
1555 1317 1660 1368 πλη-

185 1385 354 1436 σθέντες
372 1385 411 1428 οἳ
425 1383 618 1440 Ῥωμαῖοι
642 1384 794 1439 εἴχοντο
814 1389 889 1440 τῆς
907 1385 1163 1441 πολιορκιάς,
1197 1382 1330 1434 τόξοις
1357 1400 1400 1426 τε
1428 1382 1526 1433 τοὺς
1554 1381 1663 1425 ἄνω-

186 1457 266 1498 θεν
290 1453 487 1512 εἴργοντες
506 1455 576 1497 καὶ
599 1454 800 1509 κλίμακας
822 1459 907 1503 τοῖς
929 1455 1073 1508 τείχεσι
1095 1454 1434 1511 προσερείδοντες.
1504 1452 1577 1494 καί
1602 1468 1663 1502 τις
1684 1454 1715 1490 Β

186 1521 440 1581 στρατιώτης
455 1521 673 1580 γεννάδας,
700 1523 818 1580 ξίφος
836 1526 887 1580 τῇ
905 1525 1018 1583 δεξιᾷ
1037 1522 1216 1577 κατέχων
1233 1523 1300 1564 καὶ
1318 1525 1369 1579 τῇ
1387 1523 1486 1581 λαιᾷ
1505 1519 1666 1563 ἄνωθεν

129 1596 263 1648 ωτῆς
291 1596 473 1652 κεφαλῆς
501 1592 576 1648 τὴν
606 1592 760 1636 ἀσπίδα
790 1591 1145 1650 προβεβλημένος,
1181 1590 1438 1647 πρῶτος-διὰ
1461 1594 1560 1645 μιᾶς
1584 1593 1666 1632 τῶν

186 1660 396 1716 κλιμάκων
413 1659 741 1719 ἀναρριχιόμενος
749 1693 764 1714 ,
798 1663 867 1704 καὶ
883 1665 936 1719 τῇ
951 1662 1026 1716 μὲν
1044 1661 1184 1704 ἀσπίδι
1200 1660 1274 1711 τὰς
1288 1659 1418 1715 βολὰς
1436 1656 1667 1714 ἀποκρουό-

187 1747 309 1786 μενος
326 1735 387 1791 τῷ
407 1731 453 1774 δὲ
469 1732 576 1789 ξίφει
594 1731 690 1782 τοὺς
705 1728 890 1782 ἐπιόντας
910 1732 976 1773 καὶ
997 1727 1228 1780 κωλύοντας
1245 1727 1511 1785 ἀμυνόμενος,
1538 1727 1666 1771 ἄνεισι

181 1799 259 1844 διὰ
288 1804 371 1845 τῶν
401 1798 604 1853 ἐπάλξεων
613 1832 628 1855 ,
662 1802 730 1844 καὶ
757 1800 855 1852 τοὺς
884 1801 1008 1844 εἶκεΐσε
1035 1797 1192 1851 πάντας
1221 1796 1496 1850 διασκεδάσας
1526 1796 1666 1841 ἄδειαν

278 1921 304 1959 2
326 1917 606 1966 ἐπιτειχίσαντες
627 1919 660 1956 C
799 1919 844 1957 14
866 1916 1108 1965 ἐπολιόρκουν
1132 1919 1164 1955 C
1347 1918 1395 1955 23
1417 1912 1544 1954 ἄνεσιν
1562 1918 1594 1953 C

188 2025 270 2062 dem
300 2024 470 2061 resistere
501 2023 661 2060 valentes
692 2023 776 2059 dant
806 2027 922 2070 terga.
980 2023 1043 2058 sed
1078 2022 1162 2070 quia
1194 2021 1342 2057 Romani
1375 2021 1513 2067 equites
1545 2020 1664 2057 citatis

188 2071 291 2118 equis
319 2072 413 2107 viam
444 2071 482 2106 in
512 2073 634 2106 urbem
664 2071 846 2106 ducentem
871 2074 1083 2116 occuparant
1106 2075 1213 2115 atque
1233 2069 1457 2113 insederant,
1492 2069 1578 2113 fuga
1601 2080 1667 2114 per

189 2129 331 2165 campos
365 2118 524 2165 palantes
559 2123 666 2163 atque
700 2117 912 2162 deprehensi
943 2116 1162 2151 occiduntur.
1210 2116 1330 2161 itaque
1365 2120 1400 2150 et
1433 2114 1667 2149 cadaveribus

189 2170 269 2201 tota
307 2163 474 2211 planities
513 2168 693 2198 constrata
733 2169 788 2198 est
826 2169 862 2198 et
899 2162 1072 2198 innumeri
1107 2161 1214 2207 capti.
1261 2162 1410 2208 proinde
1443 2160 1667 2206 Sphagessus,
1732 2196 1742 2206 „

190 2210 292 2246 cuius
339 2215 422 2256 post
466 2209 810 2256 Sphendosthlabum
853 2220 985 2244 summa
1026 2213 1103 2243 erat
1140 2209 1234 2243 inter
1271 2208 1423 2251 Scythas
1460 2206 1668 2251 auctoritas,

189 2256 439 2292 Persthlabani
470 2256 646 2290 exercitus
679 2257 897 2301 praefectus,
933 2255 1003 2290 iam
1025 2255 1069 2289 de
1092 2255 1171 2301 ipsa
1203 2255 1291 2290 urbe
1320 2254 1506 2289 retinenda
1541 2253 1668 2288 anxius

191 2308 314 2350 portas
349 2301 480 2338 claudit
511 2313 554 2336 ac
585 2301 746 2336 vectibus
779 2302 929 2337 obiectis
961 2301 1090 2346 munit,
1126 2306 1163 2337 et
1193 2301 1238 2335 de
1269 2311 1366 2335 muro
1391 2300 1502 2334 omnis
1525 2299 1669 2344 generis

191 2349 385 2385 missilibus
415 2360 458 2383 ac
486 2348 581 2383 saxis
612 2349 803 2383 subeuntes
833 2349 1009 2382 Romanos
1039 2352 1150 2383 arcet.
1197 2358 1267 2381 nox
1299 2348 1424 2382 oborta
1450 2345 1669 2381 obsidionem

191 2395 313 2432 solvit.
359 2394 532 2441 postridie
560 2394 673 2440 prima
695 2394 774 2429 luce
797 2406 941 2440 praeses
962 2393 1116 2429 Basilius
1139 2404 1215 2428 cum
1238 2392 1383 2439 reliquis
1409 2393 1521 2438 copiis
1543 2391 1672 2436 adfuit,

192 2442 292 2478 cuius
315 2441 486 2476 adventus
511 2452 671 2486 magnum
692 2441 854 2486 gaudium
878 2440 1083 2486 imperatori
1108 2439 1245 2483 attulit3
1281 2445 1317 2474 et
1347 2438 1469 2473 collem
1498 2439 1673 2484 quendam

191 2488 419 2532 conscendit,
454 2492 495 2522 ut
525 2486 670 2532 Scythis
702 2492 798 2522 esset
822 2487 1044 2533 conspicuus.
1091 2486 1231 2521 interim
1256 2485 1381 2531 copiae
1403 2485 1498 2520 inter
1520 2497 1560 2520 se
1585 2496 1674 2519 con-

191 2535 334 2570 iunctae
365 2536 486 2569 urbem
519 2535 677 2579 cingunt.
723 2532 840 2568 multis
872 2533 1013 2568 hortato
1047 2533 1217 2568 barbaros
1245 2532 1461 2578 imperatore
1483 2536 1523 2566 ut
1545 2532 1590 2566 ab
1613 2532 1672 2565 in-

191 2586 297 2627 cepto
319 2581 535 2616 desisterent
555 2591 670 2625 neque
692 2579 761 2614 sibi
783 2579 872 2625 ipsis
896 2580 996 2614 exitii
1019 2590 1127 2614 causa
1145 2583 1283 2622 essent,
1308 2590 1384 2613 cum
1407 2577 1496 2612 nihil
1518 2577 1672 2624 profice-

193 2633 314 2673 retur,
347 2627 500 2662 Romani
529 2626 625 2661 iusta
650 2625 786 2661 incensi
812 2626 867 2661 ira
891 2625 1183 2672 oppugnationem
1209 2624 1366 2670 aggressi
1389 2624 1529 2670 sagittis
1553 2635 1671 2659 muro-

194 2685 270 2709 rum
301 2673 506 2709 defensores
538 2673 706 2719 abigunt,
738 2672 852 2707 scalas
883 2672 991 2707 muris
1020 2675 1223 2718 opponunt3
1255 2677 1292 2706 et
1321 2670 1460 2717 qnidam
1493 2669 1670 2705 animosus

195 2718 295 2755 miles
328 2720 456 2756 dextra
487 2719 639 2765 gladium
673 2724 817 2763 tenens,
853 2718 1025 2764 laevaque
1051 2723 1185 2753 scutum
1210 2718 1255 2752 ad
1277 2717 1404 2764 capitis
1427 2717 1668 2752 defensionem

195 2766 325 2802 elatum
353 2772 519 2812 gestans,
555 2766 687 2812 primus
711 2777 776 2811 per
797 2766 924 2801 scalam
948 2766 985 2800 in
1009 2776 1140 2800 murum
1164 2763 1304 2807 evadit,
1336 2769 1435 2799 scuto
1459 2763 1548 2798 ictus
1572 2775 1669 2798 amo·

194 2811 285 2847 lieus
318 2818 355 2847 et
389 2824 473 2848 ense
506 2813 688 2848 obstantes
718 2823 862 2858 arcens,
896 2811 1017 2857 itaque
1049 2822 1114 2857 per
1147 2809 1408 2857 propugnacula
1439 2811 1669 2854 adscendens,

196 2858 377 2907 dissipatis
399 2859 460 2906 qui
483 2858 534 2896 ibi
557 2864 659 2895 erant
683 2857 866 2905 hostibus,
898 2858 974 2894 suis
1006 2862 1118 2894 tutum
1148 2856 1237 2893 muri
1271 2856 1529 2893 conscendendi
1555 2856 1667 2892 locum
