1916 3210
305 180 404 229 672
703 177 926 223 IOANNIS
961 178 1352 223 CUROPALATAE

304 289 659 346 ἓπαισθανομένων
683 289 816 335 αὐτῶν
842 290 936 335 ἀλλ’
968 290 1223 350 ἠρεμούντων
1248 293 1316 337 καὶ
1345 289 1431 336 οἷον
1455 289 1755 346 amandum,

304 361 374 405 διὰ
400 357 533 404 τόπων
561 357 722 415 ἀδήλων
747 361 986 414 βαδίσαντες
1010 361 1262 419 ἀσυμφανῶς
1289 365 1363 405 τοῦ
1389 365 1600 415 βασιλικοῦ
1625 378 1755 406 κατα-

254 480 256 482 ,
303 432 483 482 τολμῶσι
511 425 823 485 στρατεύματος.
890 426 1114 483 ἐντυχόντες
1136 429 1180 472 δέ
1201 419 1331 490 μοίρα
1349 431 1426 472 τινὶ
1448 430 1657 487 ἐλαχίστῃ,
1690 426 1749 473 δι’

304 494 456 553 ἀγορὰν
490 497 626 538 σιτίων
657 493 816 554 ἔξιοῦσῃ
829 527 843 549 ,
882 495 1077 553 ὥρμησαν
1107 498 1204 541 κατ’
1240 491 1399 552 αὐτῆς.
1445 498 1585 540 ἐκεῖνοι
1606 497 1662 540 ,δέ
1687 497 1752 553 μὴ

303 562 545 614 ὑποστάντες
576 563 724 621 ἔφυγον
754 565 1058 621 ἀμεταστρεπτί.
1124 568 1192 609 καὶ
1221 564 1326 620 τάχα
1351 565 1402 609 ἂν
1426 563 1608 609 ἀπώλετο
1633 563 1787 623 μέροςδ

306 635 562 688 στρατιωτῶν
591 631 664 674 οὗκ
690 631 897 687 ἐλάχιστον
931 633 1021 676 οὐδ’
1059 633 1434 692 εὐκαταφρόνητον,
1475 635 1510 677 εἴ
1541 633 1600 690 μὴ
1633 633 1759 688 ταχὺς
1803 658 1806 661 <

309 700 445 750 αὐτοῖς
467 698 740 755 ἓπεβοήθησεν
762 699 783 744 ὃ
805 702 996 755 βασιλεὺς
1015 702 1239 760 ἐπιφανείς,
1273 704 1341 745 καὶ
1361 706 1434 758 τῆς
1454 702 1587 746 αὐτῶν
1605 698 1758 759 ἐφόδου

255 775 288 812 D
311 769 492 820 ἐξείλετο.
561 768 603 811 εἴ
621 786 682 819 τις
709 770 841 813 τοίνυν
867 777 951 821 τοῖς
976 777 1214 828 στρατηγοῖς
1240 769 1450 831 ἐπιγράφει
1471 768 1526 822 ὡς
1543 770 1686 813 ἐπίπαν
1705 769 1756 814 τὰ

306 841 387 880 τῶν
410 834 633 890 ἕκβάσεων,
664 837 739 880 εἴτ’
760 838 823 879 ἐπὶ
842 837 888 882 τὸ
912 845 1088 896 κρεῖττον
1110 839 1184 882 εἴτ’
1207 840 1271 882 ε’πὶ
1292 839 1338 882 τὸ
1355 845 1491 896 χεῖρον
1509 836 1759 895 συνᾶγοιντο,

309 905 357 947 οὗ
379 903 593 962 διαμάρτοι
612 910 684 949 τοῦ
704 905 834 962 ὀρθοῦ
854 908 921 949 καὶ
943 911 1015 962 τῆς
1036 907 1220 963 ἀληθοῦς
1236 905 1503 964 διαγνώσεως·
1537 908 1605 950 καὶ
1625 909 1760 957 καλῶς
1770 911 1814 948 10

309 979 393 1023 τοῖς
414 977 599 1024 παλαιοῖς
621 972 958 1030 ἔγνωμολόγηται,
984 975 1141 1030 βέλτιον
1162 977 1300 1019 λεόντα
1321 975 1458 1032 ἄρχειν
1475 973 1638 1034 ἐλάφων
1656 973 1758 1032 ἤπερ

309 1039 478 1084 λεόντων
504 1040 668 1099 ἔλαφον.
736 1043 829 1085 ἀλλ’
859 1041 880 1087 ὅ
912 1044 985 1098 μὲν
1005 1044 1196 1098 βασιλεὺς
1215 1042 1320 1088 οὕτω
1342 1046 1561 1095 διασωθεὶς
1578 1043 1648 1110 καὶ
1667 1044 1760 1087 δια-

309 1107 446 1160 σώσας
483 1110 530 1153 τὸ
567 1109 838 1168 στρατόπεδον
867 1112 944 1169 πρὸ
977 1118 1048 1167 τῆς
1075 1117 1147 1156 τοῦ
1175 1111 1320 1155 Χάλεπ
1344 1111 1484 1168 χώρας
1511 1115 1761 1172 πανστρατιᾷ

309 1175 595 1233 κατεσκήνωσε.
661 1180 738 1237 πρὸ
765 1184 838 1223 τοῦ
866 1185 1088 1236 καταβῆναι
1111 1182 1155 1224 δὲ
1175 1185 1248 1224 τοῦ
1263 1181 1390 1224 ἰ’ππου
1411 1177 1506 1232 τούς
1525 1197 1568 1224 τε
1590 1177 1762 1230 Σκύθας

309 1248 378 1291 καὶ
407 1251 487 1289 τῶν
508 1245 716 1301 Ῥωμαίων
743 1247 816 1290 οὐκ
845 1248 1001 1305 ὀλίγους
1027 1251 1082 1301 εἷς
1104 1249 1310 1307 προνομὴν
1330 1253 1402 1305 τῆς
1419 1247 1560 1306 χώρας
1577 1247 1812 1306 riquinum-15

310 1313 334 1357 ὃ
366 1315 416 1370 δὴ
450 1316 518 1358 καὶ
545 1315 698 1372 γέγονε,
733 1318 800 1359 καὶ
826 1316 939 1373 ἤχθη
967 1321 1128 1373 πλῆθος
1151 1318 1309 1375 ἀνδρῶν
1330 1335 1373 1360 τε
1394 1319 1674 1374 καὶγυναικῶν
1693 1317 1762 1358 ’καὶ

308 1381 420 1442 ζῴων
439 1387 610 1427 πολλῶν.
677 1386 828 1428 ἐκεῖθεν
848 1387 892 1428 δὲ
912 1386 981 1428 διὰ
1000 1391 1072 1441 τῆς
1088 1388 1280 1440 πολεμίας
1299 1385 1372 1440 ἰὼν
1388 1391 1564 1444 τριταῖος
1580 1384 1762 1443 ἀφικνεῖ-

167 1462 197 1499 P
222 1462 290 1499 826
312 1469 379 1495 ται
402 1454 457 1503 εἷς
468 1449 702 1509 Ἱεράπολιν.
770 1451 934 1508 δόκησιν
957 1455 1002 1497 δὲ
1022 1454 1232 1511 παρασχὸν
1251 1453 1553 1498 ἐπιθεάσασθαι
1571 1453 1618 1496 τὸ
1637 1453 1761 1496 ἐκεῖσε

308 1519 594 1577 στρατιωτικὸν
613 1523 668 1571 εἷς
680 1528 822 1578 χεῖρας
839 1523 971 1565 ἐλθεῖν
984 1520 1191 1577 Ῥωμαίων
1212 1522 1284 1565 οὐκ
1302 1520 1529 1580 ἐθάρσησεν
1536 1553 1551 1575 ,
1584 1521 1760 1579 ἀκροβο-

308 1592 465 1642 λισμοῖς
486 1588 533 1630 δέ
548 1604 628 1631 τισι
647 1591 713 1631 καὶ
731 1589 1006 1646 προπηδῆσεσι
1024 1590 1093 1633 τὸν
1108 1589 1282 1645 πόλεμον
1298 1588 1632 1648 ἆφωμοιώσαντο,
1659 1590 1700 1632 οῗ
1714 1594 1815 1632 uzo

301 1655 473 1713 Ἄραβες
494 1657 649 1711 δηλαδὴ
670 1659 737 1699 καὶ
759 1658 797 1699 οἱ
820 1662 997 1715 Τοῦρκοι
1015 1660 1082 1701 καὶ
1103 1657 1125 1700 ὃ
1146 1657 1297 1701 τούτων
1324 1657 1493 1716 ἔξαρχος
1511 1655 1760 1715 Ἀμερτικῆς,

311 1726 367 1776 εἷς
384 1724 495 1781 γένος
513 1724 722 1779 βασιλικὸν
738 1726 779 1768 ἐν
799 1731 848 1784 τῇ
866 1727 1039 1783 Περσίδι
1058 1725 1201 1770 ἑαυτὸν
1220 1725 1390 1783 ἀνάγων.
1457 1725 1669 1782 κατασχών
1685 1725 1761 1780 μὲν

403 1832 423 1867 1
447 1828 767 1875 ἕποιισθανόμενον
788 1852 833 1859 -
854 1829 1064 1877 ἠρεμοῦντα
1082 1853 1128 1859 -
1149 1830 1421 1868 &metz-onoc?
1511 1834 1554 1869 18
1574 1831 1622 1868 fo.
1637 1844 1761 1878 παρα-

402 1875 499 1920 σχών
521 1874 769 1957 ἐπιθήσεῧθαι
791 1878 842 1925 τῷ
867 1876 980 1914 ἐκεῖσε
1004 1880 1248 1927 στρατιωτικῷ
1271 1891 1388 1925 margo
1404 1880 1432 1914 P
1522 1881 1570 1915 20
1589 1878 1638 1915 ἴσ.
1654 1877 1762 1914 ἀπό-

403 1931 515 1958 σαντο
538 1934 657 1968 margo

312 2012 373 2048 ubi
406 2024 451 2047 ne
481 2013 633 2048 sensisse
664 2014 803 2059 quidem
834 2013 931 2061 ipsos
962 2018 1153 2060 noverunt,
1186 2014 1248 2050 sed
1277 2014 1387 2061 quieti
1411 2021 1447 2050 et
1467 2026 1586 2050 somno
1609 2014 1760 2059 deditos,

312 2070 378 2105 per
399 2061 547 2095 obscura
569 2059 646 2094 loca
666 2060 844 2105 progressi
866 2060 951 2096 clam
975 2061 1193 2107 imperatoris
1216 2061 1403 2096 exercitum
1419 2061 1583 2095 audacter
1595 2061 1761 2096 adoriun-

313 2111 390 2148 tur,
427 2109 462 2139 et
493 2111 716 2140 occurrentes
745 2107 891 2140 maxime
920 2107 1064 2152 exiguae
1086 2107 1179 2153 parti
1201 2107 1243 2141 ad
1267 2108 1411 2142 emenda
1433 2106 1565 2141 cibaria
1587 2117 1760 2151 egressae,

313 2150 351 2184 in
372 2150 482 2196 ipsam
502 2150 690 2186 irruerunt.
737 2151 788 2185 ini
811 2157 923 2187 autem
945 2165 1014 2187 non
1037 2153 1247 2188 sustinentes
1266 2152 1448 2198 impetum,
1468 2152 1520 2186 ita
1538 2153 1703 2196 fugerunt
1721 2156 1762 2187 ut

313 2207 485 2241 nunquam
515 2207 594 2230 sese
625 2202 880 2232 converterent.
928 2203 964 2233 et
995 2199 1145 2233 fortasse
1169 2198 1331 2245 periisset
1353 2198 1445 2232 haud
1465 2197 1648 2233 medlocris
1667 2189 1761 2232 mili-

313 2246 385 2276 tum
410 2253 489 2287 pars
513 2253 625 2287 neque
646 2245 911 2288 contemnenda,
944 2244 1012 2279 nisi
1036 2244 1196 2280 celeriter
1216 2244 1302 2290 ipsis
1326 2244 1535 2289 imperator,
1567 2243 1628 2289 qui
1649 2244 1758 2279 adve-

311 2292 433 2331 nerat,
469 2287 605 2322 tulisset
636 2300 734 2334 opem
765 2295 800 2324 et
833 2289 979 2324 hostium
1009 2290 1172 2336 impetum
1198 2290 1438 2335 repressisset.
1484 2289 1515 2323 si
1545 2289 1623 2335 quis
1651 2288 1760 2334 igitur

312 2333 457 2367 ducibus
481 2333 650 2368 adscribit
673 2346 784 2369 rerum
808 2335 885 2370 sive
909 2347 1095 2381 prosperos
1118 2337 1194 2370 sive
1216 2336 1383 2371 adversos
1413 2340 1578 2380 eventus,
1613 2334 1644 2369 is
1675 2333 1761 2369 mihi

312 2390 334 2412 e
363 2383 462 2412 recta
494 2384 529 2413 et
560 2391 645 2414 vera
675 2381 848 2416 sententia
880 2393 949 2415 non
980 2382 1118 2416 videtur
1147 2383 1327 2425 aberrare,
1364 2385 1401 2416 et
1420 2385 1517 2415 recte
1538 2382 1583 2415 ab
1606 2379 1760 2426 antiquis

309 2424 568 2468 pronuntiatum
592 2429 646 2459 est
669 2426 790 2460 melius
813 2425 946 2461 leonem
970 2427 1083 2462 cervis
1106 2427 1277 2473 imperare
1302 2438 1403 2471 quam
1424 2425 1584 2461 leonibus
1606 2437 1759 2460 cervum.

311 2470 374 2503 sed
397 2469 586 2515 imperator
609 2470 662 2506 ita
683 2476 865 2517 servatus,
894 2477 1035 2507 servato
1059 2485 1197 2519 quoque
1221 2473 1395 2516 exercitu,
1419 2473 1464 2507 ad
1487 2471 1618 2517 Chalep
1641 2471 1760 2516 regio·

311 2526 390 2549 nem
414 2526 487 2550 cum
511 2516 603 2550 omni
626 2518 780 2552 exercitu
802 2523 919 2553 castra
942 2518 1078 2563 posuit3
1102 2524 1137 2553 et
1157 2523 1338 2563 antequam
1357 2518 1400 2552 de
1417 2528 1505 2562 equo
1521 2518 1761 2559 descenderet,

312 2564 348 2594 et
383 2560 534 2604 Scythas
569 2566 604 2597 et
637 2563 868 2598 Romanorum
901 2564 992 2598 haud
1016 2575 1144 2611 paucos
1167 2565 1366 2610 praedatum
1390 2574 1493 2608 agros
1516 2563 1622 2598 misit.
1666 2563 1760 2608 quoti

312 2606 440 2640 sactum
475 2612 550 2651 est,
587 2612 623 2642 et
655 2608 794 2643 adducti
828 2615 908 2644 sunt
941 2610 1010 2644 viri
1039 2610 1135 2644 multi
1161 2616 1198 2644 et
1219 2609 1377 2644 mulieres
1400 2608 1573 2653 multaque
1593 2608 1758 2642 iumenta.

311 2650 395 2685 inde
430 2663 494 2696 per
525 2652 682 2689 hostilem
713 2659 841 2690 terram
874 2667 1079 2701 progressus
1111 2655 1217 2691 tertia
1250 2655 1308 2690 die
1339 2654 1546 2700 Hierapoiin
1585 2652 1758 2698 pervenit,

312 2707 457 2741 cumque
488 2699 697 2733 ostendisset
720 2700 810 2735 velle
832 2712 871 2736 se
894 2702 1037 2746 aggredi
1067 2702 1255 2736 exercitum
1284 2699 1345 2746 qui
1367 2699 1418 2734 ibi
1442 2701 1656 2742 morabatur,
1688 2708 1758 2733 non

313 2742 390 2775 ausi
413 2741 464 2776 illi
486 2749 566 2778 sunt
590 2755 664 2778 cum
690 2746 852 2781 Romanis
875 2747 1061 2792 congredi,
1092 2748 1155 2782 sed
1177 2746 1310 2781 levibus
1333 2745 1536 2791 quibusdam
1557 2743 1699 2790 praeliis
1721 2747 1758 2777 et

313 2786 563 2832 irruptionibus
596 2790 718 2825 bellum
748 2792 974 2837 repudiarunt
1004 2799 1040 2828 et
1064 2793 1196 2828 Arabes
1221 2798 1258 2828 et
1281 2791 1391 2826 Turci
1413 2790 1635 2836 ipsorumque
1655 2798 1758 2834 prae·-

314 2832 427 2867 sectus
456 2834 646 2870 Amertices
676 2837 721 2872 ad
749 2848 860 2883 genus
888 2838 1022 2884 regium
1054 2838 1238 2874 Persarum
1266 2836 1435 2883 originem
1464 2847 1560 2871 suam
1587 2834 1756 2869 reserens.
