1890 3236
296 191 396 239 220
767 187 1005 233 GEORGII
1038 186 1282 233 GEDRENI

297 301 441 354 θόμ-ης
460 302 534 357 τὴν
562 299 664 357 πρὸς
682 298 752 342 τὸν
769 298 942 354 βασιλέα
960 303 1041 343 τῶν
1057 297 1277 345 Ῥαουσίων
1299 303 1527 360 πρεσβείαν,
1570 303 1750 363 cinerum*-

298 372 409 422 κότες
427 372 472 412 δὲ
492 371 557 412 καὶ
578 368 653 423 τὴν
673 366 872 422 σύντομον
892 367 1057 422 ἅλωσιν,
1090 373 1208 412 τοῦτο
1237 371 1281 413 δὲ
1307 374 1374 414 καὶ
1397 373 1471 428 τὴν
1490 374 1534 416 ἐκ
1551 375 1750 427 βασιλέως

299 439 547 497 φοβηθέντες
575 436 795 492 ἀφίξεσθαι
822 436 1050 490 μέλλουσαν
1080 437 1290 494 βοήθειαν,
1331 438 1472 483 λύουσι
1489 440 1563 496 τὴν
1584 446 1750 500 πολιορ-

242 517 272 550 C
296 510 397 558 κιάν,
432 505 536 547 κατὰ
559 505 602 546 δὲ
622 504 695 559 τὴν
708 504 894 557 Ἰταλίαν,
923 505 949 560 ’ἢ
969 510 1040 548 νῦν
1056 507 1358 565 Λαγγοβαρὸία
1381 507 1626 564 ὠνόμασται,
1656 511 1749 561 deest

293 574 536 631 περάσαντες
561 572 607 615 τὸ
636 570 811 630 κάστρον
830 578 904 628 τῆς
922 572 1092 631 ,Βάρεως
1115 574 1393 633 ἐξεπόρθησαν
1418 579 1486 620 καὶ
1507 576 1656 621 αὐτόθι
1674 583 1782 622 ica-5

293 641 641 697 τασκηνιόσαντες,
675 644 743 683 καὶ
761 647 845 692 τοῖς
863 643 1056 698 ἐγγίζουσι
1077 643 1178 685 καθ’
1204 643 1375 700 ἑκάστην
1396 646 1663 700 ἐπιτιθέμενοι
1683 648 1752 691 καὶ
1772 667 1775 671 ·

295 712 360 754 ἀεί
377 729 416 753 τι
435 707 834 768 προσλαμβάνοντες,
868 715 1003 754 πᾶσαν
1024 711 1097 766 τὴν
1115 713 1442 771 Λαγγοβαρδίαν
1464 713 1560 772 ἄχρι
1586 716 1656 758 καὶ
1676 713 1754 758 αὗ·-

294 784 366 835 τῆς
385 783 457 834 τῆς
479 779 574 820 ποτὲ
593 777 864 834 μεγαλοδόξου
879 778 1038 834 Ῥώμης
1056 778 1294 837 ἐκράτησαν.
1577 824 1579 826 ,

435 847 495 889 Τὸ
523 847 565 889 δὲ
584 846 793 903 γενόμενον
814 848 856 889 ἐν
876 848 1096 908 Δαλματίιιι
1116 849 1229 906 παρὰ
1250 854 1322 904 τῆς
1348 847 1572 905 Ῥωμαϊκῆς
1591 850 1754 894 ἐπικου-

296 918 386 975 ρίας
416 917 483 958 καὶ
512 915 564 958 τὰ
590 916 997 973 προμνημονευθέντα
1016 917 1106 973 γένη
1126 923 1207 960 τῶν
1224 921 1401 961 Σκυθῶν
1419 916 1678 974 θεασάμενοι,
1714 919 1810 962 o‘llo

295 1004 338 1029 τε
357 982 582 1042 Χρωβάτοι
611 987 679 1026 καὶ
709 985 858 1040 Σέρβοι
886 987 953 1027 καὶ
980 985 1017 1027 οἱ
1042 987 1197 1039 λοιποί,
1243 987 1429 1043 πρέσβεις
1457 987 1559 1044 πρὸς
1581 987 1756 1042 βασιλέα

299 1055 531 1098 στέλλουσιν
552 1053 753 1103 ἀξιοῦντες
780 1051 919 1110 ζεύγλῃ
941 1057 1012 1108 τῆς
1033 1051 1258 1109 Ῥωμαϊκῆς
1278 1055 1460 1105 ἐξουσίας
1475 1040 1755 1098 ὕπεισελθεΐν·

249 1130 281 1165 D
306 1117 361 1166 ὧν
390 1121 444 1172 ὥς
471 1119 635 1177 εὐλόγου
667 1125 739 1177 τῆς
771 1119 943 1176 δεήσεως
959 1121 1185 1173 ἐπακούσας
1202 1121 1223 1165 ὃ
1243 1124 1434 1177 βασιλεὺς
1455 1121 1758 1180 φιλανθρώπως

302 1191 450 1241 αὐτοὺς
468 1190 759 1247 προσεδέξατο,
806 1192 874 1232 καὶ
903 1188 1047 1241 πάντες
1078 1196 1128 1248 τῇ
1154 1189 1358 1248 Ῥωμαϊκῇ
1380 1192 1611 1245 ἐπανῆλθον
1634 1191 1756 1250 ἀρχῇ,

301 1258 509 1313 δεξάμενοι
532 1258 731 1315 ἄρχοντας
750 1262 829 1301 τῶν
848 1259 1000 1301 οἰκείων
1017 1261 1083 1301 καὶ
1103 1258 1336 1316 ὁμοφύλων.
1369 1263 1449 1302 τῶν
1468 1260 1512 1302 δὲ
1530 1263 1757 1317 περικαθη-
1768 1266 1811 1301 15

299 1329 429 1383 με’νων
453 1329 682 1384 Ἀγαρηνῶν
709 1327 755 1369 τὸ
783 1325 995 1370 Ῥαούσιον
1023 1327 1080 1370 ἔτι
1108 1330 1198 1383 περὶ
1222 1328 1297 1383 τὴν
1327 1328 1502 1370 Ἰταλίαν
1526 1325 1760 1385 διατρεχόν-

298 1414 379 1440 των
411 1398 479 1438 καὶ
512 1400 686 1451 συνεχῶς
714 1394 1038 1453 κατατριβόντων
1073 1395 1197 1451 αὐτήν
1207 1427 1221 1447 ,
1264 1398 1485 1454 φροντίζων
1516 1394 1540 1438 ὃ
1567 1395 1760 1450 βασιλεῦς

301 1465 411 1515 ὅπως
439 1462 607 1514 τούτους
635 1463 981 1519 ἀποσκευάσηται,
1015 1465 1098 1506 ἐπεὶ
1127 1466 1309 1520 ἐγίνωσκε
1330 1464 1388 1520 μὴ
1414 1462 1636 1519 ἀξιόμαχον
1660 1462 1760 1507 εἶναι

301 1533 371 1577 τὸν
396 1533 499 1589 μετὰ
529 1537 600 1575 τοῦ
622 1531 811 1590 Ὠορύφα
830 1531 987 1584 στόλον,
1022 1533 1124 1589 πρὸς
1143 1533 1320 1586 Δολΐχον
1339 1533 1409 1575 τὸν
1428 1531 1531 1590 ῥῆγα
1552 1533 1762 1598 Φραγγίας

302 1604 368 1645 καὶ
391 1602 460 1644 τὸν
479 1600 618 1644 πάπαν
632 1601 790 1656 Ῥώμης
810 1599 1138 1657 διαπρεσβεύεται
1148 1633 1162 1653 ,
1196 1605 1531 1656 συνεπικουρῆσαι
1554 1608 1643 1651 ταῖς
1663 1599 1816 1647 {av—20

301 1675 374 1713 τοῦ
407 1668 625 1724 δυνάμεσιν
653 1671 819 1721 ἐξαιτῶν
847 1671 914 1712 καὶ
944 1670 1048 1723 μετὰ
1075 1667 1228 1712 τούτων
1256 1669 1360 1711 κατὰ
1391 1673 1471 1712 τῶν
1496 1669 1633 1711 ἀθέων
1654 1686 1762 1724 συμ-

302 1737 644 1795 παρατάξασθαι,
689 1740 756 1782 καὶ
783 1739 857 1788 τὰς
889 1738 1009 1795 ὀλίγῳ
1038 1736 1219 1794 πρόσθεν
1253 1739 1599 1793 μνημονευθείσας
1622 1736 1763 1794 χώρας

302 1812 383 1851 τῶν
400 1811 659 1862 Σθλαβηνῶν
679 1806 869 1858 κελεύσας
889 1807 1232 1861 συνεπιλαβέσθαι
1251 1810 1323 1849 τοῦ
1343 1806 1460 1864 ἔργου
1481 1807 1549 1849 καὶ
1576 1805 1672 1858 τοὺς
1689 1810 1762 1849 τοῦ

397 1937 441 1973 11
465 1934 646 1983 χροβοῖτοι
665 1937 696 1972 C
835 1937 879 1972 19
902 1933 1049 1982 Ὀρύφα
1070 1936 1100 1972 Ρ
1235 1935 1406 1980 δολοῖχον
1430 1934 1462 1971 C

307 2051 429 2095 ivisse,
453 2051 498 2086 de
521 2052 607 2086 urbe
628 2050 698 2086 cito
722 2051 952 2097 expugnanda
974 2051 1199 2096 desperantes
1223 2054 1258 2085 et
1281 2050 1413 2085 auxilia
1435 2049 1618 2085 missurum
1643 2049 1677 2083 ei
1699 2047 1765 2084 im-

308 2104 505 2143 peratorem
525 2103 730 2143 metuentes,
753 2098 967 2132 obsidionem
984 2097 1134 2139 solvunt,
1159 2102 1195 2131 et
1217 2098 1261 2131 ad
1281 2097 1404 2132 Italiae
1423 2108 1498 2132 eam
1520 2100 1654 2141 partem
1676 2106 1767 2140 quae

308 2143 556 2188 Longobardia
585 2143 689 2178 hodie
717 2144 845 2178 dicitur
875 2144 1080 2187 navigantes
1109 2143 1217 2176 Barin
1249 2148 1398 2179 castrum
1426 2146 1616 2187 occupant,
1646 2140 1767 2186 ibique

310 2190 506 2223 consident.
552 2190 634 2223 inde
666 2189 827 2235 paulatim
861 2189 1017 2235 proxima
1046 2200 1205 2233 quaeque
1227 2188 1385 2233 aggressi
1409 2193 1445 2222 et
1467 2187 1591 2234 potiti,
1623 2186 1767 2221 univer·-

309 2247 381 2269 sam
406 2235 696 2279 Lon'gobardiam,
734 2241 769 2269 et
791 2235 974 2279 aliquando
998 2235 1167 2279 quidquid
1190 2235 1234 2269 ad
1255 2235 1366 2281 ipsam
1389 2244 1500 2281 usque
1520 2233 1666 2270 Romam
1689 2232 1771 2268 olim

310 2280 593 2326 gloriosissimam
619 2281 766 2315 interest
787 2281 954 2326 regionis,
981 2281 1219 2315 obtinuerunt.

403 2348 451 2383 At
473 2349 644 2384 Chrobati
667 2349 772 2383 Servi
802 2349 1026 2394 reliquaeque
1047 2348 1236 2393 Scythicae
1264 2359 1350 2392 quas
1381 2359 1488 2393 supra
1519 2345 1771 2381 nominavimus

311 2398 446 2439 gentes,
470 2407 547 2429 cum
571 2395 742 2430 vidissent
766 2395 935 2440 quomodo
960 2395 1073 2430 missis
1097 2407 1117 2429 a
1141 2396 1295 2429 Romano
1319 2394 1532 2439 imperatore
1554 2392 1691 2427 auxiliis
1713 2402 1771 2425 res

310 2441 349 2474 in
371 2440 543 2475 Dalmatia
568 2447 647 2475 acta
672 2446 784 2485 esset,
819 2441 931 2475 missis
953 2442 998 2476 ad
1021 2452 1098 2475 eum
1121 2440 1246 2485 legatis
1276 2444 1399 2484 petunt
1419 2450 1542 2473 rursus
1563 2439 1627 2472 sub
1653 2437 1772 2481 iugum

312 2487 491 2520 Romanae
523 2487 710 2532 potestatis
743 2498 781 2521 se
811 2486 936 2532 recipi.
993 2498 1137 2531 quorum
1165 2488 1345 2520 honestam
1377 2485 1536 2519 indicans
1566 2483 1772 2528 petitionem

311 2531 464 2566 Basilius
496 2532 690 2568 humaniter
720 2532 883 2567 assensit.
931 2532 981 2567 ita
1003 2533 1093 2567 istae
1116 2537 1239 2576 gentes
1263 2542 1380 2565 omnes
1401 2532 1467 2565 sub
1490 2529 1670 2574 imperium
1694 2529 1770 2563 Ro-

311 2588 446 2611 manum
464 2578 656 2618 redierunt,
677 2578 793 2622 iisqne
816 2578 990 2624 praefecti
1013 2590 1057 2612 ex
1078 2579 1229 2623 ipsarum
1255 2588 1402 2622 corpore
1424 2575 1511 2610 dati.
1559 2585 1634 2608 cum
1657 2579 1773 2608 autem

311 2623 374 2668 qui
395 2623 587 2666 Ragusium
609 2625 821 2659 obsederant
841 2624 993 2668 Agareni
1015 2624 1128 2658 adhuc
1151 2635 1214 2669 per
1235 2623 1371 2657 Italiam
1395 2620 1642 2665 discursarent,
1677 2631 1772 2655 eam-

313 2679 383 2714 que
406 2668 664 2703 continentibus
688 2669 822 2704 damnis
848 2675 1059 2714 attererent,
1093 2669 1242 2704 Basilius
1272 2669 1317 2702 de
1342 2667 1388 2700 iis
1414 2666 1642 2711 profligandis
1674 2665 1772 2710 cogi-

313 2721 410 2758 tans,
444 2715 669 2759 sentiensque
693 2715 838 2750 classem
861 2716 1032 2760 Oryphae
1064 2716 1107 2749 ad
1139 2715 1205 2749 hoc
1234 2712 1484 2747 conficiendum
1506 2723 1576 2745 non
1598 2711 1684 2746 satis
1708 2711 1773 2746 ha-

314 2762 399 2795 bere
424 2760 569 2804 virium,
599 2771 662 2804 per
692 2760 827 2805 legatos
852 2772 873 2794 a
894 2761 1041 2795 Dolicho
1066 2760 1238 2794 Franciae
1270 2770 1355 2802 rege
1387 2763 1422 2792 et
1451 2769 1472 2792 a
1501 2769 1590 2802 papa
1616 2758 1772 2791 Romano

316 2805 496 2840 contendit
516 2810 555 2839 ut
577 2805 646 2839 sibi
669 2805 706 2839 in
730 2806 955 2841 excindendis
979 2806 1095 2851 impiis
1118 2805 1276 2840 hostibus
1299 2803 1430 2838 auxilia
1451 2805 1657 2848 praebeant.
1693 2802 1772 2836 Sla-

316 2851 409 2886 vinis
432 2862 572 2897 quoque
594 2851 695 2897 istis,
721 2863 809 2897 quas
830 2852 934 2898 paulo
956 2858 1040 2888 ante
1062 2849 1418 2894 commemoravimus,
1449 2849 1612 2894 gentibus
1636 2847 1772 2895 praeci-
