1916 3210
470 125 661 157 '’⁵⁰⁸¹''ffl-‘W'aem
667 142 699 162 R.
762 124 811 140 ·w‘':?
823 122 932 143 him-em*
938 125 1101 152 =''''›4v3,3?2⁴'.'.·1.':-'=
1114 129 1117 132 ι
1125 128 1139 132 -«

596 172 599 174 .
612 155 663 176 ’,ὁ-,ι

337 182 435 232 654
727 184 952 230 IOANNIS
986 145 1374 231 cuRbPALATAE

336 295 628 354 πημαινομένου
659 296 733 352 τὴν
752 294 892 355 χώραν
915 297 988 355 τὴν
1002 296 1246 354 Ῥωμαϊκήν,
1277 302 1357 343 τῶν
1379 300 1468 356 περὶ
1487 298 1556 343 τὸν
1575 299 1774 358 Παγκρά-

336 384 421 410 τιον
455 364 618 417 ἐξιόντες
655 365 756 415 τινὲς
789 365 861 421 τὴν
897 367 1086 424 οὐραγίαν
1112 371 1186 410 τοῦ
1216 370 1474 411 σουλτανικοῦ
1502 368 1773 424 στρατοπέδου

194 438 225 473 Ρ
249 437 315 475 815
339 436 509 478 ἐσίνοντο
542 435 608 475 καὶ
639 432 880 476 κατέκαινον.
945 435 1015 492 ἐφ’
1047 432 1108 486 οἷς
1135 436 1201 477 καὶ
1228 433 1496 490 δυσθυμήσας
1515 432 1540 478 ὅ
1559 434 1774 486 σουλτάνος

331 503 465 559 ἐφίησι
495 504 567 544 τοῦ
595 499 733 557 πρόσω
765 502 876 544 ἰέναι.
943 502 1044 558 πρὸς
1069 503 1114 547 τὸ
1135 502 1265 546 ’Ἀνιον
1285 503 1330 546 δὲ
1349 502 1677 559 ἀνθυπέστρεψε,
1706 505 1796 547 καὶ’

332 570 393 613 δι’
417 569 558 624 ὀλίγων
577 566 735 625 ἡμερῶν
752 567 850 612 αὐτό
869 587 909 612 τε
927 571 972 613 τὸ
987 570 1116 614 Ἄνιον
1134 573 1200 613 καὶ
1218 571 1268 613 τὰ
1287 572 1376 628 περὶ
1395 569 1492 614 αὐτὸ
1513 568 1771 628 adnantes-
1783 579 1805 614 5

331 635 596 691 ποιησάμενος
617 641 777 695 στρατῷ
797 654 837 679 τε
863 636 1071 693 ὀχυρώσας
1079 671 1092 690 ,
1125 640 1192 681 καὶ
1220 645 1456 695 στρατηγοῖς
1480 636 1701 693 ἀξιολόγοις
1721 638 1776 681 τὰ
1806 659 1808 662 ’

333 706 455 748 ἐκεῖσε
484 703 712 761 παραδούς,
745 708 816 760 τῆς
837 710 917 748 τῶν
934 704 1138 761 Ῥωμαίων
1164 708 1411 763 ἐπικρατείας
1436 704 1533 749 αὗτό
1552 722 1596 750 τε
1617 707 1685 748 καὶ
1703 705 1776 760 τὴν

333 772 431 816 αὐτὸ
463 771 603 829 χώραν
643 772 919 830 ἀπεστέρησεν.
988 772 1063 830 εἶχε
1099 775 1170 829 μὲν
1201 770 1271 817 οὖν
1301 773 1406 817 οὕτω
1435 778 1583 827 ταῦτα,
1624 774 1691 816 καὶ
1719 775 1778 824 εἷς

334 843 529 884 τοσοῦτον
548 841 724 894 σκυλμὸν
741 841 792 883 τὰ
809 840 1011 896 Ῥωμαὶκά
1029 840 1259 899 περιήγοντο
1278 840 1381 886 κατά
1401 859 1442 886 τε
1461 841 1534 895 τὴν
1550 842 1686 885 Ἀσίαν
1708 842 1776 885 καὶ

333 909 407 963 τὴν
425 907 548 962 ἄλλην
565 912 698 950 πᾶσαν
718 908 926 965 ἀνατολήν.
992 911 1034 952 ἐν
1054 911 1098 953 δὲ
1114 915 1164 967 τῇ
1183 909 1292 954 δύσει
1311 910 1414 953 κατὰ
1431 909 1506 965 τὴν
1522 910 1657 967 τρίτην
1675 909 1831 951 tarsa-1⁰

335 980 503 1027 κτιῶνα,
539 974 742 1032 ἀρχόντων
770 981 850 1019 τῶν
875 978 964 1035 περὶ
992 978 1061 1021 τὸν
1082 978 1238 1035 Ἴστρον
1266 978 1446 1033 ποταμὸν
1463 981 1535 1020 τοῦ
1553 978 1776 1034 μαγίστρου

286 1051 316 1087 Β
340 1044 553 1087 Βασιλείου
583 1047 655 1086 τοῦ
679 1044 903 1087 Ἀποκάπου
924 1046 990 1088 καὶ
1010 1050 1082 1089 τοῦ
1100 1047 1321 1103 μαγίστρου
1339 1043 1576 1102 Νικηφόρον
1596 1048 1671 1088 τοῦ
1689 1047 1777 1087 ,Βο-

336 1109 565 1162 τανειάτου,
599 1111 644 1154 τὸ
679 1116 757 1154 τῶν
793 1112 931 1165 Οὕζων
959 1112 1078 1164 ἔθνος
1110 1114 1248 1170 (γένος
1276 1115 1319 1156 δὲ
1345 1115 1413 1156 καὶ
1437 1108 1547 1156 οὗτοι
1572 1111 1777 1156 Σκυθικὸν

337 1182 403 1222 καὶ
425 1184 504 1222 τῶν
523 1178 786 1232 Πατζινάκων
807 1180 1075 1239 εὐγενέστερόν
1093 1199 1134 1224 τε
1154 1184 1220 1225 καὶ
1238 1181 1639 1239 πολυπληθέστερον)
1673 1196 1777 1236 παγ-

336 1249 436 1303 γενεὶ
466 1247 567 1301 μετὰ
594 1252 664 1302 τῆς
691 1249 836 1299 οἶκείας
867 1250 1091 1305 ἀποσκευῆς
1118 1249 1188 1293 τὸν
1205 1249 1361 1307 Ἴστρον
1391 1249 1616 1306 περαιωθὲν
1644 1246 1776 1300 ξύλοις
1787 1251 1828 1287 15

334 1322 504 1373 μακροῖς
524 1317 589 1357 καὶ
613 1316 774 1370 λε’μβοις
796 1317 1081 1374 αὐτοπρέμνοις
1101 1320 1167 1360 καὶ
1186 1316 1380 1375 βύρσαις,
1413 1317 1507 1368 τοὺς
1532 1314 1778 1359 διακωλύον-

333 1400 408 1434 τας
434 1384 506 1438 τὴν
535 1383 667 1426 αὐτῶν
696 1386 910 1440 περαίωσιν
939 1383 1208 1443 στρατιώτας,
1242 1383 1503 1443 Βουλγάρους
1521 1385 1568 1428 τέ
1584 1401 1689 1442 φημι
1709 1385 1778 1426 καὶ

330 1449 553 1505 Ῥωμαίους
592 1453 658 1494 καὶ
699 1453 861 1503 λοιποὺς
886 1453 980 1504 τοὺς
1009 1452 1128 1504 ὄντας
1155 1454 1229 1498 σὺν
1256 1454 1413 1505 αὐτοῖς,
1459 1453 1776 1509 κατηγωνίσαντο

335 1521 566 1576 αι’φνιόίως,
600 1521 667 1561 καὶ
689 1520 782 1571 τοὺς
803 1519 999 1577 ἡγεμόνας
1017 1521 1148 1565 αὐτῶν
1169 1520 1238 1564 τόν
1259 1538 1301 1564 τε
1318 1518 1544 1576 Ἀποκάπην
1564 1521 1776 1564 Βασίλειον

333 1589 400 1629 καὶ
419 1587 488 1629 τὸν
508 1586 775 1642 Βοτανειάτην
793 1587 1028 1646 Νικηφόρον
1049 1587 1328 1643 αἰχμαλώτους
1350 1587 1575 1644 ἀπήγαγον,
1609 1589 1677 1631 καὶ
1701 1586 1830 1642 τὴνΞῦ

331 1656 422 1711 περὶ
439 1654 508 1697 τὸν
521 1653 676 1711 Ἴστρον
694 1661 827 1698 πᾶσαν
846 1654 1082 1713 ἐπλήρωσαν
1098 1656 1322 1713 ὕπαιθρον·
1349 1660 1612 1699 συνεποσοῦτο
1632 1655 1709 1713 γὰρ
1728 1654 1775 1698 τὸ

286 1727 317 1763 C
341 1721 482 1775 ἔθνος,
517 1720 572 1772 ὥς
600 1723 638 1764 οἱ
666 1722 812 1774 εἰδότες
837 1726 1129 1778 διεβεβαιοῦντο
1137 1756 1151 1777 ,
1186 1726 1241 1775 εἷς
1259 1722 1447 1779 ἑξήκοντα
1468 1722 1670 1782 μυριάδας
1691 1740 1776 1778 μα-

330 1791 461 1846 χίμων
489 1790 646 1848 ἀνδρῶν
675 1794 741 1834 καὶ
765 1796 1027 1848 πολεμιστῶν.
1092 1798 1215 1850 μοΐρα
1243 1792 1290 1836 δέ
1313 1809 1374 1844 τις
1400 1792 1532 1836 ἀὐτῶν
1549 1791 1622 1835 οὐκ
1640 1791 1776 1846 ἐλαχί-

423 1931 448 1967 7
469 1926 539 1975 τὴν
560 1927 644 1975 περὶ
667 1927 790 1967 αὖτόῗ
902 1933 925 1968 8
951 1929 1000 1967 ἴσ.
1023 1931 1224 1978 περίχωρον
1244 1930 1301 1967 vel
1322 1929 1537 1978 πρόσχωρον
1558 1942 1676 1977 margo
1696 1931 1726 1966 P

335 2057 403 2098 ret,
428 2065 542 2099 neque
562 2057 676 2088 tamen
698 2054 926 2090 Romanorum
947 2056 1122 2101 regionem
1144 2059 1299 2100 vexaret,
1324 2054 1462 2101 quidam
1486 2066 1530 2091 ex
1549 2054 1594 2090 iis
1617 2053 1677 2100 qui
1698 2065 1773 2089 cum

334 2100 519 2134 Pancratio
541 2104 658 2144 erant,
685 2107 902 2147 erumpentes
925 2108 1110 2137 extremum
1132 2114 1254 2146 agmen
1274 2102 1443 2136 Sultanici
1463 2100 1634 2136 exercitus
1655 2100 1774 2135 laede-

336 2147 422 2180 bant
445 2150 481 2179 et
503 2145 704 2180 caedebant.
751 2147 873 2191 quibus
897 2148 941 2182 de
964 2147 1076 2182 causis
1099 2147 1262 2182 Sultanus
1290 2147 1444 2192 graviter
1464 2147 1664 2192 indignatus
1684 2145 1775 2180 ulte-

337 2191 410 2225 rius
443 2191 607 2236 progredi
638 2191 808 2226 desistens
839 2193 882 2226 ad
911 2194 1034 2228 Anium
1066 2204 1228 2227 reversus
1257 2198 1331 2237 est,
1363 2198 1399 2227 et
1420 2192 1538 2238 paucis
1559 2192 1682 2226 diebus
1702 2195 1775 2226 tum

335 2236 447 2280 ipsum
480 2236 622 2280 Anium,
660 2242 731 2271 tum
760 2237 905 2272 finitima
936 2239 1049 2272 omnia
1078 2239 1154 2273 loca
1177 2238 1213 2272 in
1235 2249 1331 2272 suam
1353 2242 1554 2283 potestatem
1577 2237 1716 2272 redacta
1739 2241 1777 2271 et

335 2281 512 2326 praesidio
535 2282 695 2327 imposito
720 2284 847 2317 munita
870 2295 911 2318 ac
933 2285 1076 2319 ducibus
1097 2283 1233 2318 idoneis
1254 2282 1382 2318 tradita
1403 2284 1631 2318 Romanorum
1649 2282 1778 2317 exemit

334 2327 495 2372 imperio.
543 2327 629 2361 haec
659 2327 766 2372 igitur
798 2329 834 2362 in
867 2329 931 2362 hoc
960 2335 1052 2364 statu
1082 2334 1198 2374 erant,
1233 2334 1270 2363 et
1290 2334 1406 2363 tantae
1427 2327 1606 2363 vexationi
1626 2327 1776 2363 obnoxia.

338 2378 436 2406 erant
468 2373 697 2407 Romanorum
726 2374 803 2408 loca
831 2374 868 2409 in
897 2375 977 2409 Asia
1001 2380 1038 2409 et
1060 2374 1097 2409 in
1120 2374 1210 2409 omni
1233 2374 1388 2409 Orientis
1410 2373 1573 2419 regione=
1604 2373 1642 2408 in
1668 2372 1775 2407 Occi-

336 2418 441 2452 dente
462 2430 546 2452 vero
571 2418 663 2452 circa
685 2420 820 2454 tertiam
842 2420 1080 2461 indictionem,
1105 2431 1179 2454 cum
1203 2425 1403 2465 praeessent
1425 2419 1563 2465 oppidis
1584 2419 1775 2453 adlstrum

334 2463 478 2497 fluvium
512 2463 589 2497 sitis
621 2464 785 2508 magister
814 2465 961 2500 Basilius
981 2466 1162 2510 Apocapes
1187 2471 1223 2500 et
1245 2465 1409 2509 magister
1429 2464 1646 2510 Nicephorus
1668 2464 1776 2498 Bota-

335 2509 465 2552 niates,
489 2509 640 2543 Uzorum
665 2511 758 2544 natio
784 2511 843 2554 (hi
867 2511 969 2545 etiam
988 2516 1071 2545 sunt
1093 2522 1219 2555 genere
1242 2510 1414 2554 Scythae,
1438 2514 1475 2545 et
1493 2508 1690 2544 Patzinacie
1710 2519 1775 2543 no-

334 2554 477 2588 biliores
502 2559 538 2588 et
558 2555 773 2589 multitudine
795 2557 1017 2601 superiores)
1045 2568 1119 2590 cum
1150 2561 1231 2591 tota·
1254 2561 1358 2601 gente
1388 2561 1425 2590 et
1455 2555 1606 2600 propriis
1627 2553 1776 2598 impedi-

335 2599 457 2633 mentis
481 2600 680 2634 transmisso
704 2601 795 2635 Istro
818 2602 930 2646 longis
954 2602 1098 2636 navibus
1121 2606 1157 2636 et
1179 2602 1299 2635 lembis
1323 2613 1343 2636 e
1365 2601 1506 2635 caudice
1526 2604 1649 2635 cavato
1671 2598 1776 2633 factis

336 2649 373 2678 et
395 2644 548 2689 utribus,
580 2645 705 2680 milites
727 2647 906 2681 transitum
930 2647 1170 2693 prohibentes,
1193 2646 1362 2691 Bulgaros
1383 2646 1521 2691 inquam
1545 2650 1580 2680 et
1601 2647 1776 2680 Romanos

336 2693 374 2723 et
396 2689 455 2733 qui
477 2701 552 2724 cum
575 2690 661 2736 ipsis
692 2698 806 2736 erant,
842 2693 957 2727 statim
979 2692 1215 2736 debellarunt,
1249 2704 1291 2727 ac
1314 2693 1418 2726 duces
1439 2691 1590 2737 ipsorum
1611 2689 1775 2724 Basilium

336 2734 531 2779 Apocapem
555 2742 590 2769 et
612 2737 843 2781 Nicephorum
866 2737 1080 2773 Botaniatem
1103 2738 1260 2783 captivos
1282 2738 1474 2780 abduxere,
1509 2745 1707 2780 omnemque
1728 2733 1774 2768 ad

335 2779 461 2813 Istrum
485 2779 658 2824 planitiem
679 2782 902 2827 complerunt.
949 2789 1152 2818 excreverat
1174 2783 1265 2818 enim
1286 2782 1401 2827 natio,
1428 2787 1467 2818 ut
1485 2781 1513 2816 ii
1535 2781 1595 2826 qui
1615 2780 1776 2815 viderant

337 2825 601 2870 confirmabant,
626 2827 670 2862 ad
692 2834 857 2865 sexcenta
877 2828 1117 2866 bellicosorum
1133 2828 1286 2864 virorum
1302 2828 1408 2864 milia.
1454 2833 1491 2863 et
1504 2825 1670 2873 quaedam
1683 2823 1775 2859 haud
