<?xml version="1.0" encoding="UTF-8"?>
<!DOCTYPE html PUBLIC "-//W3C//DTD XHTML 1.0 Transitional//EN"
    "http://www.w3.org/TR/xhtml1/DTD/xhtml1-transitional.dtd">
<html xmlns="http://www.w3.org/1999/xhtml" xml:lang="en" lang="en">
 <head>
  <title>
</title>
<meta http-equiv="Content-Type" content="text/html;charset=utf-8" />
  <meta name='ocr-system' content='tesseract 3.04.00' />
  <meta name='ocr-capabilities' content='ocr_page ocr_carea ocr_par ocr_line ocrx_word'/>
</head>
<body>
  <div class='ocr_page' id='page_1' title='image "./corpusscriptorum14niebuoft_0374.png"; bbox 0 0 1890 3236; ppageno 0'>
   <div class='ocr_carea' id='block_1_1' title="bbox 287 179 1262 236">
    <p class='ocr_par' dir='ltr' id='par_1_1' title="bbox 287 179 1262 236">
     <span class='ocr_line' id='line_1_1' title="bbox 287 179 1262 236; baseline -0.004 -7"><span class='ocrx_word' id='word_1_1' title='bbox 287 180 385 236; x_wconf 82' lang='lat'>364</span> <span class='ocrx_word' id='word_1_2' title='bbox 759 179 996 225; x_wconf 86' lang='lat' dir='ltr'>GEORGII</span> <span class='ocrx_word' id='word_1_3' title='bbox 1021 179 1262 226; x_wconf 83' lang='lat' dir='ltr'>cEDRENl</span> 
     </span>
    </p>
   </div>
   <div class='ocr_carea' id='block_1_2' title="bbox 147 290 1819 1855">
    <p class='ocr_par' dir='ltr' id='par_1_2' title="bbox 284 290 1774 764">
     <span class='ocr_line' id='line_1_2' title="bbox 423 290 1735 352; baseline 0.002 -14"><span class='ocrx_word' id='word_1_4' title='bbox 423 299 498 352; x_wconf 72' lang='grc' dir='ltr'>Τῷ</span> <span class='ocrx_word' id='word_1_5' title='bbox 525 294 569 337; x_wconf 82' lang='grc' dir='ltr'>δὲ</span> <span class='ocrx_word' id='word_1_6' title='bbox 596 293 718 351; x_wconf 75' lang='grc' dir='ltr'><strong><em>τρίτῳ</em></strong></span> <span class='ocrx_word' id='word_1_7' title='bbox 746 290 823 335; x_wconf 66' lang='grc' dir='ltr'><strong><em>ἔτει</em></strong></span> <span class='ocrx_word' id='word_1_8' title='bbox 847 296 919 347; x_wconf 82' lang='grc' dir='ltr'>τῆς</span> <span class='ocrx_word' id='word_1_9' title='bbox 942 293 1150 347; x_wconf 80' lang='grc' dir='ltr'><em>βασιλείας</em></span> <span class='ocrx_word' id='word_1_10' title='bbox 1172 290 1300 336; x_wconf 82' lang='grc' dir='ltr'><strong><em>αῧτοῧ</em></strong></span> <span class='ocrx_word' id='word_1_11' title='bbox 1309 325 1323 346; x_wconf 92' lang='grc'><strong><em>,</em></strong></span> <span class='ocrx_word' id='word_1_12' title='bbox 1353 291 1472 352; x_wconf 66' lang='grc' dir='ltr'><strong><em>ἴαρος</em></strong></span> <span class='ocrx_word' id='word_1_13' title='bbox 1491 294 1735 350; x_wconf 72' lang='grc' dir='ltr'><strong><em>ἐπιστάντος,</em></strong></span> 
     </span>
     <span class='ocr_line' id='line_1_3' title="bbox 285 358 1736 422; baseline 0.003 -16"><span class='ocrx_word' id='word_1_14' title='bbox 285 363 405 407; x_wconf 83' lang='grc' dir='ltr'><strong><em>πάλιν</em></strong></span> <span class='ocrx_word' id='word_1_15' title='bbox 435 362 619 415; x_wconf 79' lang='grc' dir='ltr'><strong><em>εἰσβολὴν</em></strong></span> <span class='ocrx_word' id='word_1_16' title='bbox 644 358 857 415; x_wconf 76' lang='grc' dir='ltr'><strong><em>ἐποιήσατο</em></strong></span> <span class='ocrx_word' id='word_1_17' title='bbox 876 360 983 404; x_wconf 78' lang='grc' dir='ltr'><strong><em>κατὰ</em></strong></span> <span class='ocrx_word' id='word_1_18' title='bbox 1002 363 1155 419; x_wconf 81' lang='grc' dir='ltr'><strong><em>Συρίας</em></strong></span> <span class='ocrx_word' id='word_1_19' title='bbox 1175 360 1197 405; x_wconf 83' lang='grc' dir='ltr'><strong>ὃ</strong></span> <span class='ocrx_word' id='word_1_20' title='bbox 1218 360 1422 417; x_wconf 79' lang='grc' dir='ltr'><strong><em>βασιλεύς.</em></strong></span> <span class='ocrx_word' id='word_1_21' title='bbox 1487 365 1554 407; x_wconf 78' lang='grc' dir='ltr'>καὶ</span> <span class='ocrx_word' id='word_1_22' title='bbox 1574 363 1736 422; x_wconf 70' lang='grc' dir='ltr'><strong><em>γενόμε-</em></strong></span> 
     </span>
     <span class='ocr_line' id='line_1_4' title="bbox 285 427 1736 491; baseline 0.001 -16"><span class='ocrx_word' id='word_1_23' title='bbox 285 450 354 482; x_wconf 87' lang='grc' dir='ltr'>νος</span> <span class='ocrx_word' id='word_1_24' title='bbox 373 430 476 473; x_wconf 73' lang='grc' dir='ltr'><strong><em>κατὰ</em></strong></span> <span class='ocrx_word' id='word_1_25' title='bbox 494 429 566 483; x_wconf 84' lang='grc' dir='ltr'>τὴν</span> <span class='ocrx_word' id='word_1_26' title='bbox 581 427 822 483; x_wconf 79' lang='grc' dir='ltr'><strong><em>Ἀντιόχειαν</em></strong></span> <span class='ocrx_word' id='word_1_27' title='bbox 841 427 968 486; x_wconf 77' lang='grc' dir='ltr'><strong><em>ταύτῃ</em></strong></span> <span class='ocrx_word' id='word_1_28' title='bbox 987 430 1061 484; x_wconf 75' lang='grc' dir='ltr'>μὲν</span> <span class='ocrx_word' id='word_1_29' title='bbox 1083 431 1129 474; x_wconf 83' lang='grc' dir='ltr'><strong><em>οὗ</em></strong></span> <span class='ocrx_word' id='word_1_30' title='bbox 1148 431 1415 488; x_wconf 74' lang='grc' dir='ltr'><em>προσέβαλεν,</em></span> <span class='ocrx_word' id='word_1_31' title='bbox 1449 432 1736 491; x_wconf 61' lang='grc' dir='ltr'><strong><em>ἔλπίσαςᾎεηδέ</em></strong></span> 
     </span>
     <span class='ocr_line' id='line_1_5' title="bbox 284 495 1735 556; baseline 0.001 -14"><span class='ocrx_word' id='word_1_32' title='bbox 284 500 357 554; x_wconf 82' lang='grc' dir='ltr'>τὴν</span> <span class='ocrx_word' id='word_1_33' title='bbox 381 498 504 553; x_wconf 80' lang='grc' dir='ltr'><strong><em>ἀκοὴν</em></strong></span> <span class='ocrx_word' id='word_1_34' title='bbox 526 497 650 540; x_wconf 73' lang='grc' dir='ltr'><strong><em>αὐτοῦ</em></strong></span> <span class='ocrx_word' id='word_1_35' title='bbox 668 495 971 552; x_wconf 72' lang='grc' dir='ltr'><em>ὑποστήσεσθαι</em></span> <span class='ocrx_word' id='word_1_36' title='bbox 991 497 1087 549; x_wconf 78' lang='grc' dir='ltr'><strong><em>τοὺς</em></strong></span> <span class='ocrx_word' id='word_1_37' title='bbox 1097 500 1309 554; x_wconf 76' lang='grc' dir='ltr'><strong><em>Ἀντιοχεῖς</em></strong></span> <span class='ocrx_word' id='word_1_38' title='bbox 1327 500 1666 556; x_wconf 58' lang='grc' dir='ltr'><strong><em>ἐκπεπληγμένους</em></strong></span> <span class='ocrx_word' id='word_1_39' title='bbox 1680 501 1735 546; x_wconf 71' lang='grc' dir='ltr'><strong><em>τὰ</em></strong></span> 
     </span>
     <span class='ocr_line' id='line_1_6' title="bbox 287 565 1770 626; baseline 0.003 -17"><span class='ocrx_word' id='word_1_40' title='bbox 287 571 343 617; x_wconf 81' lang='grc' dir='ltr'>εἷς</span> <span class='ocrx_word' id='word_1_41' title='bbox 361 567 434 616; x_wconf 80' lang='grc' dir='ltr'>τὰς</span> <span class='ocrx_word' id='word_1_42' title='bbox 451 565 584 616; x_wconf 83' lang='grc' dir='ltr'><strong><em>πόλεις</em></strong></span> <span class='ocrx_word' id='word_1_43' title='bbox 602 569 674 620; x_wconf 81' lang='grc' dir='ltr'>τῆς</span> <span class='ocrx_word' id='word_1_44' title='bbox 693 567 879 616; x_wconf 86' lang='grc' dir='ltr'><strong><em>Κιλικίας</em></strong></span> <span class='ocrx_word' id='word_1_45' title='bbox 895 566 1195 622; x_wconf 87' lang='grc' dir='ltr'><strong><em>συμβεβηκότα.</em></strong></span> <span class='ocrx_word' id='word_1_46' title='bbox 1252 567 1358 610; x_wconf 82' lang='grc' dir='ltr'><strong><em>ἀλλὰ</em></strong></span> <span class='ocrx_word' id='word_1_47' title='bbox 1375 569 1594 624; x_wconf 79' lang='grc' dir='ltr'><strong><em>παρελθὼν</em></strong></span> <span class='ocrx_word' id='word_1_48' title='bbox 1611 569 1770 626; x_wconf 71' lang='grc' dir='ltr'><strong><em>αὖτὴνό</em></strong></span> 
     </span>
     <span class='ocr_line' id='line_1_7' title="bbox 290 632 1774 693; baseline 0.001 -15"><span class='ocrx_word' id='word_1_49' title='bbox 290 639 346 685; x_wconf 82' lang='grc' dir='ltr'>εἷς</span> <span class='ocrx_word' id='word_1_50' title='bbox 375 634 426 677; x_wconf 82' lang='grc' dir='ltr'>τὰ</span> <span class='ocrx_word' id='word_1_51' title='bbox 459 632 646 691; x_wconf 76' lang='grc' dir='ltr'><strong><em>ἓνδότερα</em></strong></span> <span class='ocrx_word' id='word_1_52' title='bbox 675 634 780 691; x_wconf 83' lang='grc' dir='ltr'><strong><em>μέρη</em></strong></span> <span class='ocrx_word' id='word_1_53' title='bbox 810 639 883 690; x_wconf 83' lang='grc' dir='ltr'>τῆς</span> <span class='ocrx_word' id='word_1_54' title='bbox 913 636 1066 693; x_wconf 79' lang='grc' dir='ltr'><strong><em>Συρίας</em></strong></span> <span class='ocrx_word' id='word_1_55' title='bbox 1095 634 1272 693; x_wconf 74' lang='grc' dir='ltr'><strong><em>ἐχώρησε</em></strong></span> <span class='ocrx_word' id='word_1_56' title='bbox 1281 667 1295 688; x_wconf 91' lang='grc'><strong><em>,</em></strong></span> <span class='ocrx_word' id='word_1_57' title='bbox 1329 637 1396 678; x_wconf 80' lang='grc' dir='ltr'>καὶ</span> <span class='ocrx_word' id='word_1_58' title='bbox 1424 634 1558 688; x_wconf 83' lang='grc' dir='ltr'><strong><em>πόλεις</em></strong></span> <span class='ocrx_word' id='word_1_59' title='bbox 1586 637 1746 688; x_wconf 63' lang='grc' dir='ltr'><strong><em>πολλὰς</em></strong></span> <span class='ocrx_word' id='word_1_60' title='bbox 1771 664 1774 668; x_wconf 66' lang='grc'><strong><em>«</em></strong></span> 
     </span>
     <span class='ocr_line' id='line_1_8' title="bbox 288 700 1745 764; baseline 0.001 -18"><span class='ocrx_word' id='word_1_61' title='bbox 288 705 355 747; x_wconf 86' lang='grc' dir='ltr'>καὶ</span> <span class='ocrx_word' id='word_1_62' title='bbox 379 700 521 760; x_wconf 82' lang='grc' dir='ltr'><strong><em>χώρας</em></strong></span> <span class='ocrx_word' id='word_1_63' title='bbox 550 700 932 758; x_wconf 76' lang='grc' dir='ltr'><strong><em>καταστρεψάμενος</em></strong></span> <span class='ocrx_word' id='word_1_64' title='bbox 960 703 1062 760; x_wconf 83' lang='grc' dir='ltr'><strong><em>πρὸς</em></strong></span> <span class='ocrx_word' id='word_1_65' title='bbox 1089 708 1148 763; x_wconf 77' lang='grc' dir='ltr'>τῷ</span> <span class='ocrx_word' id='word_1_66' title='bbox 1175 703 1353 762; x_wconf 80' lang='grc' dir='ltr'><strong><em>Λιβάνῳ</em></strong></span> <span class='ocrx_word' id='word_1_67' title='bbox 1381 705 1562 759; x_wconf 80' lang='grc' dir='ltr'><strong><em>κειμένας</em></strong></span> <span class='ocrx_word' id='word_1_68' title='bbox 1591 707 1658 748; x_wconf 75' lang='grc' dir='ltr'>καὶ</span> <span class='ocrx_word' id='word_1_69' title='bbox 1687 710 1745 764; x_wconf 77' lang='grc' dir='ltr'>τῇ</span> 
     </span>
    </p>

    <p class='ocr_par' dir='ltr' id='par_1_3' title="bbox 147 769 1797 1443">
     <span class='ocr_line' id='line_1_9' title="bbox 147 769 1740 831; baseline 0.001 -15"><span class='ocrx_word' id='word_1_70' title='bbox 147 782 177 816; x_wconf 91' lang='grc' dir='ltr'>Ρ</span> <span class='ocrx_word' id='word_1_71' title='bbox 201 780 268 816; x_wconf 87' lang='grc'>656</span> <span class='ocrx_word' id='word_1_72' title='bbox 290 772 468 831; x_wconf 71' lang='grc' dir='ltr'><strong><em>παραλίᾳ</em></strong></span> <span class='ocrx_word' id='word_1_73' title='bbox 487 776 544 829; x_wconf 79' lang='grc' dir='ltr'>τῷ</span> <span class='ocrx_word' id='word_1_74' title='bbox 564 771 802 829; x_wconf 72' lang='grc' dir='ltr'><strong><em>Δεκεμβρίῳ</em></strong></span> <span class='ocrx_word' id='word_1_75' title='bbox 817 773 913 827; x_wconf 85' lang='grc' dir='ltr'><strong><em>μηνὶ</em></strong></span> <span class='ocrx_word' id='word_1_76' title='bbox 929 769 1190 830; x_wconf 66' lang='grc' dir='ltr'><strong><em>ὑπέστρεψεν.</em></strong></span> <span class='ocrx_word' id='word_1_77' title='bbox 1259 773 1460 824; x_wconf 78' lang='grc' dir='ltr'><strong><em>εὖσθενιῦς</em></strong></span> <span class='ocrx_word' id='word_1_78' title='bbox 1485 774 1528 816; x_wconf 76' lang='grc' dir='ltr'>δὲ</span> <span class='ocrx_word' id='word_1_79' title='bbox 1550 778 1632 816; x_wconf 81' lang='grc' dir='ltr'>τῶν</span> <span class='ocrx_word' id='word_1_80' title='bbox 1647 773 1740 818; x_wconf 79' lang='grc' dir='ltr'><strong><em>,Ἅν-</em></strong></span> 
     </span>
     <span class='ocr_line' id='line_1_10' title="bbox 287 838 1741 898; baseline 0.002 -16"><span class='ocrx_word' id='word_1_81' title='bbox 287 840 450 894; x_wconf 83' lang='grc' dir='ltr'><strong><em>τιοχέων</em></strong></span> <span class='ocrx_word' id='word_1_82' title='bbox 476 840 805 896; x_wconf 73' lang='grc' dir='ltr'><strong><em>προσδεχομένων</em></strong></span> <span class='ocrx_word' id='word_1_83' title='bbox 828 840 898 884; x_wconf 83' lang='grc' dir='ltr'>τὸν</span> <span class='ocrx_word' id='word_1_84' title='bbox 920 838 1094 895; x_wconf 88' lang='grc' dir='ltr'><strong><em>πόλεμον</em></strong></span> <span class='ocrx_word' id='word_1_85' title='bbox 1116 842 1185 884; x_wconf 76' lang='grc' dir='ltr'><strong><em>διὰ</em></strong></span> <span class='ocrx_word' id='word_1_86' title='bbox 1205 840 1251 883; x_wconf 84' lang='grc' dir='ltr'>τὸ</span> <span class='ocrx_word' id='word_1_87' title='bbox 1276 845 1460 884; x_wconf 82' lang='grc' dir='ltr'><strong><em>πλεῖστον</em></strong></span> <span class='ocrx_word' id='word_1_88' title='bbox 1482 841 1582 884; x_wconf 77' lang='grc' dir='ltr'><strong><em>λαὸν</em></strong></span> <span class='ocrx_word' id='word_1_89' title='bbox 1603 843 1647 885; x_wconf 78' lang='grc' dir='ltr'>ἔκ</span> <span class='ocrx_word' id='word_1_90' title='bbox 1666 839 1741 898; x_wconf 73' lang='grc' dir='ltr'>τῆς</span> 
     </span>
     <span class='ocr_line' id='line_1_11' title="bbox 287 907 1797 970; baseline -0.001 -19"><span class='ocrx_word' id='word_1_91' title='bbox 287 909 528 965; x_wconf 87' lang='grc' dir='ltr'><strong><em>περιοικίδος</em></strong></span> <span class='ocrx_word' id='word_1_92' title='bbox 547 910 739 951; x_wconf 72' lang='grc' dir='ltr'><strong><em>εἰσελθεῖν</em></strong></span> <span class='ocrx_word' id='word_1_93' title='bbox 759 910 814 959; x_wconf 81' lang='grc' dir='ltr'>εἷς</span> <span class='ocrx_word' id='word_1_94' title='bbox 833 909 906 963; x_wconf 84' lang='grc' dir='ltr'>τὴν</span> <span class='ocrx_word' id='word_1_95' title='bbox 925 907 1040 952; x_wconf 87' lang='grc' dir='ltr'><strong><em>πόλιν</em></strong></span> <span class='ocrx_word' id='word_1_96' title='bbox 1062 911 1124 953; x_wconf 72' lang='grc' dir='ltr'>ἐπὶ</span> <span class='ocrx_word' id='word_1_97' title='bbox 1143 911 1317 970; x_wconf 66' lang='grc' dir='ltr'><strong><em>βοηθείᾳ</em></strong></span> <span class='ocrx_word' id='word_1_98' title='bbox 1326 941 1340 961; x_wconf 88' lang='grc'><strong><em>,</em></strong></span> <span class='ocrx_word' id='word_1_99' title='bbox 1373 907 1676 954; x_wconf 67' lang='grc' dir='ltr'><strong><em>ἐπιλελοιπότων</em></strong></span> <span class='ocrx_word' id='word_1_100' title='bbox 1694 911 1797 953; x_wconf 72' lang='grc' dir='ltr'>δὲ’10·</span> 
     </span>
     <span class='ocr_line' id='line_1_12' title="bbox 289 976 1739 1036; baseline 0.001 -16"><span class='ocrx_word' id='word_1_101' title='bbox 289 979 356 1020; x_wconf 84' lang='grc' dir='ltr'>καὶ</span> <span class='ocrx_word' id='word_1_102' title='bbox 387 981 467 1019; x_wconf 78' lang='grc' dir='ltr'>τῶν</span> <span class='ocrx_word' id='word_1_103' title='bbox 498 976 723 1033; x_wconf 78' lang='grc' dir='ltr'><strong><em>ἀναγκαίων</em></strong></span> <span class='ocrx_word' id='word_1_104' title='bbox 741 981 799 1035; x_wconf 75' lang='grc' dir='ltr'>τῷ</span> <span class='ocrx_word' id='word_1_105' title='bbox 811 976 1019 1036; x_wconf 78' lang='grc' dir='ltr'><strong><em>Ῥωμαϊκῷ</em></strong></span> <span class='ocrx_word' id='word_1_106' title='bbox 1039 982 1221 1036; x_wconf 79' lang='grc' dir='ltr'><strong><em>στρατῷ,</em></strong></span> <span class='ocrx_word' id='word_1_107' title='bbox 1255 978 1440 1034; x_wconf 81' lang='grc' dir='ltr'><strong><em>γενέσθαι</em></strong></span> <span class='ocrx_word' id='word_1_108' title='bbox 1461 978 1505 1021; x_wconf 77' lang='grc' dir='ltr'>δὲ</span> <span class='ocrx_word' id='word_1_109' title='bbox 1525 980 1591 1020; x_wconf 81' lang='grc' dir='ltr'>καὶ</span> <span class='ocrx_word' id='word_1_110' title='bbox 1609 979 1739 1034; x_wconf 80' lang='grc' dir='ltr'><strong><em>τέλμα</em></strong></span> 
     </span>
     <span class='ocr_line' id='line_1_13' title="bbox 287 1045 1740 1104; baseline 0 -16"><span class='ocrx_word' id='word_1_111' title='bbox 287 1046 531 1100; x_wconf 78' lang='grc' dir='ltr'><strong><em>ἂδιεξίτητον</em></strong></span> <span class='ocrx_word' id='word_1_112' title='bbox 551 1046 593 1087; x_wconf 69' lang='grc' dir='ltr'>ἐκ</span> <span class='ocrx_word' id='word_1_113' title='bbox 615 1050 687 1088; x_wconf 85' lang='grc' dir='ltr'>τοῦ</span> <span class='ocrx_word' id='word_1_114' title='bbox 707 1046 833 1088; x_wconf 76' lang='grc' dir='ltr'><strong><em>πολὺν</em></strong></span> <span class='ocrx_word' id='word_1_115' title='bbox 856 1045 1010 1102; x_wconf 77' lang='grc' dir='ltr'><strong><em>ὄμβρον</em></strong></span> <span class='ocrx_word' id='word_1_116' title='bbox 1038 1045 1261 1104; x_wconf 74' lang='grc' dir='ltr'><strong><em>οὐρανόθεν</em></strong></span> <span class='ocrx_word' id='word_1_117' title='bbox 1287 1051 1608 1103; x_wconf 80' lang='grc' dir='ltr'><strong><em>καταρραγῆναι,</em></strong></span> <span class='ocrx_word' id='word_1_118' title='bbox 1640 1045 1740 1090; x_wconf 75' lang='grc' dir='ltr'><strong><em>ὓπε-</em></strong></span> 
     </span>
     <span class='ocr_line' id='line_1_14' title="bbox 287 1112 1740 1172; baseline 0.002 -17"><span class='ocrx_word' id='word_1_119' title='bbox 287 1112 470 1171; x_wconf 83' lang='grc' dir='ltr'><strong><em>χώρησεν</em></strong></span> <span class='ocrx_word' id='word_1_120' title='bbox 497 1113 700 1170; x_wconf 79' lang='grc' dir='ltr'><strong><em>ἄπρακτος</em></strong></span> <span class='ocrx_word' id='word_1_121' title='bbox 727 1116 794 1156; x_wconf 86' lang='grc' dir='ltr'>καὶ</span> <span class='ocrx_word' id='word_1_122' title='bbox 815 1115 888 1169; x_wconf 84' lang='grc' dir='ltr'>τὴν</span> <span class='ocrx_word' id='word_1_123' title='bbox 907 1115 1100 1169; x_wconf 82' lang='grc' dir='ltr'><strong><em>βασιλίδα</em></strong></span> <span class='ocrx_word' id='word_1_124' title='bbox 1119 1115 1334 1169; x_wconf 83' lang='grc' dir='ltr'><strong><em>κατέλαβε,</em></strong></span> <span class='ocrx_word' id='word_1_125' title='bbox 1361 1115 1494 1172; x_wconf 87' lang='grc' dir='ltr'><strong><em>φέρων</em></strong></span> <span class='ocrx_word' id='word_1_126' title='bbox 1516 1114 1617 1169; x_wconf 73' lang='grc' dir='ltr'><strong><em>μεθ’</em></strong></span> <span class='ocrx_word' id='word_1_127' title='bbox 1642 1113 1740 1158; x_wconf 74' lang='grc' dir='ltr'><strong><em>ἔαυ-</em></strong></span> 
     </span>
     <span class='ocr_line' id='line_1_15' title="bbox 288 1182 1740 1241; baseline 0 -16"><span class='ocrx_word' id='word_1_128' title='bbox 288 1186 363 1225; x_wconf 82' lang='grc' dir='ltr'>τοῦ</span> <span class='ocrx_word' id='word_1_129' title='bbox 382 1184 449 1224; x_wconf 87' lang='grc' dir='ltr'>καὶ</span> <span class='ocrx_word' id='word_1_130' title='bbox 469 1182 539 1224; x_wconf 86' lang='grc' dir='ltr'>τὸν</span> <span class='ocrx_word' id='word_1_131' title='bbox 557 1182 697 1236; x_wconf 65' lang='grc' dir='ltr'><strong><em>ἔχοντα</em></strong></span> <span class='ocrx_word' id='word_1_132' title='bbox 720 1182 1017 1240; x_wconf 78' lang='grc' dir='ltr'><strong><em>ἀχειρότευκτον</em></strong></span> <span class='ocrx_word' id='word_1_133' title='bbox 1039 1182 1256 1238; x_wconf 75' lang='grc' dir='ltr'><strong><em>ἕκτύπωμα</em></strong></span> <span class='ocrx_word' id='word_1_134' title='bbox 1274 1187 1345 1238; x_wconf 84' lang='grc' dir='ltr'>τῆς</span> <span class='ocrx_word' id='word_1_135' title='bbox 1362 1187 1525 1240; x_wconf 84' lang='grc' dir='ltr'><strong><em>μορφῆς</em></strong></span> <span class='ocrx_word' id='word_1_136' title='bbox 1541 1187 1614 1225; x_wconf 81' lang='grc' dir='ltr'>τοῦ</span> <span class='ocrx_word' id='word_1_137' title='bbox 1629 1185 1740 1241; x_wconf 90' lang='grc' dir='ltr'><strong><em>Χρι-</em></strong></span> 
     </span>
     <span class='ocr_line' id='line_1_16' title="bbox 290 1247 1794 1310; baseline 0.002 -18"><span class='ocrx_word' id='word_1_138' title='bbox 290 1255 388 1293; x_wconf 77' lang='grc' dir='ltr'><strong><em>στοῦ</em></strong></span> <span class='ocrx_word' id='word_1_139' title='bbox 410 1252 476 1293; x_wconf 84' lang='grc' dir='ltr'>καὶ</span> <span class='ocrx_word' id='word_1_140' title='bbox 497 1255 599 1292; x_wconf 81' lang='grc' dir='ltr'><strong><em>θεοῦ</em></strong></span> <span class='ocrx_word' id='word_1_141' title='bbox 615 1249 731 1305; x_wconf 70' lang='grc' dir='ltr'><strong><em>ἡμῶν</em></strong></span> <span class='ocrx_word' id='word_1_142' title='bbox 750 1252 924 1308; x_wconf 87' lang='grc' dir='ltr'><strong><em>κέραμον</em></strong></span> <span class='ocrx_word' id='word_1_143' title='bbox 933 1283 947 1304; x_wconf 96' lang='grc'><strong><em>,</em></strong></span> <span class='ocrx_word' id='word_1_144' title='bbox 982 1250 1027 1294; x_wconf 76' lang='grc' dir='ltr'>ὃν</span> <span class='ocrx_word' id='word_1_145' title='bbox 1054 1247 1166 1308; x_wconf 66' lang='grc' dir='ltr'><strong><em>εὗρεν</em></strong></span> <span class='ocrx_word' id='word_1_146' title='bbox 1186 1253 1227 1294; x_wconf 76' lang='grc' dir='ltr'>ἐν</span> <span class='ocrx_word' id='word_1_147' title='bbox 1242 1250 1347 1310; x_wconf 76' lang='grc' dir='ltr'><strong><em>Ἱερᾷ</em></strong></span> <span class='ocrx_word' id='word_1_148' title='bbox 1367 1250 1478 1293; x_wconf 80' lang='grc' dir='ltr'><strong><em>πόλει</em></strong></span> <span class='ocrx_word' id='word_1_149' title='bbox 1496 1250 1646 1307; x_wconf 80' lang='grc' dir='ltr'><strong><em>ταύτην</em></strong></span> <span class='ocrx_word' id='word_1_150' title='bbox 1665 1268 1738 1294; x_wconf 85' lang='grc' dir='ltr'><strong><em>πε·-</em></strong></span> <span class='ocrx_word' id='word_1_151' title='bbox 1750 1259 1794 1295; x_wconf 87' lang='lat'>15</span> 
     </span>
     <span class='ocr_line' id='line_1_17' title="bbox 288 1317 1741 1378; baseline 0.002 -18"><span class='ocrx_word' id='word_1_152' title='bbox 288 1317 531 1375; x_wconf 80' lang='grc' dir='ltr'><strong><em>πορθηκώς,</em></strong></span> <span class='ocrx_word' id='word_1_153' title='bbox 575 1321 642 1361; x_wconf 82' lang='grc' dir='ltr'>καὶ</span> <span class='ocrx_word' id='word_1_154' title='bbox 669 1325 750 1362; x_wconf 82' lang='grc' dir='ltr'>τῶν</span> <span class='ocrx_word' id='word_1_155' title='bbox 776 1324 923 1377; x_wconf 75' lang='grc' dir='ltr'><strong><em>τριχῶν</em></strong></span> <span class='ocrx_word' id='word_1_156' title='bbox 946 1323 1020 1363; x_wconf 82' lang='grc' dir='ltr'>τοῦ</span> <span class='ocrx_word' id='word_1_157' title='bbox 1043 1325 1269 1376; x_wconf 77' lang='grc' dir='ltr'><strong><em>βαπτιστοῦ</em></strong></span> <span class='ocrx_word' id='word_1_158' title='bbox 1301 1318 1486 1363; x_wconf 76' lang='grc' dir='ltr'><strong><em>Ἰωάννου</em></strong></span> <span class='ocrx_word' id='word_1_159' title='bbox 1513 1318 1741 1378; x_wconf 81' lang='grc' dir='ltr'><strong><em>βόστρυχον</em></strong></span> 
     </span>
     <span class='ocr_line' id='line_1_18' title="bbox 291 1388 820 1443; baseline 0.002 -13"><span class='ocrx_word' id='word_1_160' title='bbox 291 1388 360 1430; x_wconf 71' lang='grc' dir='ltr'>ἕνα</span> <span class='ocrx_word' id='word_1_161' title='bbox 383 1388 645 1442; x_wconf 72' lang='grc' dir='ltr'><strong><em>πεπιλημένον</em></strong></span> <span class='ocrx_word' id='word_1_162' title='bbox 667 1390 820 1443; x_wconf 77' lang='grc' dir='ltr'><strong><em>αἵματι.</em></strong></span> 
     </span>
    </p>

    <p class='ocr_par' dir='ltr' id='par_1_4' title="bbox 239 1453 1819 1855">
     <span class='ocr_line' id='line_1_19' title="bbox 239 1453 1754 1513; baseline 0 -16"><span class='ocrx_word' id='word_1_163' title='bbox 239 1468 270 1502; x_wconf 85' lang='grc' dir='ltr'><strong><em>Β</em></strong></span> <span class='ocrx_word' id='word_1_164' title='bbox 432 1460 627 1506; x_wconf 79' lang='grc' dir='ltr'><strong><em>Τοιοῦτος</em></strong></span> <span class='ocrx_word' id='word_1_165' title='bbox 663 1456 706 1499; x_wconf 72' lang='grc' dir='ltr'>δ’</span> <span class='ocrx_word' id='word_1_166' title='bbox 747 1455 802 1499; x_wconf 81' lang='grc' dir='ltr'>ὢν</span> <span class='ocrx_word' id='word_1_167' title='bbox 840 1454 861 1498; x_wconf 84' lang='grc' dir='ltr'><strong>ὅ</strong></span> <span class='ocrx_word' id='word_1_168' title='bbox 896 1453 1133 1513; x_wconf 83' lang='grc' dir='ltr'><strong><em>Νικηφόρος</em></strong></span> <span class='ocrx_word' id='word_1_169' title='bbox 1166 1457 1232 1498; x_wconf 82' lang='grc' dir='ltr'>καὶ</span> <span class='ocrx_word' id='word_1_170' title='bbox 1259 1453 1463 1506; x_wconf 79' lang='grc' dir='ltr'><strong><em>τοιαύταις</em></strong></span> <span class='ocrx_word' id='word_1_171' title='bbox 1488 1453 1754 1512; x_wconf 49' lang='grc' dir='ltr'><strong><em>χρησάμενος»</em></strong></span> 
     </span>
     <span class='ocr_line' id='line_1_20' title="bbox 293 1522 1742 1581; baseline -0.001 -14"><span class='ocrx_word' id='word_1_172' title='bbox 293 1525 549 1580; x_wconf 79' lang='grc' dir='ltr'><strong><em>στρατηγίαις</em></strong></span> <span class='ocrx_word' id='word_1_173' title='bbox 586 1526 654 1566; x_wconf 83' lang='grc' dir='ltr'>καὶ</span> <span class='ocrx_word' id='word_1_174' title='bbox 690 1526 753 1567; x_wconf 73' lang='grc' dir='ltr'>ἐπὶ</span> <span class='ocrx_word' id='word_1_175' title='bbox 785 1529 977 1568; x_wconf 81' lang='grc' dir='ltr'><strong><em>τοσοῦτον</em></strong></span> <span class='ocrx_word' id='word_1_176' title='bbox 1008 1525 1059 1567; x_wconf 82' lang='grc' dir='ltr'>τὰ</span> <span class='ocrx_word' id='word_1_177' title='bbox 1082 1523 1290 1578; x_wconf 88' lang='grc' dir='ltr'><strong><em>Ῥωμαίων</em></strong></span> <span class='ocrx_word' id='word_1_178' title='bbox 1320 1523 1497 1579; x_wconf 77' lang='grc' dir='ltr'><strong><em>αὐξήσας</em></strong></span> <span class='ocrx_word' id='word_1_179' title='bbox 1524 1522 1742 1581; x_wconf 81' lang='grc' dir='ltr'><strong><em>πράγματα</em></strong></span> 
     </span>
     <span class='ocr_line' id='line_1_21' title="bbox 294 1591 1819 1650; baseline 0.001 -16"><span class='ocrx_word' id='word_1_180' title='bbox 294 1593 487 1646; x_wconf 82' lang='grc' dir='ltr'><strong><em>(κατέσχε</em></strong></span> <span class='ocrx_word' id='word_1_181' title='bbox 514 1592 592 1649; x_wconf 81' lang='grc' dir='ltr'>γὰρ</span> <span class='ocrx_word' id='word_1_182' title='bbox 621 1593 740 1636; x_wconf 82' lang='grc' dir='ltr'><strong><em>πλέον</em></strong></span> <span class='ocrx_word' id='word_1_183' title='bbox 767 1597 847 1636; x_wconf 82' lang='grc' dir='ltr'>τῶν</span> <span class='ocrx_word' id='word_1_184' title='bbox 875 1592 1015 1635; x_wconf 70' lang='grc' dir='ltr'><strong><em>ἑκατὸν</em></strong></span> <span class='ocrx_word' id='word_1_185' title='bbox 1039 1591 1192 1635; x_wconf 86' lang='grc' dir='ltr'><strong><em>πόλεων</em></strong></span> <span class='ocrx_word' id='word_1_186' title='bbox 1212 1594 1277 1634; x_wconf 79' lang='grc' dir='ltr'>καὶ</span> <span class='ocrx_word' id='word_1_187' title='bbox 1299 1591 1476 1650; x_wconf 76' lang='grc' dir='ltr'><strong><em>φρούρια</em></strong></span> <span class='ocrx_word' id='word_1_188' title='bbox 1494 1593 1680 1642; x_wconf 84' lang='grc' dir='ltr'><strong><em>Κιλικίας</em></strong></span> <span class='ocrx_word' id='word_1_189' title='bbox 1697 1600 1798 1635; x_wconf 79' lang='grc' dir='ltr'><strong><em>τε20</em></strong></span> <span class='ocrx_word' id='word_1_190' title='bbox 1816 1603 1819 1607; x_wconf 95' lang='grc'><strong>’</strong></span> 
     </span>
     <span class='ocr_line' id='line_1_22' title="bbox 294 1655 1742 1717; baseline 0.001 -16"><span class='ocrx_word' id='word_1_191' title='bbox 294 1662 363 1702; x_wconf 84' lang='grc' dir='ltr'>καὶ</span> <span class='ocrx_word' id='word_1_192' title='bbox 389 1662 541 1716; x_wconf 78' lang='grc' dir='ltr'><strong><em>Συρίας</em></strong></span> <span class='ocrx_word' id='word_1_193' title='bbox 567 1663 634 1702; x_wconf 87' lang='grc' dir='ltr'>καὶ</span> <span class='ocrx_word' id='word_1_194' title='bbox 661 1662 852 1716; x_wconf 80' lang='grc' dir='ltr'><strong><em>Φοινίκης</em></strong></span> <span class='ocrx_word' id='word_1_195' title='bbox 869 1663 1150 1717; x_wconf 87' lang='grc' dir='ltr'><strong><em>Λιβανησίας,</em></strong></span> <span class='ocrx_word' id='word_1_196' title='bbox 1180 1655 1235 1703; x_wconf 73' lang='grc' dir='ltr'>ὧν</span> <span class='ocrx_word' id='word_1_197' title='bbox 1260 1662 1428 1717; x_wconf 80' lang='grc' dir='ltr'><strong><em>μέγιστα</em></strong></span> <span class='ocrx_word' id='word_1_198' title='bbox 1456 1662 1524 1703; x_wconf 87' lang='grc' dir='ltr'>καὶ</span> <span class='ocrx_word' id='word_1_199' title='bbox 1549 1658 1742 1715; x_wconf 75' lang='grc' dir='ltr'><strong><em>ἐπισημό-</em></strong></span> 
     </span>
     <span class='ocr_line' id='line_1_23' title="bbox 293 1727 1742 1786; baseline 0.001 -16"><span class='ocrx_word' id='word_1_200' title='bbox 293 1746 396 1770; x_wconf 86' lang='grc' dir='ltr'><strong><em>τατα</em></strong></span> <span class='ocrx_word' id='word_1_201' title='bbox 414 1727 439 1783; x_wconf 73' lang='grc' dir='ltr'>ἡ</span> <span class='ocrx_word' id='word_1_202' title='bbox 455 1727 698 1785; x_wconf 74' lang='grc' dir='ltr'><strong><em>Ἀνάξαρβος</em></strong></span> <span class='ocrx_word' id='word_1_203' title='bbox 717 1732 783 1771; x_wconf 82' lang='grc' dir='ltr'>καὶ</span> <span class='ocrx_word' id='word_1_204' title='bbox 801 1728 826 1785; x_wconf 78' lang='grc' dir='ltr'>ἡ</span> <span class='ocrx_word' id='word_1_205' title='bbox 841 1729 992 1772; x_wconf 81' lang='grc' dir='ltr'><strong><em>Ἄδανα</em></strong></span> <span class='ocrx_word' id='word_1_206' title='bbox 1002 1762 1017 1782; x_wconf 94' lang='grc'><strong><em>,</em></strong></span> <span class='ocrx_word' id='word_1_207' title='bbox 1044 1728 1070 1784; x_wconf 76' lang='grc' dir='ltr'>ἦ</span> <span class='ocrx_word' id='word_1_208' title='bbox 1091 1727 1252 1784; x_wconf 81' lang='grc' dir='ltr'><strong><em>Μόψου</em></strong></span> <span class='ocrx_word' id='word_1_209' title='bbox 1273 1727 1406 1782; x_wconf 65' lang='grc' dir='ltr'><strong><em>ἑστία,</em></strong></span> <span class='ocrx_word' id='word_1_210' title='bbox 1434 1727 1461 1784; x_wconf 76' lang='grc' dir='ltr'><em>ἢ</em></span> <span class='ocrx_word' id='word_1_211' title='bbox 1482 1727 1666 1786; x_wconf 85' lang='grc' dir='ltr'><strong><em>Ταρσός,</em></strong></span> <span class='ocrx_word' id='word_1_212' title='bbox 1694 1727 1742 1771; x_wconf 81' lang='grc' dir='ltr'><strong><em>τὸ</em></strong></span> 
     </span>
     <span class='ocr_line' id='line_1_24' title="bbox 296 1795 1743 1855; baseline 0.001 -17"><span class='ocrx_word' id='word_1_213' title='bbox 296 1795 491 1854; x_wconf 81' lang='grc' dir='ltr'><strong><em>Παγράς,</em></strong></span> <span class='ocrx_word' id='word_1_214' title='bbox 525 1797 571 1839; x_wconf 85' lang='grc' dir='ltr'>τὸ</span> <span class='ocrx_word' id='word_1_215' title='bbox 590 1798 830 1855; x_wconf 77' lang='grc' dir='ltr'><strong><em>Συννέφιον,</em></strong></span> <span class='ocrx_word' id='word_1_216' title='bbox 863 1796 889 1853; x_wconf 76' lang='grc' dir='ltr'>ἡ</span> <span class='ocrx_word' id='word_1_217' title='bbox 909 1799 1160 1851; x_wconf 80' lang='grc' dir='ltr'><strong><em>Λαοδίκεια,</em></strong></span> <span class='ocrx_word' id='word_1_218' title='bbox 1192 1797 1239 1841; x_wconf 87' lang='grc' dir='ltr'>τὸ</span> <span class='ocrx_word' id='word_1_219' title='bbox 1258 1796 1428 1852; x_wconf 80' lang='grc' dir='ltr'><strong><em>Χάλεπ,</em></strong></span> <span class='ocrx_word' id='word_1_220' title='bbox 1461 1797 1578 1840; x_wconf 65' lang='grc' dir='ltr'><strong><em>ἔθετο</em></strong></span> <span class='ocrx_word' id='word_1_221' title='bbox 1605 1797 1650 1840; x_wconf 78' lang='grc' dir='ltr'>δὲ</span> <span class='ocrx_word' id='word_1_222' title='bbox 1674 1797 1743 1840; x_wconf 76' lang='grc' dir='ltr'>καὶ</span> 
     </span>
    </p>
   </div>
   <div class='ocr_carea' id='block_1_3' title="bbox 386 1913 980 1962">
    <p class='ocr_par' dir='ltr' id='par_1_5' title="bbox 386 1913 980 1962">
     <span class='ocr_line' id='line_1_25' title="bbox 386 1913 980 1962; baseline -0.002 -11"><span class='ocrx_word' id='word_1_223' title='bbox 386 1917 430 1951; x_wconf 90' lang='grc'>16</span> <span class='ocrx_word' id='word_1_224' title='bbox 452 1913 613 1953; x_wconf 79' lang='grc' dir='ltr'><strong><em>ἰωᾶννου</em></strong></span> <span class='ocrx_word' id='word_1_225' title='bbox 635 1916 703 1951; x_wconf 84' lang='grc' dir='ltr'>τοῦ</span> <span class='ocrx_word' id='word_1_226' title='bbox 724 1914 926 1962; x_wconf 78' lang='grc' dir='ltr'><strong><em>βαπτιστοῦ</em></strong></span> <span class='ocrx_word' id='word_1_227' title='bbox 949 1915 980 1950; x_wconf 85' lang='lat' dir='ltr'>C</span> 
     </span>
    </p>
   </div>
   <div class='ocr_carea' id='block_1_4' title="bbox 293 2017 1748 2892">
    <p class='ocr_par' dir='ltr' id='par_1_6' title="bbox 293 2017 1748 2660">
     <span class='ocr_line' id='line_1_26' title="bbox 385 2017 1742 2064; baseline 0 -10"><span class='ocrx_word' id='word_1_228' title='bbox 385 2019 510 2054; x_wconf 86' lang='lat' dir='ltr'>Tertio</span> <span class='ocrx_word' id='word_1_229' title='bbox 536 2030 618 2053; x_wconf 89' lang='lat' dir='ltr'>vero</span> <span class='ocrx_word' id='word_1_230' title='bbox 642 2030 730 2052; x_wconf 88' lang='lat' dir='ltr'>anno</span> <span class='ocrx_word' id='word_1_231' title='bbox 754 2017 808 2052; x_wconf 89' lang='lat' dir='ltr'>sui</span> <span class='ocrx_word' id='word_1_232' title='bbox 830 2017 911 2054; x_wconf 86' lang='lat' dir='ltr'>item</span> <span class='ocrx_word' id='word_1_233' title='bbox 936 2018 1090 2064; x_wconf 87' lang='lat' dir='ltr'>imperii,</span> <span class='ocrx_word' id='word_1_234' title='bbox 1122 2021 1308 2064; x_wconf 81' lang='lat' dir='ltr'>appetente</span> <span class='ocrx_word' id='word_1_235' title='bbox 1330 2030 1435 2063; x_wconf 81' lang='lat' dir='ltr'>vere,</span> <span class='ocrx_word' id='word_1_236' title='bbox 1461 2030 1580 2054; x_wconf 86' lang='lat' dir='ltr'>rursus</span> <span class='ocrx_word' id='word_1_237' title='bbox 1603 2018 1742 2063; x_wconf 82' lang='lat' dir='ltr'>Syriam</span> 
     </span>
     <span class='ocr_line' id='line_1_27' title="bbox 294 2065 1741 2111; baseline 0 -12"><span class='ocrx_word' id='word_1_238' title='bbox 294 2065 425 2100; x_wconf 83' lang='lat' dir='ltr'>invasit</span> <span class='ocrx_word' id='word_1_239' title='bbox 454 2065 660 2111; x_wconf 88' lang='lat' dir='ltr'>imperator,</span> <span class='ocrx_word' id='word_1_240' title='bbox 693 2076 836 2109; x_wconf 87' lang='lat' dir='ltr'>cumque</span> <span class='ocrx_word' id='word_1_241' title='bbox 863 2065 1088 2100; x_wconf 87' lang='lat' dir='ltr'>Antiocheam</span> <span class='ocrx_word' id='word_1_242' title='bbox 1111 2065 1349 2110; x_wconf 87' lang='lat' dir='ltr'>pervenisset,</span> <span class='ocrx_word' id='word_1_243' title='bbox 1379 2065 1488 2110; x_wconf 82' lang='lat' dir='ltr'><strong>ipsam</strong></span> <span class='ocrx_word' id='word_1_244' title='bbox 1512 2077 1581 2099; x_wconf 90' lang='lat' dir='ltr'>non</span> <span class='ocrx_word' id='word_1_245' title='bbox 1603 2070 1658 2099; x_wconf 88' lang='lat' dir='ltr'>est</span> <span class='ocrx_word' id='word_1_246' title='bbox 1678 2076 1741 2109; x_wconf 84' lang='lat' dir='ltr'>ag-</span> 
     </span>
     <span class='ocr_line' id='line_1_28' title="bbox 294 2109 1742 2157; baseline 0 -13"><span class='ocrx_word' id='word_1_247' title='bbox 294 2122 454 2155; x_wconf 80' lang='lat' dir='ltr'>gressus,</span> <span class='ocrx_word' id='word_1_248' title='bbox 476 2122 620 2157; x_wconf 88' lang='lat' dir='ltr'>sperans</span> <span class='ocrx_word' id='word_1_249' title='bbox 642 2111 718 2144; x_wconf 84' lang='lat' dir='ltr'>fore</span> <span class='ocrx_word' id='word_1_250' title='bbox 741 2115 779 2144; x_wconf 88' lang='lat' dir='ltr'>ut</span> <span class='ocrx_word' id='word_1_251' title='bbox 802 2122 846 2144; x_wconf 89' lang='lat' dir='ltr'>ne</span> <span class='ocrx_word' id='word_1_252' title='bbox 869 2112 991 2145; x_wconf 86' lang='lat' dir='ltr'>famam</span> <span class='ocrx_word' id='word_1_253' title='bbox 1014 2111 1151 2155; x_wconf 88' lang='lat' dir='ltr'>quidem</span> <span class='ocrx_word' id='word_1_254' title='bbox 1173 2110 1281 2156; x_wconf 89' lang='lat' dir='ltr'>ipsius</span> <span class='ocrx_word' id='word_1_255' title='bbox 1301 2111 1512 2146; x_wconf 76' lang='lat' dir='ltr'>sustinerent</span> <span class='ocrx_word' id='word_1_256' title='bbox 1529 2109 1742 2146; x_wconf 83' lang='lat' dir='ltr'>Antiochen-</span> 
     </span>
     <span class='ocr_line' id='line_1_29' title="bbox 295 2156 1743 2202; baseline 0 -12"><span class='ocrx_word' id='word_1_257' title='bbox 295 2168 365 2199; x_wconf 86' lang='lat' dir='ltr'>ses,</span> <span class='ocrx_word' id='word_1_258' title='bbox 388 2158 547 2191; x_wconf 86' lang='lat' dir='ltr'>deterriti</span> <span class='ocrx_word' id='word_1_259' title='bbox 570 2157 613 2191; x_wconf 86' lang='lat' dir='ltr'>iis</span> <span class='ocrx_word' id='word_1_260' title='bbox 637 2167 726 2201; x_wconf 84' lang='lat' dir='ltr'>quae</span> <span class='ocrx_word' id='word_1_261' title='bbox 747 2156 894 2190; x_wconf 81' lang='lat' dir='ltr'>Ciliciae</span> <span class='ocrx_word' id='word_1_262' title='bbox 916 2158 1059 2191; x_wconf 84' lang='lat' dir='ltr'>urbibus</span> <span class='ocrx_word' id='word_1_263' title='bbox 1082 2156 1290 2201; x_wconf 85' lang='lat' dir='ltr'>acciderant,</span> <span class='ocrx_word' id='word_1_264' title='bbox 1312 2158 1374 2191; x_wconf 86' lang='lat' dir='ltr'>sed</span> <span class='ocrx_word' id='word_1_265' title='bbox 1395 2157 1506 2201; x_wconf 85' lang='lat' dir='ltr'>ipsam</span> <span class='ocrx_word' id='word_1_266' title='bbox 1526 2156 1743 2202; x_wconf 83' lang='lat' dir='ltr'>praeteriens</span> 
     </span>
     <span class='ocr_line' id='line_1_30' title="bbox 293 2201 1744 2248; baseline 0 -12"><span class='ocrx_word' id='word_1_267' title='bbox 293 2204 331 2236; x_wconf 89' lang='lat' dir='ltr'>in</span> <span class='ocrx_word' id='word_1_268' title='bbox 355 2202 539 2243; x_wconf 82' lang='lat' dir='ltr'>interiores</span> <span class='ocrx_word' id='word_1_269' title='bbox 563 2203 689 2247; x_wconf 84' lang='lat' dir='ltr'>Syriae</span> <span class='ocrx_word' id='word_1_270' title='bbox 713 2207 829 2248; x_wconf 83' lang='lat' dir='ltr'>partes</span> <span class='ocrx_word' id='word_1_271' title='bbox 853 2203 1030 2247; x_wconf 84' lang='lat' dir='ltr'>profectus</span> <span class='ocrx_word' id='word_1_272' title='bbox 1056 2207 1127 2247; x_wconf 87' lang='lat' dir='ltr'>est,</span> <span class='ocrx_word' id='word_1_273' title='bbox 1150 2202 1333 2248; x_wconf 89' lang='lat' dir='ltr'>multisque</span> <span class='ocrx_word' id='word_1_274' title='bbox 1357 2203 1500 2238; x_wconf 88' lang='lat' dir='ltr'>urbibus</span> <span class='ocrx_word' id='word_1_275' title='bbox 1522 2207 1559 2237; x_wconf 84' lang='lat' dir='ltr'>et</span> <span class='ocrx_word' id='word_1_276' title='bbox 1583 2202 1676 2246; x_wconf 82' lang='lat' dir='ltr'>agris</span> <span class='ocrx_word' id='word_1_277' title='bbox 1699 2201 1744 2236; x_wconf 80' lang='lat' dir='ltr'>ad</span> 
     </span>
     <span class='ocr_line' id='line_1_31' title="bbox 295 2247 1743 2293; baseline 0 -12"><span class='ocrx_word' id='word_1_278' title='bbox 295 2248 466 2283; x_wconf 87' lang='lat' dir='ltr'>Libanum</span> <span class='ocrx_word' id='word_1_279' title='bbox 493 2254 528 2283; x_wconf 86' lang='lat' dir='ltr'>et</span> <span class='ocrx_word' id='word_1_280' title='bbox 550 2249 720 2283; x_wconf 82' lang='lat' dir='ltr'>maritima</span> <span class='ocrx_word' id='word_1_281' title='bbox 742 2248 818 2282; x_wconf 84' lang='lat' dir='ltr'>loca</span> <span class='ocrx_word' id='word_1_282' title='bbox 840 2248 918 2282; x_wconf 88' lang='lat' dir='ltr'>sitis</span> <span class='ocrx_word' id='word_1_283' title='bbox 940 2249 977 2282; x_wconf 88' lang='lat' dir='ltr'>in</span> <span class='ocrx_word' id='word_1_284' title='bbox 1001 2260 1095 2282; x_wconf 86' lang='lat' dir='ltr'>suam</span> <span class='ocrx_word' id='word_1_285' title='bbox 1120 2253 1325 2293; x_wconf 82' lang='lat' dir='ltr'>potestatem</span> <span class='ocrx_word' id='word_1_286' title='bbox 1356 2249 1506 2283; x_wconf 82' lang='lat' dir='ltr'>redactis</span> <span class='ocrx_word' id='word_1_287' title='bbox 1531 2259 1650 2283; x_wconf 80' lang='lat' dir='ltr'>mense</span> <span class='ocrx_word' id='word_1_288' title='bbox 1670 2247 1743 2281; x_wconf 86' lang='lat' dir='ltr'>De-</span> 
     </span>
     <span class='ocr_line' id='line_1_32' title="bbox 296 2293 1745 2339; baseline 0 -12"><span class='ocrx_word' id='word_1_289' title='bbox 296 2294 426 2327; x_wconf 88' lang='lat' dir='ltr'>cembri</span> <span class='ocrx_word' id='word_1_290' title='bbox 454 2295 571 2329; x_wconf 86' lang='lat' dir='ltr'>rediit.</span> <span class='ocrx_word' id='word_1_291' title='bbox 619 2295 682 2329; x_wconf 90' lang='lat' dir='ltr'>sed</span> <span class='ocrx_word' id='word_1_292' title='bbox 717 2294 857 2328; x_wconf 78' lang='lat' dir='ltr'>fortiter</span> <span class='ocrx_word' id='word_1_293' title='bbox 886 2294 1011 2329; x_wconf 92' lang='lat' dir='ltr'>bellum</span> <span class='ocrx_word' id='word_1_294' title='bbox 1034 2294 1282 2328; x_wconf 85' lang='lat' dir='ltr'>sustinentibus</span> <span class='ocrx_word' id='word_1_295' title='bbox 1308 2294 1554 2339; x_wconf 86' lang='lat' dir='ltr'>Antiochenis‚</span> <span class='ocrx_word' id='word_1_296' title='bbox 1585 2293 1678 2339; x_wconf 90' lang='lat' dir='ltr'>quod</span> <span class='ocrx_word' id='word_1_297' title='bbox 1701 2303 1745 2327; x_wconf 84' lang='lat' dir='ltr'>ex</span> 
     </span>
     <span class='ocr_line' id='line_1_33' title="bbox 294 2339 1745 2386; baseline 0.001 -14"><span class='ocrx_word' id='word_1_298' title='bbox 294 2340 451 2374; x_wconf 81' lang='lat' dir='ltr'>finitimis</span> <span class='ocrx_word' id='word_1_299' title='bbox 481 2341 567 2375; x_wconf 88' lang='lat' dir='ltr'>locis</span> <span class='ocrx_word' id='word_1_300' title='bbox 598 2340 722 2375; x_wconf 83' lang='lat' dir='ltr'>multae</span> <span class='ocrx_word' id='word_1_301' title='bbox 744 2345 866 2384; x_wconf 82' lang='lat' dir='ltr'>gentes</span> <span class='ocrx_word' id='word_1_302' title='bbox 888 2342 923 2374; x_wconf 93' lang='lat' dir='ltr'>in</span> <span class='ocrx_word' id='word_1_303' title='bbox 946 2342 1066 2375; x_wconf 90' lang='lat' dir='ltr'>urbem</span> <span class='ocrx_word' id='word_1_304' title='bbox 1088 2351 1127 2374; x_wconf 89' lang='lat' dir='ltr'>se</span> <span class='ocrx_word' id='word_1_305' title='bbox 1150 2346 1357 2385; x_wconf 88' lang='lat' dir='ltr'>receperunt</span> <span class='ocrx_word' id='word_1_306' title='bbox 1377 2345 1417 2374; x_wconf 83' lang='lat' dir='ltr'>ut</span> <span class='ocrx_word' id='word_1_307' title='bbox 1435 2340 1523 2386; x_wconf 87' lang='lat' dir='ltr'>ipsis</span> <span class='ocrx_word' id='word_1_308' title='bbox 1547 2351 1647 2385; x_wconf 89' lang='lat' dir='ltr'>opem</span> <span class='ocrx_word' id='word_1_309' title='bbox 1670 2339 1745 2373; x_wconf 82' lang='lat' dir='ltr'>fer-</span> 
     </span>
     <span class='ocr_line' id='line_1_34' title="bbox 296 2385 1746 2430; baseline 0 -12"><span class='ocrx_word' id='word_1_310' title='bbox 296 2391 398 2430; x_wconf 84' lang='lat' dir='ltr'>rent,</span> <span class='ocrx_word' id='word_1_311' title='bbox 433 2392 468 2420; x_wconf 90' lang='lat' dir='ltr'>et</span> <span class='ocrx_word' id='word_1_312' title='bbox 497 2392 685 2421; x_wconf 80' lang='lat' dir='ltr'>commeatu</span> <span class='ocrx_word' id='word_1_313' title='bbox 710 2387 864 2420; x_wconf 78' lang='lat' dir='ltr'>Romano</span> <span class='ocrx_word' id='word_1_314' title='bbox 888 2386 1057 2421; x_wconf 86' lang='lat' dir='ltr'>exercitui</span> <span class='ocrx_word' id='word_1_315' title='bbox 1078 2386 1261 2421; x_wconf 86' lang='lat' dir='ltr'>deficiente</span> <span class='ocrx_word' id='word_1_316' title='bbox 1285 2387 1445 2429; x_wconf 86' lang='lat' dir='ltr'>factoque</span> <span class='ocrx_word' id='word_1_317' title='bbox 1466 2385 1600 2430; x_wconf 76' lang='lat' dir='ltr'>ingenti</span> <span class='ocrx_word' id='word_1_318' title='bbox 1624 2395 1746 2428; x_wconf 88' lang='lat' dir='ltr'>coeno,</span> 
     </span>
     <span class='ocr_line' id='line_1_35' title="bbox 296 2429 1748 2478; baseline -0.001 -14"><span class='ocrx_word' id='word_1_319' title='bbox 296 2432 384 2465; x_wconf 88' lang='lat' dir='ltr'>adeo</span> <span class='ocrx_word' id='word_1_320' title='bbox 418 2436 457 2465; x_wconf 83' lang='lat' dir='ltr'>ut</span> <span class='ocrx_word' id='word_1_321' title='bbox 487 2433 630 2467; x_wconf 86' lang='lat' dir='ltr'>transiri</span> <span class='ocrx_word' id='word_1_322' title='bbox 663 2444 732 2466; x_wconf 91' lang='lat' dir='ltr'>non</span> <span class='ocrx_word' id='word_1_323' title='bbox 763 2436 883 2477; x_wconf 90' lang='lat' dir='ltr'>posset</span> <span class='ocrx_word' id='word_1_324' title='bbox 914 2437 1058 2478; x_wconf 88' lang='lat' dir='ltr'>propter</span> <span class='ocrx_word' id='word_1_325' title='bbox 1089 2432 1226 2466; x_wconf 83' lang='lat' dir='ltr'>multam</span> <span class='ocrx_word' id='word_1_326' title='bbox 1260 2443 1349 2477; x_wconf 86' lang='lat' dir='ltr'>quae</span> <span class='ocrx_word' id='word_1_327' title='bbox 1378 2433 1421 2466; x_wconf 90' lang='lat' dir='ltr'>de</span> <span class='ocrx_word' id='word_1_328' title='bbox 1449 2432 1544 2466; x_wconf 80' lang='lat' dir='ltr'>caelo</span> <span class='ocrx_word' id='word_1_329' title='bbox 1571 2429 1748 2465; x_wconf 80' lang='lat' dir='ltr'>deciderat</span> 
     </span>
     <span class='ocr_line' id='line_1_36' title="bbox 296 2475 1746 2523; baseline 0 -14"><span class='ocrx_word' id='word_1_330' title='bbox 296 2477 469 2520; x_wconf 83' lang='lat' dir='ltr'>pluviam,</span> <span class='ocrx_word' id='word_1_331' title='bbox 500 2490 538 2512; x_wconf 88' lang='lat' dir='ltr'>re</span> <span class='ocrx_word' id='word_1_332' title='bbox 560 2478 692 2512; x_wconf 83' lang='lat' dir='ltr'>infecta</span> <span class='ocrx_word' id='word_1_333' title='bbox 712 2478 756 2512; x_wconf 86' lang='lat' dir='ltr'>ad</span> <span class='ocrx_word' id='word_1_334' title='bbox 775 2477 906 2522; x_wconf 84' lang='lat' dir='ltr'>regiam</span> <span class='ocrx_word' id='word_1_335' title='bbox 928 2479 1046 2512; x_wconf 91' lang='lat' dir='ltr'>urbem</span> <span class='ocrx_word' id='word_1_336' title='bbox 1069 2489 1108 2512; x_wconf 87' lang='lat' dir='ltr'>se</span> <span class='ocrx_word' id='word_1_337' title='bbox 1130 2477 1283 2523; x_wconf 87' lang='lat' dir='ltr'>recepit,</span> <span class='ocrx_word' id='word_1_338' title='bbox 1314 2489 1428 2512; x_wconf 88' lang='lat' dir='ltr'>secum</span> <span class='ocrx_word' id='word_1_339' title='bbox 1453 2477 1626 2512; x_wconf 84' lang='lat' dir='ltr'>adducens</span> <span class='ocrx_word' id='word_1_340' title='bbox 1646 2475 1746 2510; x_wconf 89' lang='lat' dir='ltr'>ollam</span> 
     </span>
     <span class='ocr_line' id='line_1_37' title="bbox 297 2521 1748 2566; baseline 0.001 -12"><span class='ocrx_word' id='word_1_341' title='bbox 297 2533 388 2565; x_wconf 82' lang='lat' dir='ltr'>quae</span> <span class='ocrx_word' id='word_1_342' title='bbox 419 2522 569 2558; x_wconf 83' lang='lat' dir='ltr'>habebat</span> <span class='ocrx_word' id='word_1_343' title='bbox 599 2524 751 2566; x_wconf 75' lang='lat' dir='ltr'>effigiem</span> <span class='ocrx_word' id='word_1_344' title='bbox 780 2536 849 2558; x_wconf 90' lang='lat' dir='ltr'>non</span> <span class='ocrx_word' id='word_1_345' title='bbox 879 2535 981 2558; x_wconf 87' lang='lat' dir='ltr'>manu</span> <span class='ocrx_word' id='word_1_346' title='bbox 1011 2524 1139 2558; x_wconf 83' lang='lat' dir='ltr'>factam</span> <span class='ocrx_word' id='word_1_347' title='bbox 1169 2524 1302 2557; x_wconf 83' lang='lat' dir='ltr'>formae</span> <span class='ocrx_word' id='word_1_348' title='bbox 1333 2523 1466 2557; x_wconf 82' lang='lat' dir='ltr'>Christi</span> <span class='ocrx_word' id='word_1_349' title='bbox 1497 2528 1534 2557; x_wconf 88' lang='lat' dir='ltr'>et</span> <span class='ocrx_word' id='word_1_350' title='bbox 1555 2522 1614 2556; x_wconf 90' lang='lat' dir='ltr'>dei</span> <span class='ocrx_word' id='word_1_351' title='bbox 1635 2521 1748 2556; x_wconf 87' lang='lat' dir='ltr'>nostri</span> 
     </span>
     <span class='ocr_line' id='line_1_38' title="bbox 294 2567 1745 2615; baseline 0.002 -16"><span class='ocrx_word' id='word_1_352' title='bbox 294 2567 477 2612; x_wconf 84' lang='lat' dir='ltr'>imaginem</span> <span class='ocrx_word' id='word_1_353' title='bbox 490 2596 499 2613; x_wconf 89' lang='lat'><strong>,</strong></span> <span class='ocrx_word' id='word_1_354' title='bbox 524 2581 625 2614; x_wconf 90' lang='lat' dir='ltr'>quam</span> <span class='ocrx_word' id='word_1_355' title='bbox 647 2570 831 2615; x_wconf 85' lang='lat' dir='ltr'>Hierapoli</span> <span class='ocrx_word' id='word_1_356' title='bbox 850 2582 871 2604; x_wconf 86' lang='lat' dir='ltr'>a</span> <span class='ocrx_word' id='word_1_357' title='bbox 892 2581 932 2604; x_wconf 87' lang='lat' dir='ltr'>se</span> <span class='ocrx_word' id='word_1_358' title='bbox 952 2576 1151 2615; x_wconf 81' lang='lat' dir='ltr'>expugnata</span> <span class='ocrx_word' id='word_1_359' title='bbox 1169 2569 1341 2615; x_wconf 87' lang='lat' dir='ltr'>repperit,</span> <span class='ocrx_word' id='word_1_360' title='bbox 1368 2574 1406 2604; x_wconf 87' lang='lat' dir='ltr'>et</span> <span class='ocrx_word' id='word_1_361' title='bbox 1426 2568 1625 2614; x_wconf 87' lang='lat' dir='ltr'>capillorum</span> <span class='ocrx_word' id='word_1_362' title='bbox 1641 2568 1745 2602; x_wconf 81' lang='lat' dir='ltr'>Ioan-</span> 
     </span>
     <span class='ocr_line' id='line_1_39' title="bbox 297 2613 1126 2660; baseline 0.002 -14"><span class='ocrx_word' id='word_1_363' title='bbox 297 2613 352 2647; x_wconf 88' lang='lat' dir='ltr'>nis</span> <span class='ocrx_word' id='word_1_364' title='bbox 377 2615 551 2658; x_wconf 80' lang='lat' dir='ltr'>baptistae</span> <span class='ocrx_word' id='word_1_365' title='bbox 576 2621 706 2660; x_wconf 87' lang='lat' dir='ltr'>partem</span> <span class='ocrx_word' id='word_1_366' title='bbox 729 2616 897 2660; x_wconf 85' lang='lat' dir='ltr'>sanguine</span> <span class='ocrx_word' id='word_1_367' title='bbox 918 2622 1126 2650; x_wconf 85' lang='lat' dir='ltr'>concretam.</span> 
     </span>
    </p>

    <p class='ocr_par' dir='ltr' id='par_1_7' title="bbox 298 2658 1747 2892">
     <span class='ocr_line' id='line_1_40' title="bbox 392 2658 1746 2707; baseline -0.001 -15"><span class='ocrx_word' id='word_1_368' title='bbox 392 2659 547 2703; x_wconf 82' lang='lat' dir='ltr'>Cumque</span> <span class='ocrx_word' id='word_1_369' title='bbox 573 2662 652 2695; x_wconf 83' lang='lat' dir='ltr'>talis</span> <span class='ocrx_word' id='word_1_370' title='bbox 676 2667 769 2695; x_wconf 88' lang='lat' dir='ltr'>esset-</span> <span class='ocrx_word' id='word_1_371' title='bbox 794 2662 1014 2707; x_wconf 88' lang='lat' dir='ltr'>Nicephorus</span> <span class='ocrx_word' id='word_1_372' title='bbox 1035 2673 1076 2695; x_wconf 90' lang='lat' dir='ltr'>ac</span> <span class='ocrx_word' id='word_1_373' title='bbox 1093 2660 1223 2695; x_wconf 88' lang='lat' dir='ltr'>talibus</span> <span class='ocrx_word' id='word_1_374' title='bbox 1240 2670 1323 2694; x_wconf 91' lang='lat' dir='ltr'>usus</span> <span class='ocrx_word' id='word_1_375' title='bbox 1341 2658 1527 2694; x_wconf 89' lang='lat' dir='ltr'>honoribus</span> <span class='ocrx_word' id='word_1_376' title='bbox 1550 2662 1586 2693; x_wconf 85' lang='lat' dir='ltr'>et</span> <span class='ocrx_word' id='word_1_377' title='bbox 1608 2658 1746 2692; x_wconf 83' lang='lat' dir='ltr'>functus</span> 
     </span>
     <span class='ocr_line' id='line_1_41' title="bbox 298 2703 1747 2751; baseline 0 -13"><span class='ocrx_word' id='word_1_378' title='bbox 298 2703 577 2749; x_wconf 82' lang='lat' dir='ltr'>magistratibus,</span> <span class='ocrx_word' id='word_1_379' title='bbox 615 2707 771 2751; x_wconf 83' lang='lat' dir='ltr'>adeoque</span> <span class='ocrx_word' id='word_1_380' title='bbox 794 2719 851 2741; x_wconf 88' lang='lat' dir='ltr'>res</span> <span class='ocrx_word' id='word_1_381' title='bbox 876 2707 1030 2742; x_wconf 84' lang='lat' dir='ltr'>auxisset</span> <span class='ocrx_word' id='word_1_382' title='bbox 1050 2708 1278 2742; x_wconf 90' lang='lat' dir='ltr'>Romanorum</span> <span class='ocrx_word' id='word_1_383' title='bbox 1303 2705 1453 2748; x_wconf 88' lang='lat' dir='ltr'>(etenim</span> <span class='ocrx_word' id='word_1_384' title='bbox 1476 2706 1580 2739; x_wconf 89' lang='lat' dir='ltr'>urbes</span> <span class='ocrx_word' id='word_1_385' title='bbox 1602 2703 1747 2749; x_wconf 84' lang='lat' dir='ltr'>amplius</span> 
     </span>
     <span class='ocr_line' id='line_1_42' title="bbox 298 2749 1747 2797; baseline 0 -14"><span class='ocrx_word' id='word_1_386' title='bbox 298 2756 435 2784; x_wconf 90' lang='lat' dir='ltr'>centum</span> <span class='ocrx_word' id='word_1_387' title='bbox 467 2750 560 2796; x_wconf 89' lang='lat' dir='ltr'>cepit</span> <span class='ocrx_word' id='word_1_388' title='bbox 592 2756 627 2785; x_wconf 89' lang='lat' dir='ltr'>et</span> <span class='ocrx_word' id='word_1_389' title='bbox 661 2753 790 2797; x_wconf 89' lang='lat' dir='ltr'>oppida</span> <span class='ocrx_word' id='word_1_390' title='bbox 821 2753 966 2788; x_wconf 85' lang='lat' dir='ltr'>Ciliciae</span> <span class='ocrx_word' id='word_1_391' title='bbox 995 2759 1033 2788; x_wconf 89' lang='lat' dir='ltr'>et</span> <span class='ocrx_word' id='word_1_392' title='bbox 1058 2753 1186 2797; x_wconf 80' lang='lat' dir='ltr'>Syriae</span> <span class='ocrx_word' id='word_1_393' title='bbox 1215 2756 1252 2786; x_wconf 88' lang='lat' dir='ltr'>et</span> <span class='ocrx_word' id='word_1_394' title='bbox 1277 2750 1491 2786; x_wconf 85' lang='lat' dir='ltr'>Phoeniciae</span> <span class='ocrx_word' id='word_1_395' title='bbox 1513 2755 1549 2784; x_wconf 91' lang='lat' dir='ltr'>et</span> <span class='ocrx_word' id='word_1_396' title='bbox 1571 2749 1747 2794; x_wconf 83' lang='lat' dir='ltr'>Banisiae,</span> 
     </span>
     <span class='ocr_line' id='line_1_43' title="bbox 299 2795 1746 2842; baseline 0 -14"><span class='ocrx_word' id='word_1_397' title='bbox 299 2807 443 2840; x_wconf 88' lang='lat' dir='ltr'>qnorum</span> <span class='ocrx_word' id='word_1_398' title='bbox 466 2796 611 2830; x_wconf 85' lang='lat' dir='ltr'>maxima</span> <span class='ocrx_word' id='word_1_399' title='bbox 633 2802 669 2831; x_wconf 85' lang='lat' dir='ltr'>et</span> <span class='ocrx_word' id='word_1_400' title='bbox 692 2799 904 2833; x_wconf 88' lang='lat' dir='ltr'>nobilissima</span> <span class='ocrx_word' id='word_1_401' title='bbox 925 2799 1010 2833; x_wconf 80' lang='lat' dir='ltr'>haec</span> <span class='ocrx_word' id='word_1_402' title='bbox 1031 2802 1150 2842; x_wconf 89' lang='lat' dir='ltr'>erant,</span> <span class='ocrx_word' id='word_1_403' title='bbox 1177 2797 1395 2842; x_wconf 84' lang='lat' dir='ltr'>Anazarbus,</span> <span class='ocrx_word' id='word_1_404' title='bbox 1419 2797 1557 2839; x_wconf 83' lang='lat' dir='ltr'>Adana,</span> <span class='ocrx_word' id='word_1_405' title='bbox 1579 2795 1746 2840; x_wconf 88' lang='lat' dir='ltr'>Mopsue-</span> 
     </span>
     <span class='ocr_line' id='line_1_44' title="bbox 299 2840 1746 2892; baseline -0.001 -16"><span class='ocrx_word' id='word_1_406' title='bbox 299 2841 387 2886; x_wconf 84' lang='lat' dir='ltr'>stia,</span> <span class='ocrx_word' id='word_1_407' title='bbox 413 2842 569 2887; x_wconf 83' lang='lat' dir='ltr'>Tarsus,</span> <span class='ocrx_word' id='word_1_408' title='bbox 595 2843 748 2889; x_wconf 83' lang='lat' dir='ltr'>Pagras,</span> <span class='ocrx_word' id='word_1_409' title='bbox 777 2844 1036 2892; x_wconf 79' lang='lat' dir='ltr'>Synnephium,</span> <span class='ocrx_word' id='word_1_410' title='bbox 1067 2843 1262 2891; x_wconf 85' lang='lat' dir='ltr'>Laodicea,</span> <span class='ocrx_word' id='word_1_411' title='bbox 1288 2842 1499 2890; x_wconf 82' lang='lat' dir='ltr'>Chalepum3</span> <span class='ocrx_word' id='word_1_412' title='bbox 1531 2840 1746 2878; x_wconf 78' lang='lat' dir='ltr'>tributariam</span> 
     </span>
    </p>
   </div>
  </div>
 </body>
</html>
