1890 3236
312 181 413 229 286
656 235 659 238 ‚
787 177 1023 226 Gssonon
1057 178 1302 224 cEDREm

259 301 292 337 B
311 295 439 351 μηνὸς
457 297 529 350 τῆς
548 291 729 348 πέμπτης
746 293 991 349 ι’νὸικτιῶνος
1010 291 1186 348 πολέμου
1206 291 1471 354 συρραγέντος
1491 292 1764 350 Ῥωμαίοιςτε

309 366 378 407 καὶ
396 359 649 418 Βουλγάροις
666 361 768 417 πρὸς
789 365 847 418 τῷ
860 359 1042 418 Ἀχελώῳ
1064 363 1247 419 φρουρίῳ
1265 362 1476 418 τρέπονται
1495 362 1600 410 κατὰ
1616 361 1766 422 κράτος

310 432 350 475 οἳ
369 428 621 486 Βούλγαροι,
673 430 742 471 καὶ
771 427 895 486 φόνος
922 429 1055 472 αὐτῶν
1086 430 1234 485 ἐγένετο
1260 428 1398 481 πολύς.
1465 430 1607 488 ἱδρῶτι
1629 431 1767 478 δὲτοῦ

312 499 549 553 ὃομεστίκου
578 497 916 554 περιρρανθέντος
942 501 1080 555 πολλῷ
1106 499 1173 540 καὶ
1201 495 1576 554 λειποθυμήσαντος
1601 499 1768 544 καὶτοῦ

309 569 435 610 ἵππου
459 562 687 618 ἀποβάντος
718 565 784 606 ἐπί
810 582 886 608 τινι
914 570 1020 622 πηγῇ
1042 567 1108 608 καὶ
1128 565 1199 608 τὸν
1216 566 1368 622 ἱδρῶτα
1386 565 1684 618 ἀποπλύνοντος
1699 567 1800 626 καὶὸ

313 633 457 677 ἑαυτὸν
483 631 791 688 ἀποψύχοντος,
842 633 912 676 τὸν
948 634 1095 688 δεσμὸν
1125 633 1360 691 ἀπορρήξας
1391 632 1412 678 ὅ
1444 636 1569 686 ἰ’ππος
1597 630 1776 690 τυχαίως,

315 702 403 745 ἔθει
426 701 494 744 διὰ
515 705 589 744 τοῦ
609 701 883 758 στρατοπέδου
902 702 1014 753 κενὸς
1035 700 1252 756 ἐπιβάτου·
1280 702 1327 746 ὃν
1343 703 1382 745 οἳ
1400 706 1643 760 στρατιῶται
1659 699 1768 747 θεώ-

315 788 428 825 μενοι
447 767 647 827 γνώριμον
665 768 762 812 ὄντα
771 801 785 822 ,
828 771 895 813 καὶ
917 770 988 813 τὸν
1017 772 1251 825 ὁομέστικον
1278 777 1410 814 πεσεῖν
1430 769 1778 822 ὖποτοπᾶσαντες,

318 842 374 889 εἷς
395 836 525 896 φόβον
544 838 727 880 ἐνέπεσον
747 839 815 881 καὶ
833 836 1145 894 κατεβλήθησαν
1163 840 1238 890 τὰς
1258 839 1398 895 ψυχὰς
1419 841 1581 899 καὶτῆς
1599 838 1774 891 διώξεως

319 905 505 962 ἔστησαν,
541 906 633 949 ἔνιοι
663 906 707 948 δὲ
735 908 801 949 καὶ
829 909 1090 963 παλίντροποι
1116 907 1337 964 γεγόνασιν.
1405 909 1448 959 ἐξ
1465 906 1708 965 ὑπερδεξιῶν
1726 907 1773 952 δὲ
1784 917 1828 952 10

317 980 448 1019 ταῦτα
465 972 670 1029 θεώμενος
692 972 712 1017 ὅ
733 975 901 1029 Συμεὼν
932 976 999 1031 (οὗ
1017 975 1093 1032 γὰρ
1126 975 1262 1031 ἔτυχεν
1281 973 1528 1020 ἀσύντακτον
1545 975 1620 1032 τὴν
1640 975 1774 1036 φυγὴν

267 1055 299 1090 c
322 1041 607 1099 ποιησάμενος)
636 1044 816 1101 ἐπαφῆκε
850 1044 944 1094 τοὺς
971 1042 1234 1101 Βουλγάρους
1253 1045 1364 1102 λκατὰ
1382 1043 1605 1100 Ῥωμαίων.
1669 1044 1712 1088 οἳ
1730 1044 1775 1088 δὲ

318 1114 386 1155 καὶ
407 1110 613 1168 πρότερον,
636 1109 692 1162 ὡς
711 1112 885 1166 εἴπομεν,
913 1112 987 1163 τὰς
1006 1110 1170 1169 γνώμας
1187 1114 1438 1164 θλασθέντες
1456 1115 1523 1156 καὶ
1539 1109 1775 1173 τεθηπότες,

317 1178 375 1231 ὡς
402 1182 470 1223 καὶ
500 1181 702 1237 αἰφνίδιον
728 1179 912 1231 ἐπιόντας
931 1180 1154 1225 ἐθεάσαντο
1176 1181 1271 1232 τοὺς
1288 1180 1575 1239 Βουλγάρους,
1607 1197 1658 1238 τρ
1678 1197 1776 1223 πονε-

317 1267 386 1292 ται
407 1250 653 1305 πανστρατί,
688 1250 755 1291 καὶ
774 1249 906 1305 γέγονε
924 1249 1032 1307 φυγὴ
1052 1247 1356 1307 φρικωδεστάτη
1367 1281 1380 1302 ,
1409 1254 1490 1294 τῶν
1511 1249 1584 1304 μὲν
1600 1247 1675 1293 ὕπ’
1701 1249 1776 1291 ἅλ’
1787 1258 1833 1294 15

318 1316 452 1372 λήλων
475 1317 819 1372 συμπατουμένων
847 1322 928 1360 τῶν
957 1319 1000 1360 δὲ
1027 1317 1106 1361 ὕπὸ
1134 1323 1214 1361 τῶν
1244 1319 1430 1362 ἐναντίων
1465 1316 1785 1375 ἀναιρουμένων..

318 1386 445 1447 ᾼέων
466 1386 508 1427 δὲ
526 1384 547 1427 ὃ
566 1386 800 1440 ὃομέστικος
811 1387 852 1428 ἐν
860 1388 1116 1447 Μεσημβρίᾳ
1131 1384 1310 1442 διεσώθη
1323 1384 1478 1445 φυγών.
1503 1385 1616 1429 ἔπεσε
1627 1387 1671 1428 δὲ
1681 1384 1781 1436 λαὸς

322 1454 370 1495 οὗ
390 1458 469 1496 τῶν
487 1458 630 1496 κοινῶν
652 1459 921 1511 στρατιωτῶν,
957 1455 1062 1497 ἀλλὰ
1080 1456 1145 1498 καὶ
1169 1457 1384 1511 στρατηγοὶ
1409 1457 1475 1497 καὶ
1498 1451 1780 1512 ταγματοὶρχαι

322 1522 505 1578 ἀριθμοῦ
533 1523 748 1579 κρείττους.
816 1522 974 1581 ἐσφάγη
1002 1524 1045 1566 δὲ
1073 1525 1139 1566 καὶ
1162 1525 1464 1574 Κωνσταντῖνος
1483 1522 1504 1565 ὃ
1529 1524 1633 1578 Λὶψ
1659 1523 1727 1565 καὶ
1757 1518 1779 1564 ὅ

321 1594 403 1634 τῶν
430 1591 670 1644 ἒξκουβίτων
693 1590 865 1647 ἔξαρχος
890 1590 1076 1646 Ἰωάννης
1096 1590 1318 1648 μάγιστρος
1349 1590 1370 1634 ὅ
1397 1593 1438 1633 Γ
1435 1589 1595 1650 ράψων.
1663 1584 1714 1646 ἦν
1736 1589 1841 1639 (5320-

323 1658 563 1709 ἀποσταλεὶς
602 1656 623 1700 ὃ
661 1660 869 1715 πατρίκιος
904 1658 1107 1714 Ῥωμανὸς
1136 1659 1157 1703 ὃ
1185 1658 1461 1715 Λακαπηνός,
1516 1657 1782 1717 δρουγγάριος

323 1731 541 1782 τηνικαῦτα
561 1731 641 1769 τῶν
660 1730 853 1781 nieorum
875 1727 952 1780 ῶν,
994 1728 1097 1782 μετὰ
1122 1728 1271 1779 παντὸς
1295 1732 1368 1772 τοῦ
1393 1726 1541 1771 στόλου
1559 1730 1782 1784 παραπλεῖν

324 1802 409 1845 τοῖς
431 1797 627 1851 αἰγιαλοῖς
643 1798 915 1851 προσταχθεὶς
932 1798 998 1839 καὶ
1019 1799 1074 1847 εἷς
1091 1796 1291 1853 βοήθειαν
1312 1795 1519 1852 τυγχάνειν
1539 1799 1598 1854 τῷ
1614 1795 1782 1847 Λέοντι,

272 1868 305 1904 Ι)
330 1865 571 1921 διαπερᾶσαι
591 1863 634 1905 δὲ
654 1865 720 1905 καὶ
737 1864 832 1915 τοὺς
850 1865 963 1922 παρὰ
982 1870 1053 1908 τοῦ
1072 1868 1187 1922 Βογᾶ
1209 1866 1408 1920 ἀχθέντας
1429 1862 1710 1917 Πατζινάκους
1730 1864 1785 1913 εἷς

417 1970 441 2006 ’7
462 1967 642 2014 ἐπιβάτης
664 1971 695 2006 C
813 1972 834 2006 8
855 1968 1041 2016 γνώριμον
1063 1967 1157 2007 ὄντα
1180 1984 1234 2008 om
1252 1972 1283 2008 C
1399 1973 1422 2008 9
1441 1970 1578 2007 πτοίαν
1599 1971 1642 2016 C,
1665 1981 1786 2016 margo

419 2015 473 2057 εἰς
491 2015 630 2051 δειλίαν
768 2018 812 2053 14
830 2017 893 2052 καὶ
917 2024 998 2064 post
1018 2015 1070 2060 οἷς
1093 2030 1147 2054 om
1171 2019 1201 2053 C
1336 2017 1385 2054 24
1404 2014 1631 2061 πατζινάκας
1653 2017 1683 2051 C

326 2118 445 2153 pugna
466 2106 560 2142 inter
582 2109 758 2144 Romanos
789 2113 825 2143 et
845 2109 1016 2154 Bulgaros
1039 2109 1220 2144 commissa
1243 2112 1298 2145 est
1320 2109 1365 2144 ad
1389 2108 1566 2144 castellum
1589 2106 1788 2151 Acheloum,

326 2152 489 2198 pulsique
523 2159 561 2188 et
593 2166 716 2199 magna
747 2156 854 2188 caede
886 2155 1055 2200 prostrati
1085 2162 1166 2190 sunt
1187 2156 1343 2201 Bulgari.
1389 2155 1440 2189 ibi
1470 2166 1545 2189 cum
1579 2153 1790 2189 domesticus

327 2199 476 2243 plurimo
500 2200 627 2234 sudore
649 2201 790 2234 madens
815 2200 999 2246 animoque
1021 2201 1187 2236 deficiens
1210 2204 1253 2236 ad
1278 2202 1448 2248 quendam
1473 2202 1602 2236 fontem
1633 2211 1678 2234 ex
1697 2209 1788 2244 equo

327 2244 587 2289 descendisset,
623 2251 662 2280 ut
692 2246 850 2280 sudorem
885 2247 1019 2282 elueret
1041 2259 1083 2282 ac
1105 2260 1144 2281 se
1164 2253 1342 2282 recrearet
1356 2273 1366 2290 ,
1394 2258 1503 2292 equus
1523 2247 1616 2280 forte
1638 2246 1788 2290 abrupto

326 2290 466 2324 vinculo
490 2302 529 2324 se
552 2291 724 2337 proripit,
761 2303 802 2326 ac
831 2293 978 2327 sessoris
1008 2305 1138 2328 vacuus
1163 2306 1226 2338 per
1249 2293 1437 2328 exercitum
1464 2291 1639 2327 discurrit.
1687 2301 1792 2335 quem

327 2341 368 2370 ut
390 2347 566 2380 agnovere
588 2337 726 2381 milites,
749 2339 952 2372 occubuisse
975 2339 1200 2373 domesticum
1222 2339 1304 2384 rati,
1328 2345 1422 2374 metu
1440 2338 1562 2373 animis
1585 2341 1789 2372 consterna-

328 2382 387 2424 tis,
414 2383 457 2416 ab
480 2382 699 2417 insecutione
721 2383 870 2418 hostium
894 2385 1123 2419 destiterunt:
1150 2385 1288 2430 quidam
1309 2385 1413 2419 etiam
1435 2389 1529 2418 retro
1548 2394 1629 2418 sese
1648 2387 1788 2416 averte-

331 2432 426 2461 runt.
474 2430 566 2471 quod
589 2441 632 2463 ex
655 2430 794 2463 sublimi
822 2441 966 2464 cernens
992 2431 1134 2465 Simeon
1156 2433 1287 2476 (neque
1311 2431 1401 2466 enim
1421 2431 1530 2464 effuse
1553 2434 1590 2464 et
1611 2427 1791 2463 ordinibus

330 2473 511 2518 dissipatis
532 2475 646 2518 fugam
670 2476 840 2520 faciebat)
864 2488 945 2510 suos
970 2477 1134 2510 Romanis
1156 2477 1310 2513 immisit.
1358 2476 1504 2511 Romani
1522 2475 1590 2509 iam
1610 2478 1691 2508 ante
1714 2472 1790 2506 ani-

329 2529 402 2551 mos
426 2519 554 2555 deiecti
579 2525 614 2555 et
637 2527 826 2565 paventes,
860 2522 993 2556 hostem
1023 2522 1139 2556 subito
1171 2523 1307 2558 irruere
1337 2523 1516 2564 videntes,
1550 2519 1667 2555 statim
1690 2523 1794 2562 terga.

330 2564 512 2600 dederunt.
560 2566 643 2610 fuga
666 2579 708 2601 ea
731 2567 1027 2612 periculosissima
1051 2568 1135 2611 fuit,
1169 2569 1247 2612 aliis
1277 2580 1355 2603 sese
1383 2567 1532 2602 invicem
1555 2563 1792 2600 conculcanti-

331 2610 408 2653 bus,
435 2611 512 2644 aliis
537 2613 579 2645 ab
605 2612 705 2647 hoste
729 2613 854 2647 caesis.
902 2613 976 2648 Leo
1000 2614 1208 2649 domesticus
1232 2615 1314 2658 fuga
1338 2614 1374 2648 in
1395 2611 1642 2648 Mesembriam
1665 2609 1791 2645 evasit.

336 2667 405 2689 non
428 2656 607 2691 multitudo
631 2664 762 2692 tantum
787 2659 946 2693 militaris
969 2665 1052 2694 tunc
1074 2659 1192 2706 periit,
1219 2661 1281 2694 sed
1305 2664 1341 2694 et
1362 2659 1468 2693 duces
1491 2656 1664 2692 innumeri
1687 2661 1793 2700 atque

336 2700 494 2736 ordinum
517 2702 689 2738 ductores.
739 2704 874 2740 occisus
899 2710 954 2739 est
977 2706 1081 2740 etiam
1105 2706 1353 2740 Constantinus
1376 2703 1528 2747 Africus,
1552 2709 1589 2737 et
1611 2701 1793 2736 excubito-

336 2757 410 2780 rum
435 2748 504 2781 dux
527 2747 675 2783 Ioannes
699 2751 876 2796 Grapson.
902 2751 1026 2785 missus
1050 2753 1164 2785 suerat
1186 2752 1360 2785 Romanus
1383 2749 1588 2794 Lacapenus
1611 2746 1792 2794 patricius,

336 2793 391 2827 rei
422 2794 556 2827 navalis
581 2795 807 2841 drungarius,
838 2808 913 2830 cum
936 2803 1011 2831 tota
1035 2797 1167 2840 classe,
1201 2796 1315 2830 iussus
1348 2795 1430 2829 litus
1461 2795 1579 2839 legere
1604 2799 1641 2828 et
1663 2792 1792 2828 auxilio

338 2849 417 2873 esse
442 2839 554 2875 Leoni
578 2845 613 2876 et
641 2852 662 2875 a
686 2842 784 2887 Bega
807 2843 975 2878 adductos
1003 2843 1048 2878 ad
1073 2854 1172 2890 opem
1193 2841 1358 2878 Romanis
1381 2842 1560 2876 ferendam
1586 2839 1793 2876 Patzinacas
