1890 3236
496 179 894 225 HISTORIARUM
927 170 1320 240 COMPENDIUM.
1553 175 1654 224 443

180 293 366 350 fffflfflotc
394 296 464 339 καὶ
497 294 600 338 οἷ’κοι
627 295 759 350 μένειν
779 293 1045 351 προστάττει,
1106 289 1232 346 αὖθις
1261 293 1306 336 δὲ
1335 293 1395 349 μὴ
1424 292 1654 351 ἠρεμοῦντα

179 363 289 423 δρῶν
306 365 402 408 ἀλλ’
424 364 486 408 ἀεὶ
502 368 732 419 μελετῶντα
755 363 958 407 ἀλλόκοτα
984 366 1051 407 καὶ
1071 363 1146 419 τὴν
1167 363 1368 421 προτέραν
1389 363 1652 421 ἀπειληφέναι
1674 368 1703 403 Ρ
1726 367 1795 405 699

181 431 409 479 σπεύδοντα
429 434 614 485 ἐξουσίαν
634 431 851 492 ὑπερόριον
871 433 948 476 ἆνὰ
967 433 1014 476 τὸ
1029 432 1178 476 Στενὸν
1199 434 1376 488 τίθησιν,
1405 431 1660 490 ἄφελόμενοξ

180 504 251 547 καὶ
269 503 323 547 τὰ
343 503 468 546 πλείω
485 507 559 557 τῆς
578 503 720 554 οὐσίας
739 502 887 555 αὗτοῦ,
934 500 990 552 ὥς
1010 503 1068 557 μὴ
1090 501 1412 559 κεχορηγημένην
1433 500 1535 556 ἔχων
1553 499 1657 557 ὕλην

147 571 348 631 spacium
362 581 406 616 ’τι
426 574 577 630 δρᾶσαι
595 576 676 615 τῶν
697 572 945 627 ἀνηκέστων·
981 571 1106 622 αὐτὸς
1128 571 1172 613 δὲ
1199 577 1275 626 τῆς
1302 572 1345 621 ἐξ
1375 570 1502 614 αὐτοῦ
1520 588 1656 626 μονω-

180 630 272 692 θεὶς
290 645 549 697 συμβουλῆς,
587 643 655 684 καὶ
682 642 812 699 φίλων
837 638 1024 695 δεόμενος
1048 642 1117 683 καὶ
1145 644 1348 697 συνεργῶν
1371 641 1412 683 ἓν
1429 646 1520 691 ταῖς
1539 657 1655 698 περι-

181 709 370 763 στάσεσι,
404 707 496 754 τότε
523 711 696 766 γνησίως
725 710 796 753 τὸν
822 707 1039 764 (Ρωμανόν
1059 710 1354 765 προσεδέξατο,
1389 708 1521 769 ἄνδρα
1539 708 1658 761 εἰδώς

182 782 349 839 ἓντρεχῆ
367 781 435 823 καὶ
454 777 703 836 δραστήριον
720 779 854 822 καὶτὰ
875 779 1072 833 πολεμικὰ
1092 776 1353 821 ἱκανώτατον.

321 845 493 906 Βάρδας
511 848 556 891 δὲ
573 845 596 891 ὃ
620 850 772 899 Φωκᾶς
789 845 845 899 ὥς
861 848 934 903 τὴν
953 851 1027 890 τοῦ
1046 850 1233 905 Σκληροῦ
1255 846 1453 890 ἐπάνοδον
1473 863 1657 904 προσαγ-

129 926 175 965 10
184 921 397 976 γελθεῒσαν
425 915 623 970 ἐπύθετο,
656 915 881 974 γράμματά
903 934 944 960 τε
968 918 1158 971 ἐκπέμπει
1179 916 1284 960 αὐτὰ
1305 917 1434 960 ε’κεῖνα
1456 919 1660 972 δηλοῦντα

182 986 236 1030 τὰ
266 986 402 1045 ἐκείνῳ
433 986 536 1044 πρὸς
565 984 740 1044 τρόπον,
793 988 860 1029 καὶ
895 985 1030 1043 ὅρκοις
1060 987 1270 1030 ἕπιστοῦτο
1302 985 1378 1036 τὰς
1409 983 1659 1040 ὗποσχέσεις,

176 1053 246 1100 “ei
262 1047 344 1099 τῶν
369 1051 624 1110 ἠλπισμένων
643 1054 861 1110 τύχωμεν”
892 1057 1031 1112 λέγων,
1060 1053 1143 1098 ασὺ
1169 1056 1243 1110 μὲν
1266 1053 1400 1113 ἄρξεις
1417 1056 1658 1110 Ἀντιοχείας
1681 1065 1712 1100 Β

183 1126 251 1174 καὶ
273 1125 464 1180 Φοινίκης
486 1127 554 1167 καὶ
574 1126 727 1179 Κοίλης
744 1125 898 1182 Συρίας
923 1127 992 1167 καὶ
1008 1126 1288 1179 Παλαιστίνης
1317 1126 1385 1167 καὶ
1407 1127 1662 1168 Μεσοποτα-

182 1195 303 1249 μίας,
338 1193 416 1250 ἐγὼ
443 1194 488 1236 δὲ
512 1193 649 1252 ἄρχων
671 1193 816 1248 ἔσομαι
837 1198 912 1249 τῆς
926 1195 1139 1248 βασιλίδος
1162 1194 1288 1249 αὐτῆς
1305 1195 1372 1236 καὶ
1393 1198 1474 1236 τῶν
1494 1192 1663 1236 ὑπολοί-

129 1269 174 1308 15
185 1276 275 1306 πων
300 1263 478 1306 ἔθνῶν.”
551 1261 768 1318 δεξάμενος
801 1264 844 1306 δὲ
874 1268 1104 1320 περιχαρῶς
1133 1261 1154 1305 ὃ
1177 1262 1363 1320 Σκληρὸς
1389 1263 1485 1313 τοὺς
1505 1261 1664 1318 λόγους,

184 1334 253 1376 καὶ
267 1338 352 1383 τοῖς
373 1330 509 1389 ὅρκοις
527 1331 772 1390 θαρρήσας,
809 1332 966 1376 ἄπεισιν
988 1333 1030 1374 ἓν
1047 1334 1327 1391 Καππαδοκία
1349 1332 1452 1389 πρὸς
1473 1332 1544 1375 τὸν
1565 1334 1666 1375 Φω-

184 1405 262 1445 κᾶν
296 1399 352 1452 ὧς
383 1399 491 1456 τάχα
521 1400 748 1459 πληρώσων
779 1401 854 1457 τὴν
886 1403 1187 1459 κοινοπραγίαν.
1256 1403 1404 1452 ἐκεῖνος
1441 1401 1486 1443 δὲ
1519 1405 1666 1444 τοῦτον

184 1469 392 1527 ἴνδοντῆς
410 1468 587 1527 σαγήνης
603 1470 743 1526 λαβὼν
765 1470 1070 1528 ἀπαμφιέιψυσί
1097 1488 1141 1514 τε
1170 1470 1223 1514 τὰ
1252 1475 1327 1526 τῆς
1349 1471 1559 1524 βασιλείας
1580 1488 1663 1513 πα-

185 1539 355 1598 ράσημα
385 1541 454 1582 καὶ
481 1541 538 1590 εἰς
564 1540 611 1583 τὸ
643 1538 841 1598 φρούριον
869 1540 915 1583 τὸ
950 1540 1183 1597 Τυροποιὸν
1213 1540 1427 1594 ἐκπέμπει,
1473 1540 1662 1598 φρουρὰν

129 1609 262 1654 Ξθοῧκ
279 1608 422 1666 ἀγεννῆ
443 1608 691 1667 περιστήσας
711 1609 836 1669 αὐτῷ’.
878 1609 1007 1659 ἀὐτὸς
1031 1610 1076 1652 δὲ
1096 1610 1220 1666 μέρος
1239 1614 1312 1652 τοῦ
1331 1613 1509 1666 στρατοῦ
1527 1626 1665 1666 παρα-

185 1677 297 1734 σχών
323 1679 554 1738 Καλοκυρῷ
582 1679 782 1737 πατρικίῳ
811 1683 870 1737 τῷ
889 1679 1088 1739 Δελφηνᾷ
1115 1679 1306 1732 ἐκπέμπει
1328 1678 1433 1721 κατὰ
1455 1677 1528 1733 τὴν
1552 1678 1664 1721 ἀντί-

186 1751 380 1807 πορθμον
398 1751 451 1807 τῇ
467 1749 650 1803 βασιλίδι
667 1747 947 1807 Χρυσόπολιν.
1014 1748 1062 1792 τὸ
1086 1749 1131 1792 δὲ
1150 1748 1293 1792 λοιπὸν
1313 1746 1422 1791 ἅπαν
1443 1752 1515 1803 τῆς
1531 1765 1658 1803 στρα-
1682 1753 1714 1788 O

0 1869 17 2079 ἶ
277 1878 302 1914 6
323 1877 552 1923 συγγενῶνΡ
643 1879 668 1915 7
692 1874 816 1924 ἄνδρα
838 1890 879 1914 τε
902 1876 1013 1920 εἰδώς
1033 1878 1192 1924 νουνεχῆ
1217 1878 1248 1914 C
1341 1879 1384 1914 11
1409 1874 1472 1914 ἐπὶ
1493 1877 1608 1914 τοῦτο
1632 1879 1663 1913 C

278 1925 325 1961 22
348 1925 569 1971 στρατηγίας
590 1925 620 1960 Ρ

188 2040 350 2074 moverat
377 2036 542 2085 domique
573 2049 658 2074 snae
694 2050 733 2074 se
764 2038 946 2074 continere
969 2038 1136 2074 iusserat.
1184 2049 1320 2074 rursum
1342 2037 1468 2074 videns
1491 2036 1666 2073 hominem

0 2110 10 2126 -,
189 2096 261 2120 non
283 2084 488 2132 quiescere,
518 2086 581 2120 sed
605 2097 744 2131 semper
768 2086 855 2121 mala
880 2086 1026 2121 consilia
1048 2086 1211 2120 meditari
1233 2096 1276 2119 ac
1299 2086 1343 2119 de
1366 2085 1515 2131 pristina
1538 2091 1667 2130 poten-

2 2132 17 2163 ’ἲ
188 2131 240 2167 tia
262 2142 344 2166 recu
372 2132 696 2177 eranda,cogitare,
724 2132 760 2167 in
785 2134 929 2167 Stenum
953 2132 1140 2177 relegarat,
1165 2131 1337 2176 ademptis
1360 2131 1464 2166 etiam
1489 2130 1670 2176 plerisque

11 2187 15 2189 ·
189 2177 351 2213 facultati
378 2189 441 2212 us:
464 2189 542 2213 nam
565 2180 759 2224 sumptibus
784 2178 1091 2224 suppeditantibus
1117 2189 1226 2223 grave
1250 2177 1391 2223 aliquod
1412 2177 1527 2212 moliri
1551 2181 1674 2222 posset

189 2223 375 2269 flagitium.
423 2224 572 2270 proinde
606 2225 708 2259 huius
743 2225 900 2260 consiliis
930 2225 1142 2269 destitutus,
1188 2223 1380 2268 amicisque
1415 2235 1503 2270 opus
1538 2223 1670 2258 habens

191 2281 339 2316 qnorum
362 2269 447 2304 fidei
468 2270 684 2315 temporibus
707 2271 822 2309 dubiis
846 2283 885 2305 se
909 2271 1081 2315 crederet,
1105 2279 1191 2305 vere
1214 2276 1298 2305 tunc
1320 2271 1513 2304 Romanum
1537 2269 1671 2316 ample-

0 2336 17 2348 «
191 2327 258 2351 xus
282 2321 348 2360 est,
374 2315 488 2351 virum
511 2317 628 2351 sciens
651 2328 730 2352 esse
754 2323 931 2352 versutum
956 2328 998 2351 ac
1021 2322 1200 2352 strenuum
1224 2322 1261 2351 et
1283 2316 1410 2352 bellica
1426 2328 1468 2351 re
1484 2322 1672 2363 praestan·

187 2362 373 2399 tissimum.

284 2408 420 2444 Bai-das
452 2419 539 2443 vero
560 2408 697 2444 Phocas
726 2408 786 2443 ubi
819 2409 863 2443 de
895 2409 1012 2444 reditu
1034 2409 1124 2443 Duri
1148 2408 1331 2454 cognovit,
1363 2408 1485 2444 literas
1518 2408 1563 2444 ad
1592 2419 1672 2444 eum

193 2454 313 2498 mittit,
347 2453 415 2490 hoc
437 2453 551 2500 ipsum
575 2455 668 2499 quod
690 2454 833 2490 volebat
853 2456 971 2490 Durus
996 2455 1206 2501 interposito
1232 2456 1336 2490 etiam
1360 2455 1587 2491 iureiurando
1616 2454 1675 2490 of-

0 2498 10 2525 ἓ
193 2504 364 2537 ferentes.
410 2501 640 2547 promittebat
668 2508 781 2535 autem
795 2528 804 2546 ‚
842 2514 882 2536 re
905 2514 949 2536 ex
971 2501 1076 2535 animi
1101 2503 1277 2537 sententia
1299 2503 1479 2547 confecta,
1511 2513 1551 2536 se
1573 2501 1671 2536 Duro

195 2547 414 2584 Antiocheae
445 2546 659 2582 Phoeniciae
695 2548 924 2594 Coelesyriae
948 2547 1170 2583 Palaestinae
1196 2554 1232 2583 et
1254 2548 1533 2595 Mesopotamiae
1558 2547 1671 2593 impe-

195 2595 285 2631 rium
310 2604 507 2638 cessurum,
544 2594 614 2628 sibi
638 2594 742 2640 Cpoli
774 2600 810 2629 et
842 2594 989 2641 reliquis
1014 2595 1177 2639 gentibus
1201 2594 1366 2630 servatis.
1411 2595 1526 2630 laetus
1550 2595 1671 2629 admo-

197 2642 277 2676 dum
301 2640 364 2675 has
388 2639 612 2675 condiciones
636 2640 774 2686 accepit
801 2641 938 2684 Durus;
969 2641 1266 2686 iureiurandoque
1287 2642 1390 2676 fidem
1415 2641 1608 2686 adhibens,
1634 2640 1671 2675 in

199 2686 461 2734 Cappadociam
484 2687 530 2721 ad
553 2687 705 2722 Phocam
730 2687 837 2732 abiit,
870 2693 910 2722 ut
939 2688 1034 2732 quod
1063 2688 1108 2722 de
1131 2687 1302 2722 societate
1325 2687 1562 2734 componenda
1583 2686 1669 2721 reli-

196 2745 300 2780 quum
325 2739 403 2768 erat
426 2733 626 2780 perficeret.
674 2733 706 2767 is
737 2745 812 2768 cum
838 2746 915 2768 eum
939 2734 975 2768 in
999 2744 1135 2769 uassam
1157 2733 1344 2780 illexisset,
1379 2734 1575 2780 insignibus
1602 2733 1668 2767 im-

197 2780 288 2836 perii
320 2786 459 2815 exutum
491 2780 529 2814 in
563 2779 739 2815 castellum
765 2780 994 2826 Tyropaenm
1025 2780 1151 2825 mittit,
1184 2781 1303 2816 valida
1331 2787 1467 2827 septum
1493 2779 1667 2815 custodia.

196 2827 279 2862 inde
303 2832 436 2872 partem
464 2826 640 2861 exercitus
665 2826 839 2870 Calocyro
863 2827 1059 2873 Delphinae
1082 2827 1232 2873 patricio
1254 2827 1383 2872 tradit,
1406 2831 1459 2862 'et
1481 2827 1525 2861 ad
1549 2826 1667 2870 Chry-

197 2873 353 2921 sopolin,
390 2884 483 2920 quae
506 2874 551 2909 ab
573 2872 683 2909 altera
705 2873 792 2908 freti
814 2879 917 2921 parte
941 2879 1066 2910 contra
1087 2873 1214 2921 Cpolin
1240 2873 1310 2911 sita
1335 2877 1409 2921 est,
1435 2873 1562 2909 mittin
1591 2873 1670 2919 ipse
