1916 3210
333 169 432 216 588
805 167 1043 214 GEORGII
1073 168 1314 215 GEDRENI

331 284 398 326 καὶ
430 280 508 325 ἀπὸ
539 283 618 326 τῶν
644 277 911 333 Πατζινάκων
930 278 1121 335 χιλιάδας
1145 279 1205 325 ιε’.
1271 284 1344 326 καὶ
1363 282 1779 344 ἦγεμόναςτέσσαρας

330 351 411 393 ἀπὸ
448 352 529 392 τῶν
567 348 609 390 ἐν
644 347 1063 393 Κωνσταντινουπόλει
1089 349 1355 403 Πατζινάκων
1386 353 1779 411 αὐτοῖς-ἐπιστήσας,

331 419 402 462 τὸν
442 417 689 468 Σουλτζοῦν,
732 415 803 460 τὸν
838 417 981 470 Σελτέ,
1023 417 1094 461 τὸν
1123 420 1329 477 Καραμᾶν
1356 423 1425 464 καὶ
1452 422 1524 467 τὸν
1553 423 1776 479 Καταλείμ,

331 483 478 541 δώροις
508 501 552 526 τε
584 482 950 540 φιλοτιμησάμενος
978 486 1040 529 οὗ-
1057 493 1243 543 μικροῖς,
1288 490 1356 531 καὶ
1387 488 1551 547 ἅρματα
1576 488 1779 542 »κάλλιστα

332 553 429 603 δοὺς
454 553 523 595 καὶ
546 553 695 603 ἵππους
722 554 971 610 διαπρεπεῖς,
1003 561 1166 612 περαιοῖ
1180 557 1223 599 ἐν
1244 556 1551 612 Χρυσουπόλει,
1584 558 1681 610 δοὺς
1699 560 1810 609 αὖε-,5

330 628 413 672 τοῖς
434 618 582 676 ὁδηγὸν
601 620 672 664 τὸν
693 619 845 673 ἀπάξαι
863 623 1062 677 μέλλοντα
1084 621 1252 675 τούτους
1279 626 1334 676 εἷς
1355 625 1534 684 Ἰβηρίαν
1559 627 1780 675 Kmvawu-
1807 664 1810 667 -

192 695 222 731 Ρ
245 696 312 732 779
334 691 440 734 τῒνον
458 689 530 732 τὸν
545 689 773 747 πατρίκιον,
807 684 842 749 ᾧ
858 688 1157 748 Ἀδροβάλανος
1176 691 1223 735 τὸ
1242 691 1464 749 ἐπώνυμον.
1530 696 1781 753 πε.ροιιεοθέἰὴήςἸ

330 775 395 808 τες
425 757 470 800 δὲ
498 752 609 801 οὗτοι
635 759 704 801 καὶ
733 758 830 810 τοὺς
852 759 1002 810 ἵππους
1028 758 1248 814 ἀναβάντες
1271 762 1339 804 καὶ
1366 767 1439 818 τῆς
1458 762 1561 820 πρὸς
1580 763 1781 820 ἀνατολὴν

332 823 535 885 φερούσης
570 824 774 881 ἁψάμενοι
799 828 867 871 καὶ
894 826 1161 885 προελθόντες
1189 828 1284 886 ἄχρι
1310 832 1454 884 μιλίων
1477 835 1597 877 τινῶν
1616 833 1695 876 -καὶ
1719 835 1794 891 ’τῷ

332 894 531 954 λεγομένῳ
569 894 798 953 Δαματρύΐ
828 897 1154 954 προσεγγίσαντες
1189 897 1356 952 ἐπέσχον
1382 899 1456 955 τὴν
1482 900 1668 958 πορείαν,
1708 902 1835 944 καὶω
1903 956 1911 963 N

331 961 495 1014 στάντες
520 963 584 1005 ἐπὶ
610 969 683 1019 τῆς
708 962 806 1007 ὁδοῦ
832 964 1066 1020 συμβουλὴν
1095 966 1379 1023 προετίθεσαν,
1412 967 1502 1022 ἣτις
1520 967 1782 1027 unffi-affima-

332 1032 522 1086 κομέντον
546 1030 798 1086 ὠνόμασται.
858 1035 938 1076 τισὶ
963 1033 1036 1088 μὲν
1063 1028 1133 1077 οὖν
1156 1032 1284 1077 ἐδόκει
1303 1035 1497 1093 πορευτέα
1518 1035 1619 1080 εἶναι
1637 1037 1781 1093 καὶμὴ

331 1100 570 1154 ἀντιβαίνειν
597 1101 662 1143 ἐπὶ
687 1105 759 1156 τῆς
780 1099 922 1158 χώρας
946 1105 1020 1144 τοῦ
1042 1102 1240 1156 βασιλέως
1259 1109 1344 1154 τοῖς
1360 1107 1590 1158 βασιλικοῖς·
1599 1103 1782 1163 προστά-

330 1185 475 1224 γμασι,
511 1173 583 1211 τοῦ
610 1186 652 1212 τε
681 1173 824 1212 λοιποῦ
854 1169 999 1220 ἔθνους
1026 1170 1331 1228 κεχωρισμένοις
1349 1173 1416 1214 καὶ
1435 1171 1538 1228 μήτε
1556 1174 1660 1216 aaa?
1683 1171 1781 1218 ἔαυ-

329 1236 426 1287 τούς
450 1236 671 1292 ὑποστῆναι
697 1238 932 1293 δυναμένοις
953 1238 1026 1293 τὴν
1041 1236 1266 1294 Ῥωμαϊκὴν
1286 1237 1458 1295 δύναμιν
1477 1238 1580 1297 μήτε
1599 1239 1835 1300 ὅρμητῆ-ὶό

331 1322 417 1362 ριον
445 1304 578 1360 ἔχουσι
607 1304 709 1362 πρὸς
736 1306 788 1354 τὰ
818 1310 892 1362 τῆς
920 1304 1044 1362 τύχης
1073 1305 1302 1362 ἀβούλητα·
1335 1307 1473 1359 ἄλλοις
1494 1306 1781 1364 πάλινέδόκει,

277 1381 308 1415 Β
331 1379 599 1428 κατασχοῦσιν
627 1372 701 1430 ὅρη
731 1374 822 1418 τινὰ
850 1378 924 1430 τῆς
952 1376 1177 1428 Βιθυνίας,
1211 1375 1253 1418 ἐν
1278 1373 1435 1427 τούτοις
1453 1377 1696 1434 παραμένειν
1713 1381 1783 1422 καὶ

327 1443 423 1492 τοὺς
443 1440 627 1493 ἐπιόντας
649 1441 912 1497 ἀμύνασθαι,
946 1443 1131 1486 ἀνελθεῖν
1151 1443 1197 1486 δὲ
1216 1445 1418 1499 μηδαμῶς
1435 1447 1492 1495 εἷς
1507 1445 1707 1504 Ἰβηρίαν,
1740 1448 1783 1498 ἐς

325 1509 466 1567 χώραν
485 1510 647 1568 μακρὰν
666 1512 733 1553 καὶ
757 1509 994 1564 ἀλλόκοτον,
1027 1511 1131 1554 ἔνθα
1147 1511 1361 1567 μέλλουσιν
1382 1513 1480 1564 ἕξειν
1498 1516 1713 1569 πολεμίους
1733 1515 1781 1558 οὗ

328 1577 453 1633 μόνον
478 1579 574 1630 τοὺς
600 1578 774 1636 ἐχθροὺς
796 1577 1005 1634 Ῥωμαίων
1034 1579 1140 1622 ἀλλὰ
1168 1580 1236 1622 καὶ
1264 1579 1413 1631 αὖτοὺς
1433 1581 1529 1632 τοὺς
1545 1580 1837 1637 Ῥωμαίους.20

329 1646 352 1689 ὃ
383 1647 596 1702 Καταλεὶμ,
625 1647 669 1690 δὲ
694 1645 817 1703 μόνος
846 1645 1008 1704 γνώμην
1035 1648 1168 1691 ἐδίδου
1197 1645 1453 1706 ὑποστρέψαι
1482 1651 1550 1692 καὶ
1578 1649 1782 1706 ἕνωθῆναι

328 1722 414 1766 τοῖς
438 1715 675 1772 συγγενέσιν.
742 1714 919 1766 εἰπόντος
945 1716 992 1759 δέ
1014 1733 1120 1767 τινος
1146 1713 1245 1758 ι(καὶ
1273 1720 1360 1767 πῶς
1388 1716 1440 1760 ἂν
1469 1715 1600 1762 ἔσεται
1628 1719 1780 1776 περατὴ

329 1782 357 1839 ἦ
388 1782 646 1840 &diaeum-'²
681 1784 807 1840 μηδὲν
833 1784 953 1828 πλέον
979 1783 1100 1828 εἲπὼν
1126 1784 1299 1828 ἕπεσθαί
1320 1785 1360 1828 οἱ
1384 1783 1547 1830 κελεύει.
1612 1786 1684 1830 τὸν
1706 1788 1781 1843 μὲν

420 1881 444 1915 6
466 1876 504 1919 ἐς
526 1879 557 1914 C
736 1880 759 1916 7
781 1878 849 1915 τὸν
871 1882 1065 1925 πατρίκιοι)
1082 1882 1353 1917 κωνστοιντῖνον
1372 1879 1442 1916 τὸν
1463 1879 1728 1928 ἆδραβάλανον
1750 1882 1782 1916 C

418 1926 442 1959 9
466 1925 596 1967 μιλίων
617 1925 750 1970 τινῶν]
774 1927 984 1971 Μελιτηνῆς
1007 1927 1037 1960 P
1193 1929 1237 1963 10
1261 1926 1450 1972 δαμάτρυϊ
1471 1927 1503 1963 G
1661 1929 1705 1964 18
1728 1927 1781 1968 εἰς

416 1968 575 2015 Ἰβηρίαν
597 1982 652 2006 om
673 1972 703 2006 C
838 1973 884 2008 23
907 1971 1023 2007 εἰπὼν
1044 1983 1099 2007 om
1121 1972 1153 2008 C

328 2048 523 2094 quindecim
546 2049 640 2084 milia
661 2049 922 2085 Patzinacarum
946 2053 1075 2093 armat3
1107 2050 1221 2096 iisque
1242 2051 1348 2086 duces
1370 2054 1534 2096 quattuor
1555 2051 1599 2086 de
1619 2050 1781 2086 Patzina-

330 2096 381 2129 cis
404 2095 567 2139 Byzantii
590 2096 795 2140 degentibus
818 2096 1000 2141 praeficit,
1025 2096 1237 2132 Sultzumum
1260 2097 1403 2132 Seltzen
1424 2098 1595 2132 Caraman
1615 2102 1652 2132 et
1673 2097 1782 2132 cata-

329 2141 484 2186 leimum‚
507 2141 722 2186 donatosque
742 2142 835 2177 haud
857 2142 1048 2187 vulgariter
1067 2147 1103 2177 et
1122 2142 1227 2177 armis
1248 2142 1485 2188 pulcherrimis
1503 2147 1644 2178 ornatos
1663 2143 1783 2186 Chry-

330 2186 466 2231 sopolin
497 2186 720 2232 transmittit,
759 2188 878 2223 addito
905 2188 966 2232 qui
989 2199 1049 2223 eos
1072 2188 1109 2222 in
1130 2188 1279 2223 Iberiam
1304 2189 1445 2224 duceret
1465 2188 1696 2224 Constantino
1718 2200 1783 2235 pa-

328 2232 432 2267 tricio
466 2231 699 2268 Adrobalano.
744 2234 831 2268 mari
861 2235 1008 2269 traiecto
1039 2234 1249 2268 Patzinacae
1271 2246 1347 2269 cum
1371 2246 1478 2279 equos
1503 2235 1786 2272 conscendissent

329 2284 367 2312 et
395 2278 464 2312 iter
494 2279 530 2313 in
561 2279 740 2313 Orientem
763 2280 913 2324 ingressi
936 2291 1046 2326 usque
1071 2280 1115 2315 ad
1138 2279 1335 2315 Melitenam
1358 2279 1620 2334 pervenissent,
1654 2280 1714 2316 ubi
1739 2280 1784 2314 ad

327 2324 520 2369 Damatryn
542 2325 889 2371 appropinquavere,
920 2325 1114 2361 subsistunt
1136 2330 1172 2360 et
1193 2326 1475 2361 deliber-amonem
1497 2325 1593 2372 (ipsi
1612 2337 1785 2361 commen-

329 2375 401 2403 tum
425 2372 575 2414 vocant)
610 2370 808 2406 instituunt.
857 2376 958 2406 erant
988 2371 1048 2417 qui
1078 2372 1334 2416 procedendum
1363 2375 1527 2417 putarent
1549 2383 1663 2417 neque
1686 2383 1784 2406 man·-

329 2415 420 2449 datis
452 2415 673 2462 imperatoris
700 2417 736 2452 in
769 2416 879 2463 ipsius
902 2416 1039 2452 dicione
1061 2418 1341 2463 repugnandum,
1375 2428 1451 2451 cum
1474 2422 1510 2452 et
1532 2417 1645 2452 avulsi
1666 2428 1688 2451 a
1710 2417 1783 2451 suis

330 2465 467 2506 essent,
505 2472 618 2507 neque
646 2461 712 2496 soli
742 2463 973 2498 Romanorum
1003 2469 1147 2508 possent
1169 2463 1336 2498 resistere
1357 2462 1511 2507 viribus,
1542 2474 1655 2508 neque
1674 2462 1783 2497 habe-

330 2511 411 2541 rent
434 2518 547 2542 arcem
571 2508 607 2542 in
630 2519 731 2553 quam
755 2521 816 2554 se,
839 2509 872 2543 si
894 2509 978 2553 quid
1000 2514 1140 2554 praeter
1160 2508 1356 2544 institutum
1376 2509 1470 2543 forte
1492 2508 1670 2553 eveniret,
1691 2507 1783 2543 reci-

331 2557 469 2596 perent.
516 2553 594 2588 aliis
625 2554 812 2589 videbatur
840 2555 1060 2600 occupandos
1093 2566 1172 2590 esse
1200 2555 1336 2599 aliquos
1365 2554 1555 2598 Bithyniae
1583 2560 1717 2589 montes
1747 2554 1784 2588 in

331 2598 447 2642 iisque
476 2600 699 2643 manendum,
735 2605 771 2636 et
794 2600 826 2635 si
848 2600 927 2644 quis
950 2599 1163 2645 adoriretur,
1197 2600 1466 2635 defendendum:
1502 2611 1571 2634 non
1591 2605 1706 2634 autem
1728 2599 1784 2634 in-

332 2644 490 2678 trandum
524 2644 562 2678 in
591 2645 758 2690 Iberiam‚
793 2647 972 2691 regionem
993 2647 1159 2682 remotam
1182 2651 1288 2691 atque
1309 2645 1474 2690 alienam,
1508 2650 1613 2690 atque
1634 2646 1695 2680 ubi
1716 2657 1784 2679 non

331 2688 450 2723 hostes
474 2690 573 2724 modo
597 2691 848 2736 Romanorum,
880 2691 942 2726 sed
965 2690 1062 2736 ipsos
1085 2691 1189 2726 etiam
1210 2693 1383 2727 Romanos
1405 2690 1524 2726 hostes
1547 2695 1665 2726 essent
1685 2690 1785 2734 habi-

332 2735 416 2768 turi.
463 2735 556 2769 solus
585 2736 774 2771 Catalimus
809 2737 922 2773 suasit
951 2738 1193 2772 revertendum
1224 2749 1302 2772 esse
1330 2741 1367 2772 et
1395 2747 1435 2771 se
1463 2747 1539 2771 cum
1560 2735 1784 2783 popularibus

332 2781 620 2824 coniungendum.
669 2787 704 2817 et
738 2783 886 2827 quodam
918 2788 1144 2828 percontante
1176 2794 1322 2827 quanam
1354 2781 1494 2817 ratione
1521 2794 1615 2818 mare
1642 2781 1784 2816 transiri

333 2831 471 2872 posset,
495 2826 582 2862 nihil
605 2825 698 2864 aliud
720 2827 810 2864 dixit
832 2839 935 2876 quam
957 2829 1051 2875 quod
1072 2840 1113 2865 se
1137 2828 1240 2866 iussit
1262 2827 1377 2875 sequi.
1424 2839 1508 2875 ergo
1527 2826 1784 2865 Adrobalanum
