1916 3210
329 172 429 220 896
932 168 1180 215 FABROTI

327 285 429 323 λιον.
485 279 642 319 Iulianus
660 277 912 330 praefectum
926 277 1211 330 Augustalem.
1271 278 1446 330 Synesius
1466 281 1572 332 epist.
1592 283 1672 330 29,
1698 281 1780 323 105

328 334 740 377 fin.1sid0r.Pe1us.3
768 335 834 378 50.
891 334 1087 387 Nicephor.
1106 335 1243 375 Callist.
1267 337 1320 377 10
1351 335 1419 377 11.
1475 336 1584 376 Phot.
1599 337 1777 377 Biblioth.

327 409 363 446 p.
393 391 474 433 259
509 391 567 430 ed.
598 390 805 430 Graecolat.
833 391 1100 460 Theophylact.
1130 393 1266 431 Simoc.
1296 391 1422 433 histor.
1453 391 1607 432 Mam-ic.
1641 395 1669 437 8
1711 396 1778 436 13.

327 451 454 488 Ioann.
486 446 626 485 Mosch.
655 446 749 485 Lim.
782 460 814 487 c.
846 450 947 490 207:
988 443 1070 488 ἄπο
1099 450 1171 500 τῆς
1196 443 1345 497 ταξεως
1375 449 1450 488 τοῦ
1467 443 1781 518 Αὐγουσταλίον.

328 503 575 554 Theophanes
596 501 720 541 homil.
741 501 812 544 46:
856 500 953 553 δούξ
982 499 1190 559 Λίγύᾳττου
1221 507 1500 558 χειροτονεῖται
1528 503 1598 546 καὶ
1622 499 1781 560 Avyov·

328 557 498 606 στάλιος.

442 610 700 665 αὐθέντης
728 614 910 652 dominus.
981 614 1093 653 utitur
1123 615 1279 655 Ioannes
1313 614 1591 656 Cantacnzenus
1621 629 1659 668 p.
1684 615 1782 658 756.
1798 654 1801 657 .

326 671 483 738 Papias.
512 669 716 707 authentes
733 669 934 717 dominus,
961 677 1114 708 auctor.
1159 671 1243 710 hinc
1261 665 1489 712 αὐθεντεία.
1532 671 1695 712 Thomas
1714 671 1780 711 Με

328 722 522 767 αὐθεντία
550 723 593 766 δὲ
620 721 720 794 παρ’
743 721 880 767 οὐδενὶ
906 729 988 767 τῶν
1016 727 1192 778 δοκίμων
1219 723 1400 780 ρητόρων
1430 742 1592 780 evomat
1619 726 1685 770 ἐπὶ
1709 729 1784 768 τοῦ

327 785 400 834 τῆς
426 779 698 830 δεσποτείας’
673 778 880 834 ονόματος.
937 784 1091 823 Ioannes
1109 783 1282 823 Moschus
1310 783 1455 823 Limon.
1483 797 1514 824 c.
1529 785 1607 828 79.
1637 782 1784 825 δέδωκε

329 837 373 879 δὲ
393 836 436 879 τὰ
453 838 627 879 κλειδίον
646 840 720 879 τοῦ
740 835 936 907 ἄρμαρίου
955 842 1013 895 τῷ
1032 835 1224 909 αὐθέντῃ.
1279 838 1429 880 Alexius
1453 840 1676 880 Rharturus:
1712 839 1784 881 καὶ

328 893 359 947 ⁹2⁰
378 891 591 936 αὐθεντεία
611 906 694 942 σας.
751 900 789 935 et
817 881 1029 936 αὐθεντεῖν
1055 901 1093 936 et
1118 892 1378 943 αὐθεντικως.
1435 895 1667 947 Hesychius.
1707 892 1783 938 av'-

329 955 488 992 θεντεῖν
510 946 766 1000 ἐξουσιαζειν.
822 952 987 990 eodinus
1014 954 1052 990 in
1082 953 1268 1005 παρεκβ.;
1298 948 1546 1001 αὐθεντικαῖς
1565 950 1783 1006 εἰσερχομέ-

331 1023 430 1056 νους
449 1007 492 1048 ἐν
509 1023 563 1062 τῳ
586 1003 743 1077 μεγάλω
765 1008 941 1063 παλατίςο
965 1023 1061 1056 τους
1079 1009 1292 1058 Λατίνους.
1333 1008 1458 1060 cyrill.
1475 1009 1682 1060 patriarcha
1700 1009 1782 1047 GP:

331 1060 445 1116 κύριε
463 1061 592 1117 ἤγουν
612 1048 804 1115 αὐθεντη.
857 1069 896 1103 et
917 1065 1016 1116 apud
1040 1064 1189 1106 Laonic.
1214 1065 1414 1104 Chalcond.
1440 1064 1560 1117 μέγας
1583 1061 1782 1116 αὐθέντης

331 1120 370 1157 le
386 1119 526 1171 grand
540 1121 734 1171 seigneur.
767 1121 816 1159 de
837 1121 975 1172 Sophia
995 1120 1163 1170 Augusta
1181 1120 1425 1160 Anastasius
1416 1133 1453 1158 ιιι
1470 1120 1598 1160 histor.
1619 1121 1781 1161 Eccles.·

330 1178 532 1215 accersitis
567 1175 719 1226 Sophia
742 1175 846 1228 Aug
824 1183 937 1214 ousta
962 1179 1229 1227 pecuniarum
1257 1175 1522 1216 venditoribus
1554 1183 1591 1214 et
1617 1178 1783 1215 notariis

329 1234 446 1270 iussit
463 1232 609 1283 deferri
628 1234 829 1270 cautiones
849 1232 1067 1270 debitorum
1086 1239 1122 1270 et
1140 1232 1287 1272 breves.
1331 1231 1476 1285 quibus
1500 1232 1611 1271 lectis
1630 1235 1784 1286 accepit

330 1288 481 1336 breves,
511 1295 548 1326 et
566 1288 757 1339 praebuit
781 1302 842 1327 eos·
860 1288 1098 1327 debitoribus
1124 1296 1161 1327 et
1176 1289 1350 1328 reddidit
1364 1289 1534 1328 dominis
1547 1291 1644 1329 suis.
1705 1291 1782 1331 Ce-

328 1347 465 1384 drenus
490 1340 717 1393 αὐθένταις.

440 1402 535 1453 βα
514 1417 526 1441 ι
539 1416 564 1441 α
592 1402 690 1440 dona
716 1401 763 1440 ab
790 1401 1009 1452 imperatore
1035 1405 1098 1440 aut
1123 1401 1328 1454 patriarcha
1352 1392 1549 1452 quotannis
1569 1401 1650 1440 dari
1674 1401 1783 1442 solita

326 1461 414 1496 ante
434 1459 533 1497 diem
560 1457 779 1509 palmarum,
822 1458 921 1497 unde
950 1459 1003 1497 eis
1031 1471 1182 1497 nomen.
1219 1462 1277 1497 est
1309 1459 1406 1497 enim
1438 1453 1535 1510 βοίϊς
1565 1470 1632 1496 seu
1663 1458 1783 1510 βαΐον

327 1527 448 1552 ramus
467 1513 680 1565 palmarum.
736 1513 882 1551 Ioannis
902 1527 934 1552 c.
959 1517 1023 1555 12.
1079 1514 1303 1566 Porphyrius
1327 1514 1374 1553 de
1393 1514 1527 1556 abstin.
1546 1514 1594 1552 ab
1613 1515 1725 1553 anim.
1745 1527 1781 1554 v.

326 1570 524 1621 Epiphanii
544 1570 727 1608 homiliam
751 1569 808 1617 εἰς
827 1566 875 1608 τοὶ
896 1570 1004 1621 βαΐα.
1060 1570 1266 1609 Dorotheus
1284 1571 1400 1608 doctr.
1418 1569 1494 1613 15:
1524 1566 1620 1622 μετα
1639 1570 1782 1622 βαΐων,

329 1639 421 1662 cum
445 1625 612 1676 palmis.
672 1625 756 1664 hinc
778 1625 979 1664 hebdomas
1005 1622 1236 1677 βαϊοφόρος.
1295 1626 1479 1676 Georgius
1503 1624 1714 1676 Logothcta
1742 1628 1782 1666 in

329 1683 529 1720 Chronico:
560 1680 723 1721 ἔσπευσε
752 1682 987 1732 καταλαβεῖν
1015 1678 1059 1721 τὸ
1089 1686 1292 1733 νυμφαῖον
1321 1696 1398 1731 προ
1430 1683 1504 1734 τῆς
1536 1679 1780 1752 βαϊοφόρου.

330 1750 426 1788 quae
445 1741 484 1777 et
495 1735 533 1806 ἦ
555 1739 636 1777 τῶν
656 1737 796 1790 βαΐων.
851 1737 1119 1789 Metaphrastes
1142 1739 1248 1789 Sept.
1278 1738 1316 1776 in
1339 1738 1514 1787 Cyriaeo:
1553 1752 1627 1785 εως
1651 1736 1682 1790 ἦ
1701 1741 1782 1780 τῶν

330 1795 460 1847 βαΐων
480 1789 678 1844 αφίκοιτο.
733 1793 822 1832 haec
843 1797 963 1832 autem
983 1794 1145 1843 erogatio
1167 1807 1241 1832 non
1265 1793 1377 1833 semel
1395 1794 1520 1833 fiebat.
1577 1793 1783 1846 Theopha-

330 1862 397 1889 nes
416 1851 453 1888 in
476 1850 689 1916 Apsimaro:
726 1847 795 1889 καὶ
823 1846 991 1900 ἐπατησε
1016 1846 1084 1889 τὸν
1112 1847 1309 1902 τραχηλον
1339 1846 1473 1890 αὐτων
1492 1847 1603 1904 ἷίχρις
1629 1847 1783 1892 απολύ-

332 1918 433 1954 σεως
451 1908 525 1946 τοῦ
542 1901 703 1959 πρώτου
723 1905 856 1957 βαΐου.
910 1918 1006 1956 quae
1030 1906 1185 1945 totidem
1206 1907 1284 1946 fere
1303 1906 1422 1945 verbis
1442 1906 1642 1947 cedrenus.
1697 1907 1783 1948 vide

330 1966 456 2002 tamen
479 1965 586 2000 notas
602 1962 824 2013 posteriores
843 1961 892 2000 ad
911 1975 948 2014 p.
969 1958 1051 2003 446
1074 1962 1113 2002 b.

444 2018 691 2070 βαῖουλος
726 2017 879 2057 baiulus.
946 2017 1140 2069 Sophoclis
1169 2017 1376 2057 scholiastes
1409 2018 1447 2056 in
1480 2016 1593 2058 Aiace
1626 2018 1780 2057 lotario:

327 2071 581 2128 παιδαγωγος
599 2073 668 2114 καὶ
687 2074 967 2143 παιδοτρίβης,
999 2072 1023 2114 ὁ”
1044 2070 1254 2127 λεγόμενος
1273 2075 1472 2126 βαΐουλος.
1523 2074 1694 2113 Balsamo
1721 2076 1782 2113 iu-

328 2131 378 2169 ris
411 2131 494 2168 GR.
526 2144 564 2182 p.
592 2130 696 2171 472:
761 2127 854 2178 τούς
893 2130 1150 2200 παιδοτρίβας
1191 2127 1405 2199 βαϊούλους
1448 2126 1780 2196 κατονομαζομεν.

329 2186 594 2257 Theophanes:
640 2183 848 2235 Θεοδόσιος
875 2184 896 2227 ὁ
922 2184 1105 2238 βασιλεύς
1129 2183 1328 2239 Ἀντίοχον
1348 2183 1413 2228 τὸν
1431 2183 1692 2239 πραιπόσιτον
1712 2185 1782 2227 καὶ

330 2243 540 2296 πατρίκιον
571 2241 639 2283 καὶ
671 2238 837 2297 βαγιλον
872 2239 999 2283 αὐτοῦ
1031 2242 1192 2294 ἐποίησε
1223 2246 1375 2284 παπᾶν.
1431 2245 1483 2283 sic
1511 2257 1580 2282 ms.
1594 2243 1661 2282 R.
1697 2243 1782 2293 lege

331 2299 534 2352 βαΐουλον.
603 2304 730 2338 auctor
756 2313 958 2350 anonymus
990 2300 1028 2337 in
1055 2299 1185 2339 Annal.
1213 2299 1245 2338 F
1247 2313 1363 2342 ranc
1398 2313 1467 2337 rex
1498 2298 1663 2337 Carolus
1689 2312 1781 2336 cum

318 2355 427 2404 filiis·
450 2362 486 2391 et
507 2357 675 2393 exercitu
687 2356 859 2407 pacfice
881 2356 924 2392 Γ
915 2369 1095 2392 ranetam
1117 2357 1292 2406 repetiit,
1322 2355 1541 2407 filiumque
1557 2368 1675 2393 suum
1688 2355 1781 2393 Lu*

330 2412 514 2449 dovicum
530 2425 661 2463 regem
680 2420 938 2464 regnaturum
956 2413 1000 2448 in
1017 2412 1286 2462 Aquitaniam
1306 2413 1430 2458 misit,
1451 2425 1697 2463 praeponens
1716 2411 1783 2448 illi

333 2467 515 2505 baiulum
532 2468 779 2515 Arnoldum,
821 2468 999 2520 aliosque
1027 2470 1224 2506 ministros·
1241 2468 1510 2506 ordinabiliter
1531 2469 1781 2519 decenterque

333 2526 571 2562 constituens
586 2525 731 2562 tutelae
744 2525 897 2576 puerili
916 2539 1121 2576 congruos.
1181 2525 1346 2564 Historia
1362 2525 1525 2565 Miscella
1540 2525 1564 2563 l.
1583 2526 1660 2566 23:
1679 2537 1781 2575 quae

316 2580 624 2631 comprehensos·
654 2596 785 2620 omnes·
813 2583 1057 2632 imperatori-s·
1087 2581 1264 2619 homines
1292 2581 1432 2618 cecidit
1466 2589 1585 2633 atque
1614 2579 1782 2618 totondit

334 2650 417 2673 uua
448 2651 538 2674 cum
568 2638 718 2676 Ioanne
745 2638 1065 2690 protospathario
1099 2645 1137 2674 et
1167 2637 1300 2675 baiulo
1336 2638 1475 2688 ipsius.
1534 2637 1779 2686 Fredegarius

335 2693 566 2731 scholasticus
600 2695 637 2733 in
661 2696 862 2734 Chronico:
922 2694 1011 2732 Otto
1040 2695 1205 2746 quidam
1222 2694 1343 2743 filius
1367 2694 1536 2731 Beronis
1562 2693 1779 2738 domestici,

336 2749 407 2798 qui
427 2748 586 2787 baiulus·
609 2750 798 2801 sigiberti
816 2750 868 2788 ab
890 2751 1150 2789 adolescentia
1166 2750 1322 2802 suerat.
1382 2751 1570 2788 Aimoinus
1600 2750 1648 2789 de
1671 2749 1779 2789 Gest.

334 2804 399 2844 Fr.
419 2803 446 2845 4
470 2807 544 2847 38:
575 2805 734 2845 baiulus
751 2822 787 2846 r.
813 2807 1015 2860 Sigeberti.
1051 2807 1193 2847 baiulus
1212 2812 1268 2846 est
1283 2808 1535 2860 paedagogus,
1551 2808 1780 2859 praeceptor,
