1872 3224
272 225 304 271 6
742 224 979 269 GEORGII
1011 224 1252 270 GEDRENI

273 340 329 389 εἷς
349 334 510 388 τόπους.
575 334 707 392 γέγονε
737 337 782 379 δὲ
811 338 878 379 καὶ
908 336 1070 391 σεισμὸς
1091 339 1146 388 εἷς
1166 336 1240 388 τὰς
1258 338 1447 390 Κασπίας
1465 335 1616 390 πύλας·
1648 341 1717 384 καὶ

272 406 452 463 ἀνῃρέθη
480 404 635 447 Οὖαλὶδ
655 403 732 447 ὕπὸ
754 409 833 447 τῶν
849 404 1045 459 Ἀράβων,
1080 404 1206 462 ἄρξας
1225 405 1310 456 ἔτος
1329 405 1382 458 α’,
1408 408 1475 449 καὶ
1493 411 1717 464 κρατεῖτῆς

271 473 399 531 ἀρχῆς
412 474 505 524 Ἰζὶδ
525 470 546 514 ὃ
567 471 757 527 Λειψός.
812 472 942 531 τούτῳ
967 478 1024 530 τῷ
1055 473 1130 516 ἴτει
1158 472 1178 516 ὃ
1199 474 1499 525 Κωνσταντῒνος
1525 480 1626 535 περᾷ
1645 475 1715 518 διὰ

269 547 341 596 τῆς
354 540 551 594 Ἀβύδου,
584 543 651 583 καὶ
670 545 727 599 τῷ
741 543 917 598 χερσαίῳ
937 543 1051 596 τείχει
1070 546 1140 595 τῆς
1160 540 1311 592 πόλεως
1327 542 1598 598 παρεκάθισε,
1633 543 1716 587 διέ-

270 612 398 666 δραμε
431 610 475 651 δὲ
501 610 567 651 καὶ
596 609 669 659 ἕως
699 613 769 664 τῆς
792 614 949 666 χρυσῆς
977 609 1149 665 πόρτης,
1193 608 1446 652 ἐπιδεικνύων
1467 609 1608 654 ἑαυτὸν
1630 617 1747 662 τοῖς-5

269 676 415 732 ὄχλοις.
483 674 504 719 ὅ
537 677 580 718 δὲ
605 676 882 734 Ἀρτάβασδος
914 678 1089 728 ἐξελθὼν
1114 681 1186 732 τῆς
1213 676 1365 728 πόλεως
1396 679 1464 720 καὶ
1494 679 1715 733 συμβαλὼν
1766 729 1769 732 ,

268 744 443 799 πόλεμον
467 742 627 800 ἡττήθη
657 745 759 788 κατὰ
791 744 949 802 κράτος.
1025 751 1098 788 τοῦ
1127 746 1171 787 δὲ
1202 745 1482 802 Κοπρωνύμου
1514 746 1564 790 τὰ
1593 751 1716 790 πλοῖα

270 812 543 869 κρατήσαντος
564 815 712 868 ἐγένετο
735 814 852 867 λιμὸς
876 813 1038 870 ι’σχυρός
1065 815 1106 856 ἓν
1134 818 1181 870 τῇ
1211 812 1346 865 πόλει,
1381 814 1482 857 ὥστε
1505 818 1716 871 πραθῆναι

218 887 248 923 Β
271 881 339 923 τὸν
365 880 507 935 μόδιον
538 886 610 935 τῆς
639 886 784 937 κριθῆς
815 884 869 931 εἷς
896 883 1125 936 νομίσματα
1153 881 1206 935 ιβ’
1235 884 1300 924 καὶ
1328 882 1380 924 τὰ
1408 882 1527 924 λοιπὰ
1553 881 1715 936 ὁμοίως.

270 954 343 991 τοῦ
363 951 406 991 δὲ
422 953 522 991 λαοῦ
542 947 788 1003 θνήσκοντος
807 951 874 991 καὶ
893 949 1168 1003 ἀπολλυμένου
1188 948 1424 1008 ἠναγκάσθη
1440 949 1714 1006 Ἀρτάβασδος
1726 956 1770 992 10

270 1016 457 1060 ἀπολύειν
479 1018 601 1060 αὐτὸν
632 1020 700 1060 καὶ
730 1018 963 1072 ἒξέρχεσθαι
991 1017 1068 1059 ἀπὸ
1098 1022 1170 1072 τῆς
1188 1017 1353 1068 πόλεως.
1420 1017 1602 1072 Νικήτας
1625 1020 1669 1061 δὲ
1691 1016 1712 1060 ὅ

269 1086 358 1136 υἱὸς
384 1084 662 1141 Ἀρταβάσδου
693 1083 931 1134 ἔπισυνάξας
957 1085 1056 1127 λαὸν
1078 1085 1212 1127 ἱκανὸν
1229 1081 1354 1140 ἦλθεν
1372 1086 1447 1136 ἕως
1467 1085 1716 1143 Χρυσουπό-

269 1157 382 1203 λεως.
449 1154 515 1194 καὶ
537 1151 715 1209 περάσας
735 1151 755 1195 ὃ
776 1152 1054 1209 Κοπρώνυμος
1073 1154 1229 1203 ἐδίωξεν
1248 1153 1368 1196 αὐτὸν
1388 1156 1455 1196 καὶ
1475 1154 1716 1209 καταλαβών

269 1218 522 1276 ἐχειρώσατο.
590 1222 657 1263 καὶ
687 1226 829 1263 τοῦτον
856 1219 1053 1275 πεδήσας,
1099 1220 1230 1263 ἐλθὼν
1262 1221 1331 1263 διὰ
1355 1226 1428 1264 τοῦΙ
1449 1224 1624 1277 τείχους,
1657 1226 1716 1280 τῷ

267 1291 389 1342 πατρὶ
413 1289 690 1331 ἔπεδείκνυσεν.
758 1288 875 1346 ἄφνω
903 1290 955 1339 δὲ.
974 1287 1304 1344 παραταξάμενος
1336 1290 1403 1331 διὰ
1431 1294 1503 1332 τοῦ
1520 1293 1711 1346 χερσαίου
1725 1294 1768 1330 15

267 1358 420 1410 τείχους
438 1356 510 1410 τὴν
530 1354 643 1398 πόλιν
663 1357 884 1411 παρέλαβε,
928 1358 994 1398 καὶ
1019 1356 1317 1412 χειρωσάμενος
1340 1356 1618 1412 Ἀρτάβασδον
1646 1360 1715 1401 καὶ

267 1424 363 1474 τοὺς
389 1425 463 1467 σὺν
490 1423 599 1480 αὐτῷ
629 1429 769 1466 τοῦτον
793 1425 866 1478 μὲν
888 1423 962 1467 σὺν
989 1430 1072 1474 τοῖς
1093 1425 1207 1466 δυσὶν
1230 1425 1354 1466 αὐτοῦ
1375 1425 1478 1475 υἱοῖς
1496 1424 1714 1483 ἐτύφλωσε,

268 1491 338 1534 τὸν
371 1493 414 1534 δὲ
444 1491 686 1547 Βακτάγμον
722 1490 1014 1549 χειροκοπήσας
1052 1493 1093 1533 ἓν
1122 1496 1179 1548 ‘tq‘
1211 1493 1399 1550 Κυνηγίῳ
1435 1489 1712 1550 ἀπεκεφάλισὲ,

269 1561 442 1610 πολλοὺς
470 1561 513 1602 δὲ
545 1564 612 1602 καὶ
640 1560 788 1611 ἄλλους
816 1564 896 1602 τῶν
919 1557 1175 1615 προυχόντων
1200 1561 1351 1611 ἀνεῖλε,
1398 1562 1463 1602 καὶ
1484 1562 1557 1611 τὰς
1575 1563 1714 1612 οὖσιάς

216 1641 248 1676 c
272 1629 403 1671 αὐτῶν
421 1628 649 1683 ἐδήμευσεν.
718 1629 875 1671 ἱππικὸν
894 1629 937 1670 δὲ
959 1626 1129 1682 ποιήσας
1146 1626 1326 1683 εἷσήγαγε
1345 1628 1415 1671 τὸν
1436 1628 1769 1685 Ἅρτάβασδονὶθ

271 1696 345 1738 σὺν
365 1703 448 1746 τοῖς
468 1697 570 1747 υἳοῖς
598 1698 723 1739 αὐτοῦ
752 1699 816 1739 καὶ
847 1702 930 1746 τοῖς
956 1697 1087 1753 φίλοις
1115 1697 1335 1749 δεδεμένοις
1355 1695 1442 1750 ἅμα
1467 1697 1714 1756 Ἀναστασίῳ

268 1769 327 1822 τῷ
349 1764 602 1822 ψευδωνύμῳ
631 1764 857 1822 πατριάρχῃ
875 1765 1069 1820 τυφθέντι
1091 1765 1291 1817 δημοσίως
1313 1766 1378 1806 καὶ
1407 1766 1470 1807 ἐπὶ
1497 1765 1576 1822 ὄνῳ
1602 1767 1712 1810 ἅντι-

269 1831 457 1890 στρόφως
477 1834 746 1892 καθεζομένῳ.
813 1839 896 1883 τοῖς
917 1833 959 1874 δὲ
979 1832 1052 1875 σὺν
1075 1832 1185 1892 αὐτῷ
1204 1834 1393 1875 ἐλθοῦσιν
1414 1834 1611 1884 ἓξωτικοῖς
1629 1836 1714 1878 ἐκέ-

362 1927 405 1964 15
427 1925 695 1963 ἐπιδείκνυσινΐ

269 2005 347 2041 dam
369 2006 446 2040 loca
468 2006 582 2052 pulvis
606 2006 739 2041 delatus
763 2010 829 2041 est.
867 2009 960 2041 terra
985 2017 1123 2052 quoque
1145 2005 1189 2041 ad
1211 2004 1358 2051 Caspias
1380 2010 1500 2052 portas
1522 2011 1616 2044 motu
1637 2011 1712 2045 tre—

269 2053 431 2089 mefacta.
479 2059 515 2086 et
537 2053 678 2086 Validus
702 2054 745 2086 ab
768 2053 939 2087 Arabibus
963 2059 1124 2095 necatus,
1157 2063 1232 2086 cum
1266 2063 1383 2087 corum
1414 2053 1576 2099 princeps
1609 2065 1712 2090 unum

268 2098 395 2132 fuisset
424 2109 559 2133 annum.
606 2098 640 2132 ei
663 2098 831 2132 successit
851 2098 965 2131 Izidus
988 2098 1148 2142 Leipsus.
1198 2109 1238 2131 eo
1264 2109 1353 2131 anno
1378 2098 1625 2134 Constantinus
1649 2112 1714 2146 per

268 2143 428 2187 Abydum
452 2143 593 2188 traiicit‚
619 2149 654 2178 et
675 2144 766 2188 apud
789 2148 987 2178 terrestrem
1011 2142 1131 2188 Cpolis
1154 2154 1283 2177 murum
1307 2146 1420 2177 castra
1442 2145 1560 2189 ponit,
1586 2157 1712 2180 excur-

269 2199 350 2222 rens
373 2188 475 2223 etiam
497 2201 605 2234 usque
627 2190 671 2224 ad
692 2201 829 2223 auream
854 2194 998 2234 portam,
1024 2194 1062 2223 ut
1085 2200 1124 2222 se
1146 2188 1352 2222 multitudini
1371 2195 1573 2226 ostentaret.
1606 2192 1714 2226 Arta-

269 2235 398 2268 basdus
421 2241 533 2270 autem
556 2236 640 2269 urbe
664 2246 822 2279 egressus
846 2234 976 2280 praelio
1001 2233 1179 2268 commisso
1203 2234 1315 2268 victus
1338 2234 1502 2279 fususque
1526 2240 1592 2270 est.
1615 2247 1712 2272 cum·-

269 2290 337 2323 que
361 2280 600 2325 Copronymus
630 2281 766 2314 navium
800 2286 893 2314 esset
925 2279 1073 2325 potitus,
1109 2280 1217 2314 fames
1250 2279 1373 2324 ingens
1395 2279 1432 2314 in
1453 2282 1539 2315 urbe
1563 2282 1718 2327 exstitit,

267 2324 320 2359 ita
342 2330 381 2359 ut
403 2326 534 2360 modius
557 2327 676 2361 hordei
699 2327 743 2360 ad
763 2327 806 2360 12
829 2325 1030 2360 nomismata
1049 2326 1269 2369 venderetur,
1305 2325 1492 2371 eademque
1513 2332 1606 2362 esset
1626 2327 1711 2373 reii-

271 2380 362 2413 quae
384 2382 540 2406 annonae
561 2372 699 2406 caritas.
746 2371 913 2406 moriente
945 2383 1028 2416 ergo
1060 2376 1097 2405 et
1118 2377 1284 2416 pereunte
1306 2371 1453 2416 populo,
1491 2378 1630 2408 coactus
1657 2377 1712 2409 est

271 2415 483 2450 Artabasdus
507 2429 547 2450 eo
576 2417 716 2452 dimisso
741 2417 844 2463 cpoli
867 2418 1046 2451 excedere.
1093 2417 1153 2450 sed
1182 2416 1273 2451 filius
1300 2416 1374 2451 eius
1397 2417 1541 2452 Nicetes
1567 2418 1710 2454 collecto

271 2471 341 2494 non
364 2461 573 2506 poenitendo
593 2464 746 2497 exercitu
765 2474 873 2508 usque
895 2463 938 2496 ad
956 2462 1187 2508 Chrysopolin
1205 2462 1375 2507 pervenit.
1411 2468 1447 2497 et
1469 2463 1710 2508 Coptonyunus

271 2506 343 2540 suis
377 2506 486 2552 copiis
513 2508 669 2542 traiectis
702 2520 776 2543 eum
807 2508 1026 2554 profligavit,
1062 2507 1168 2552 inque
1199 2508 1286 2552 fuga.
1311 2507 1403 2552 cepit
1432 2512 1468 2542 et
1489 2509 1710 2553 compedibus

269 2551 422 2585 vinctum
446 2553 489 2586 ad
512 2564 641 2587 murum
664 2565 848 2599 aggressus
874 2554 966 2600 patri
989 2553 1152 2587 ostendit.
1198 2554 1382 2598 subitoque
1399 2564 1420 2587 a
1435 2554 1595 2588 terrestri
1611 2566 1708 2589 muro

270 2597 412 2631 adortus
435 2599 551 2632 urbem
578 2598 682 2643 cepit.
729 2600 780 2633 ita
800 2599 990 2633 Artabasdo
1013 2599 1050 2633 in
1072 2610 1168 2633 summ
1217 2604 1395 2633 otestatem
1418 2599 1580 2644 redacto,
1606 2605 1642 2634 et
1663 2600 1709 2635 iis

271 2641 332 2686 qui
351 2654 427 2677 eum
450 2643 718 2689 comitabantur,
752 2645 821 2689 ipsi
847 2646 1047 2689 duobusque
1073 2644 1147 2678 eius
1170 2645 1193 2678 fi
1209 2644 1252 2679 iis
1274 2644 1389 2679 oculos
1414 2644 1549 2687 effodit}
1579 2646 1713 2680 Bacta-'

271 2699 404 2732 gmum,
439 2688 594 2724 manibus
620 2690 716 2735 prius
736 2690 942 2734 amputatis,
975 2689 1012 2724 in
1036 2689 1195 2734 Cynegio
1217 2690 1331 2735 capite
1353 2690 1536 2724 truncavit.
1583 2691 1709 2725 multos

271 2744 410 2778 quoque
440 2746 602 2779 proceres
634 2748 653 2769 e
687 2734 760 2769 vita
783 2736 920 2769 sust-ulit
945 2740 982 2769 et
1003 2746 1119 2770 eorum
1141 2737 1232 2769 bona
1254 2734 1453 2780 publicavit.
1499 2736 1579 2770 inde
1600 2747 1708 2781 eque-

271 2784 360 2812 stres
379 2779 477 2813 ludos
498 2781 615 2823 edens,
641 2781 866 2814 Artabasdum
889 2779 1048 2824 filiosque
1070 2781 1253 2815 et‘amicos
1277 2780 1350 2815 eius
1377 2781 1512 2815 vinctos
1535 2781 1710 2816 introduci

269 2823 382 2867 iussit,
406 2836 474 2858 una
498 2836 571 2859 cum
595 2826 800 2869 Anastasio,
826 2825 884 2870 qui
907 2837 945 2859 se
966 2826 1052 2859 falso
1074 2836 1137 2870 pro
1161 2826 1356 2871 patriarcha
1381 2827 1544 2874 gerebat,
1571 2832 1607 2861 et
1626 2832 1710 2861 tunc

269 2869 406 2915 publice
423 2872 626 2907 verberatus
646 2872 743 2907 asino
764 2876 990 2918 praepostere
1018 2871 1197 2917 impositus
1222 2872 1380 2910 sedebat.
1423 2872 1598 2908 extraneis
1621 2883 1708 2919 quos
