1916 3210
319 204 416 250 886
844 202 1032 247 IACOBI
1070 201 1245 247 GOARI

319 313 498 350 edomare
516 318 552 348 et
568 309 864 349 austeritatibus
881 310 1062 363 subigere
1077 318 1274 359 assuetus,
1297 313 1390 352 circa
1409 309 1650 367 quodcunque
1667 314 1765 355 aliud

317 370 438 419 segnis
461 381 504 406 ac
523 367 646 405 hebes.
704 367 840 406 Gom.

429 428 454 461 t.
473 424 509 460 11
536 436 573 473 p.
594 422 675 463 653
698 435 728 461 v.
745 423 813 466 24.
856 423 997 461 Sultani
1014 423 1226 461 vocabulum
1249 423 1440 462 Cedrenus
1455 424 1660 474 significare
1676 425 1766 465 dicit

316 473 614 530 παντοκράτορα
633 477 701 517 καὶ
722 477 884 530 βασιλέα
901 477 1108 531 βασιλέων,
1149 479 1217 517 hoc
1234 483 1290 518 est
1311 480 1566 531 imperatorem
1587 483 1624 519 et
1640 492 1766 532 regem

314 548 452 585 regum.
510 546 532 571 a
551 533 680 572 Turcis
710 535 781 572 iam
807 537 916 586 vulgo
942 549 1009 601 pro
1041 535 1188 573 domino
1210 540 1424 587 usurpatum
1467 539 1504 575 et
1534 547 1668 574 nomen
1687 537 1766 577 hoc

314 593 482 642 princeps
502 602 625 627 eorum
647 590 759 629 habet
779 605 851 631 κατ
858 586 1033 643 ’ἐξοχήν
1053 604 1118 629 ceu
1136 590 1234 629 solus
1253 595 1292 629 et
1307 591 1484 630 maximus
1503 591 1685 630 dominus-
1711 591 1766 632 ita

314 647 345 684 Ι
350 645 562 685 cunclavius.
621 645 754 685 Gom.
1744 667 1746 670 >

426 705 454 740 t.
477 701 509 738 11
537 714 573 751 p
596 700 678 742 654
704 714 738 742 v.
759 703 800 742 9.
857 696 1078 752 σκλυσμόν]
1123 700 1206 751 lego
1234 696 1530 754 κατακλυσμόν,
1577 714 1651 754 qua
1677 714 1768 743 voce

314 757 478 796 moderni
497 757 725 806 negotiorum
744 759 930 806 ingentem
950 757 1144 808 procellam
1162 757 1281 796 solent
1297 758 1538 810 interpretari,
1573 758 1714 799 Gon

426 813 480 849 ib.
513 825 548 849 v.
577 814 640 854 16.
696 812 856 879 λέμβοις
879 808 1186 865 αὐτοπρέμνοις]
1214 813 1404 853 Cedrenus
1433 818 1471 853 et
1498 814 1766 854 Constantinus

315 869 362 908 de
381 868 486 906 Adm.
505 868 596 919 Imp.
619 865 812 920 μονόξυλα
828 874 972 908 vocant.
1027 870 1165 907 Goan.

428 929 455 961 t.
477 924 510 961 Π
538 937 574 974 p.
592 925 671 965 665
691 938 726 962 v.
743 928 782 966 7.
839 929 922 972 τοῖς
939 924 1162 978 γενεθλίοις
1179 925 1253 964 τοῦ
1273 924 1472 979 σωτῆρος]
1512 937 1587 976 quo
1606 925 1666 965 die
1683 937 1767 965 cese

315 981 432 1019 cuncti
454 981 553 1031 apud
575 979 734 1019 Graecos
756 982 964 1020 muneribus
983 982 1172 1032 excipiunt.
1229 980 1367 1020 GoAR.

421 1035 511 1075 1.ss
540 1049 575 1086 p.
595 1038 676 1078 672
699 1049 734 1077 v.
762 1039 830 1077 20.
890 1032 1228 1088 ἆφωμοιώσαντο]
1276 1036 1415 1075 levibus
1452 1036 1594 1088 praeliis
1630 1036 1766 1076 bellum

316 1098 672 1141 repraesentarunt.
706 1092 764 1131 vel
784 1088 1074 1143 ἀφωσιώσαντο
1096 1091 1368 1130 ἅθῖέὂανενιιηι
1393 1098 1549 1131 tantum
1571 1099 1607 1130 et
1626 1094 1766 1145 auspi-

317 1149 398 1184 cati
407 1148 594 1198 fiaerzmt.
654 1149 792 1188 GoAn.

428 1208 456 1242 t·
473 1204 507 1241 ΙΙ
533 1217 570 1254 p-
588 1206 669 1245 673
688 1218 721 1244 v.
742 1204 808 1246 24.
866 1201 911 1244 τὸ
938 1206 1020 1245 ταῖν
1051 1205 1201 1256 σχολῶν
1226 1198 1379 1256 τάγμα]
1411 1203 1602 1243 satellitum
1621 1203 1767 1256 indige·

313 1272 453 1307 narum,
475 1272 627 1310 quorum
645 1261 767 1298 variae
786 1265 926 1299 turmae
945 1262 1128 1311 quondam
1148 1259 1291 1298 scholae
1309 1261 1627 1311 nuncupabantur,
1650 1261 1767 1311 legio-

313 1328 397 1353 nem
419 1315 603 1365 intellig03
636 1318 675 1353 in
695 1329 768 1366 qua
785 1317 984 1365 foederati,
1013 1330 1081 1355 ceu
1101 1317 1163 1367 qui
1179 1317 1386 1354 distinctam
1403 1316 1499 1355 inter
1514 1317 1766 1368 praetorianos

315 1376 576 1423 componerent
595 1372 768 1420 militiam,
795 1385 870 1411 non
885 1377 1079 1412 censentur
1096 1372 1235 1411 inclusi.
1291 1374 1429 1411 GoAn.

427 1432 454 1466 t.
479 1428 514 1465 ΙΙ
542 1441 581 1479 p·
603 1429 684 1469 683
703 1441 737 1466 v,
760 1430 799 1469 9.
857 1428 988 1481 κρίσιν
1008 1427 1073 1480 δέ]
1104 1428 1183 1467 obit
1205 1429 1403 1478 imperator
1424 1440 1553 1466 munus
1576 1427 1633 1466 cui
1657 1440 1766 1467 exse-

315 1484 462 1533 quendo
489 1481 625 1535 κριτής
654 1486 727 1524 τοῦ
757 1481 962 1535 φοσσᾶτου
993 1485 1127 1536 legitur
1142 1484 1327 1523 institutus
1350 1485 1449 1536 apud
1467 1484 1649 1523 Codinum
1663 1497 1693 1523 c.
1713 1483 1766 1524 15

314 1552 351 1578 n.
371 1542 438 1580 72.
496 1541 632 1579 Goan.

427 1600 455 1633 t·
476 1596 508 1632 ΙΙ
537 1609 573 1646 p·
594 1598 675 1637 686
698 1609 731 1635 v,
750 1599 816 1638 22.
873 1594 944 1644 τοὶς
967 1598 1039 1636 τοῦ
1065 1591 1262 1648 χάσματος
1288 1592 1510 1649 σήραγγας]
1538 1595 1648 1633 fidem
1666 1595 1766 1647 Apo-

315 1650 460 1700 cryphis
491 1664 559 1690 nec
587 1664 699 1701 erogo
725 1665 793 1690 nec
813 1653 1010 1691 emendic0.
1070 1653 1169 1701 quod
1195 1653 1326 1691 Graeci
1349 1656 1498 1690 narrant
1520 1663 1688 1690 sermone
1713 1650 1766 1690 18

315 1706 514 1756 Thesauri,
541 1706 742 1745 lectionarii
762 1710 927 1747 nimirum
950 1709 988 1745 in
1011 1721 1135 1747 eorum
1155 1709 1315 1747 ecclesiis
1337 1707 1478 1759 publice
1498 1706 1604 1754 lecti,
1632 1718 1680 1745 ne
1698 1707 1767 1744 oh-

314 1774 438 1798 scurus
461 1767 499 1799 et
521 1762 756 1813 inexplicatus
784 1769 928 1803 maneat
952 1764 1108 1802 auctoris
1123 1768 1262 1812 textus,
1299 1764 1458 1803 breviter
1477 1763 1607 1801 refero.
1647 1762 1768 1800 ‘Cho-

315 1818 373 1854 nis
386 1846 396 1865 ,
426 1818 595 1867 inquiunt
606 1847 617 1865 ,
650 1819 738 1857 urbe
754 1819 935 1870 Phrygiae
957 1820 1211 1858 asservabatur
1227 1831 1324 1869 aqua
1344 1832 1455 1858 manu
1471 1819 1642 1868 votisque
1659 1817 1767 1856 Ioan-

315 1874 373 1910 nis
394 1873 547 1923 apostoli
567 1875 760 1912 benedicta
772 1903 784 1922 ,
812 1889 887 1925 qua
903 1877 1056 1913 irrorata
1074 1875 1252 1914 miraculis
1271 1875 1422 1914 edendis
1438 1886 1624 1924 nunquam
1645 1876 1764 1912 caele-

318 1930 384 1966 stis
404 1934 442 1966 et
461 1929 624 1978 angelica
641 1930 754 1967 virtus
773 1932 910 1969 deerat.
966 1932 1174 1981 frequentia
1192 1931 1377 1981 signorum
1394 1930 1596 1981 Archippus
1618 1929 1766 1980 quidam

314 1983 610 2035 Hierapolitanus
637 1989 755 2023 motus
780 1988 827 2024 ad
852 2000 986 2037 aquam
1007 1987 1173 2025 condidit
1191 1987 1377 2026 ecclesiam
1402 1985 1590 2025 Michaelis
1609 1998 1765 2036 superae

315 2040 463 2078 militiae
485 2041 655 2092 principis
676 2043 821 2081 nomine
849 2044 1025 2091 dicatam,
1070 2056 1178 2094 quam
1198 2043 1351 2092 gentiles
1374 2042 1539 2092 religioni
1557 2042 1766 2092 nominique

315 2096 528 2134 Christiano
554 2098 687 2135 infensi
716 2099 882 2136 traducto
908 2112 975 2150 per
999 2112 1079 2137 eam
1107 2099 1245 2148 Chryso
1275 2099 1384 2136 fluvio
1408 2098 1562 2136 deiicere
1590 2100 1675 2135 sunt
1697 2109 1764 2147 ag·-

316 2153 444 2198 gressi.
504 2152 635 2190 delusit
655 2165 777 2191 eorum
798 2159 965 2193 conatum
984 2160 1021 2193 et
1041 2156 1346 2206 exspectationem
1364 2154 1499 2193 caelica
1518 2154 1698 2205 potentia,
1727 2156 1767 2192 et

314 2208 352 2244 in
380 2208 568 2246 adversam
602 2215 741 2260 partem
775 2223 915 2248 cursum
944 2211 1017 2260 egit
1041 2212 1152 2249 fluvii.
1207 2212 1258 2248 illi
1278 2215 1401 2261 spreto
1426 2208 1598 2247 miraculo
1624 2209 1765 2260 coeptis

313 2263 529 2302 obstinatius
548 2265 730 2313 insistunt,
763 2270 800 2305 et
817 2267 984 2317 Cuphum
1000 2269 1255 2318 Lycocamque
1273 2267 1400 2304 fluvios
1420 2265 1565 2303 aliunde
1587 2265 1765 2303 deductos
1784 2292 1787 2295 -

314 2319 351 2355 in
373 2320 558 2357 ecclesiam
583 2326 697 2370 agunt
716 2323 999 2373 effunduntque:
1038 2325 1183 2376 iamque
1207 2335 1384 2373 aquarum
1410 2321 1544 2359 diluvio
1572 2319 1766 2359 corruisset

315 2374 392 2424 iila,
436 2377 474 2412 ni
501 2376 705 2415 caelestium
729 2380 912 2427 agminum
939 2380 1011 2416 dux
1032 2379 1188 2418 Michael
1207 2379 1355 2426 lancea,
1392 2390 1467 2428 qua
1487 2378 1682 2415 instructus
1697 2388 1765 2427 ap-

312 2432 447 2480 paruit,
477 2445 648 2482 percussa
667 2438 773 2484 petra
787 2435 1001 2483 ingentem
992 2449 1028 2473 in
1047 2448 1092 2474 ea
1109 2436 1319 2484 voraginem
1344 2438 1470 2472 tantae
1487 2445 1661 2483 aquarum
1678 2431 1764 2470 moli

313 2486 441 2524 absorl
449 2489 566 2525 endae
596 2502 763 2539 capacem
792 2496 1013 2530 excavasset.
1078 2492 1236 2529 subeunt
1258 2493 1381 2540 itaque
1403 2490 1659 2527 subterraneas
1679 2499 1764 2538 spe-

314 2554 396 2588 cus,
433 2558 504 2590 τας
522 2546 595 2583 τοῦ
618 2542 821 2595 χάσματος
842 2543 1057 2599 oiy'ooeyyoeg,
1087 2547 1305 2598 praecipites
1331 2550 1370 2584 et
1394 2545 1544 2583 humiles
1572 2544 1763 2582 fluviorum

313 2599 484 2646 vortices,
524 2603 563 2638 et
592 2600 762 2639 ecclesiae
793 2602 1037 2642 fundamentis
1061 2603 1171 2652 longe
1201 2602 1426 2648 accliviores,
1464 2600 1569 2650 quasi
1588 2599 1658 2638 loci
1682 2598 1765 2642 reli-

314 2652 422 2700 gione
439 2656 602 2703 territae,
645 2657 683 2694 in
708 2659 843 2695 vicinos
868 2660 1001 2697 deinde
1026 2672 1133 2708 agros
1155 2660 1244 2696 dato
1269 2660 1372 2695 alveo
1397 2660 1608 2706 emergunt,
1651 2659 1688 2692 et
1705 2655 1762 2691 in-

314 2708 455 2745 ‹ssenso
476 2723 555 2748 curs
560 2725 582 2748 u
602 2725 701 2750 mare
723 2726 803 2750 vers
807 2727 847 2751 us
867 2715 1070 2752 illabuntur.
1129 2710 1208 2753 arro*
1229 2710 1325 2752 αὐτο
1344 2729 1387 2753 το
1411 2715 1576 2763 θαυμα,
1604 2711 1764 2749 scribunt

314 2762 380 2801 illi.
411 2760 630 2816 ωνομοὲσθη
653 2783 671 2805 ο
695 2765 815 2815 τόπος
838 2772 996 2818 Χῶναι,
1027 2766 1107 2820 οἷμη
1126 2773 1262 2820 πρῶτα
1284 2765 1507 2819 ω’νομαζετο
1530 2765 1762 2808 limi-accat:

315 2820 554 2857 ntitacalzam
586 2822 812 2861 Clzonwwm
844 2827 944 2876 (qua
934 2828 976 2864 si
1008 2828 1107 2864 dicas
1147 2826 1390 2874 infundibuli)
1417 2825 1499 2861 loco
1511 2851 1527 2870 ,
1580 2821 1763 2860 Golas-‘fae
