1916 3210
301 176 402 224 690
700 156 926 219 IOANNIS
950 174 1347 219 cunorALATAE

299 289 403 340 εἲκὸς
419 286 521 344 πρὸς
539 280 696 337 πάντας
711 275 997 342 συνεχόμενος.
1053 287 1183 339 συνεὶς
1204 287 1270 340 δέ,
1303 285 1360 339 ὥς
1379 286 1501 341 ξὀικε,
1532 283 1580 333 τὸ
1598 281 1759 344 mxv-5225

298 362 380 401 τῶν
413 352 708 413 προγεγονότων
737 355 913 411 σημείων
945 356 1001 405 εἲς
1030 354 1153 398 αὐτὸν
1179 354 1444 411 ἀποσκῆψον,
1479 354 1552 400 οὒκ
1571 357 1612 400 ἓν
1631 362 1758 415 σκηνῇ

299 424 394 468 οὐδὲ
416 424 458 465 ἓν
470 424 629 473 πεδίοις
649 423 743 465 ἀλλ’
767 425 810 466 ἐν
829 421 1022 480 γηλόφοις
1038 426 1106 466 καὶ
1123 424 1341 478 δωματίοις
1356 425 1524 468 ἐποιεῖτο
1541 424 1615 480 τὴν
1630 442 1759 473 κατα-

299 492 512 547 σκήνωσιν.
579 489 683 533 ἔνθα
705 489 757 546 δή
777 508 816 534 τι
839 493 906 534 καὶ
929 491 1076 547 συνέβη
1097 491 1171 534 οὐκ
1190 491 1355 536 ἔλαττον
1374 495 1430 544 εἷς
1446 493 1759 548 κακοδαιμῦνίας
1851 534 1853 536 .

301 558 518 614 οἰώνισμα*
550 563 634 616 πῦρ
655 557 734 616 γάρ
757 564 887 603 ποθεν
909 560 1070 614 ἐνεχθὲν
1090 560 1187 611 τοὺς
1207 558 1359 615 δόμους
1381 561 1423 604 ἐν
1446 558 1507 612 οἷς
1527 558 1549 603 ὃ
1569 561 1792 616 stammas-⁵
1841 560 1843 562 ’

300 626 502 683 ἔσκήνωτο
531 626 851 683 κατενεμήσατο,
884 628 926 671 ἐν
958 624 1021 678 οἷς
1053 627 1442 690 συγκατεκαύθησαν
1472 631 1590 672 ἵπποι
1618 645 1662 673 τε
1691 631 1761 690 καὶ

300 696 531 753 ἓφεστρίδες
568 698 775 750 βασιλικαὶ
807 697 875 739 καὶ
903 696 1052 751 χαλινὰ
1085 701 1166 740 τῶν
1198 696 1333 741 ἄλλων
1351 697 1466 740 ’πολὺ
1500 689 1761 756 διαφέροντα,

247 771 278 806 Β
303 766 368 807 καὶ
393 768 466 807 τοῦ
492 763 620 820 πυρὸς
649 762 787 807 διόλου
818 762 1004 821 γεγόνασι
1027 763 1323 822 παρανάλωμα.
1391 765 1430 810 οἳ
1458 764 1500 808 δ’
1522 765 1641 809 ἵπποι
1665 763 1762 822 ἦμξή
1817 799 1819 803 -

301 828 465 891 φλεκτοι
484 830 764 888 καθορώμενοι
787 837 846 891 τῷ
867 833 1126 892 στρατοπέδῳ
1147 833 1312 877 ἐλεεινὸν
1334 834 1584 893 διεφαίνοντο
1605 830 1762 888 θέαμαᾷ

300 901 372 944 τὸν
396 901 440 943 δὲ
465 899 692 957 Σαγγάριον
721 902 1052 958 διαπεραιωθείς,
1080 901 1182 960 παρ’
1207 896 1242 962 ᾧ
1262 906 1391 946 ταῦτα
1409 901 1566 959 γέγονε,
1595 901 1667 945 διὰ
1686 905 1760 958 τῆς
1771 909 1815 947 10

302 968 476 1023 Ζόμπου
508 961 721 1024 λεγομένης
750 968 931 1027 γεφύρας
960 970 1036 1021 τὰς
1066 971 1214 1021 οῗκείας
1241 967 1432 1024 δυνάμεις
1455 969 1659 1027 ἀθροίζειν
1682 969 1761 1027 ἤρ-

301 1041 400 1088 ξατο
412 1069 425 1088 ,
458 1038 752 1088 σκεδασθείσας
772 1039 841 1080 διὰ
859 1037 932 1093 τὴν
947 1042 1027 1082 τῶν
1043 1036 1268 1096 βαρβάρων
1283 1039 1476 1082 ἐπίθεσιν.
1541 1038 1762 1089 καταλέξας

302 1105 345 1147 δ’
379 1100 450 1148 οὖν
479 1105 523 1147 ἐκ
554 1102 707 1149 τούτων
735 1105 833 1149 ὅσον
861 1104 1080 1161 ἠβούλετο,
1113 1107 1159 1151 τὸ
1188 1106 1329 1150 λοιπὸν
1348 1105 1615 1162 ἀπεπέμψατο
1632 1122 1758 1163 στρα-

234 1180 237 1184 “
302 1178 457 1216 τιωτῶν
483 1190 526 1215 τε
556 1175 623 1216 καὶ
652 1178 858 1231 λοχαγῶν,
893 1175 989 1225 τοὺς
1014 1174 1109 1230 μέν,
1144 1175 1241 1227 τοὺς
1271 1173 1544 1233 στρατιώτας,
1575 1172 1632 1226 ὥς
1655 1172 1759 1231 προ-

301 1242 664 1298 κατειργασμένους
694 1250 783 1294 ταῖς
811 1244 1126 1303 προβεβηκυίαις
1152 1243 1314 1299 ἥτταις,
1358 1243 1455 1294 τοὺς
1485 1243 1530 1286 δὲ
1561 1242 1760 1299 λοχαγοὺς
1771 1249 1816 1287 15

303 1310 427 1360 αὐτὸς
460 1309 886 1367 δειλιῶν,ἆπάγεσθαι
918 1312 993 1355 σὺν
1024 1311 1135 1371 αὐτῷ
1161 1311 1216 1363 ὥς
1246 1316 1304 1370 τῷ
1331 1311 1444 1368 με’ρει
1470 1314 1552 1354 τῶν
1579 1311 1760 1369 ἓφέδρων

249 1384 281 1419 C
305 1378 637 1435 προσανέχοντας.
705 1380 792 1422 εἴθε
811 1381 886 1434 μὲν
904 1374 976 1423 οὖν
995 1379 1094 1423 αὗτὸ
1116 1383 1172 1431 εἷς
1190 1378 1344 1431 πάντας
1352 1380 1580 1437 χἐπέπρακτο
1588 1411 1605 1435 ,
1638 1381 1707 1423 καὶ
1726 1381 1762 1422 εἰ

302 1447 361 1502 μὴ
385 1447 557 1489 δυνατὸν
578 1442 627 1500 ἦν
647 1447 717 1490 τὸν
741 1452 853 1490 θεῖον
873 1446 969 1504 ὅρον
989 1452 1207 1506 παρελθεῖν
1225 1450 1293 1491 καὶ
1313 1448 1359 1491 τὸ
1374 1448 1615 1506 κεκραμένον
1635 1444 1762 1503 ποτή-Ἴ

303 1531 392 1570 ριον
427 1516 635 1571 ἐκφυγεῖν·
680 1516 779 1567 τέως
807 1517 850 1560 δ’
885 1511 956 1559 οὖν
985 1516 1183 1573 ἀσφαλῶς
1212 1515 1370 1574 πράξας
1398 1514 1527 1574 ἐφάνη
1558 1514 1624 1560 ἅν.
1689 1515 1760 1559 τὸν

303 1581 576 1638 Βοτανειάτην
603 1583 647 1625 δὲ
672 1583 911 1641 Νικηφόρον
930 1586 998 1627 καὶ
1017 1583 1223 1635 τοιούτους
1242 1585 1354 1635 τινὰς
1371 1583 1426 1635 ὥς
1440 1581 1644 1635 ὑπόπτους
1663 1585 1817 1632 &tw-20,

303 1649 501 1704 σάμενος,
545 1651 640 1701 τοὺς
678 1650 809 1694 δόλου.
833 1654 901 1694 καὶ
933 1654 1177 1708 κακοηθείας
1207 1653 1382 1708 μεστοὺς
1409 1650 1671 1709 συνεπήγετο,
1705 1650 1763 1703 ὥς

303 1718 456 1775 προϊὼν
475 1717 496 1761 ὃ
519 1717 635 1774 λόγος
655 1718 840 1774 δηλώσει.
907 1719 1030 1771 αὐτὸς
1048 1721 1093 1763 δὲ
1111 1719 1240 1772 οὕτως
1257 1721 1327 1764 ι’ὣν
1345 1726 1424 1764 τῶν
1444 1719 1762 1776 καταληψόντων

303 1786 428 1830 αὐτὸν
455 1790 590 1838 κακῶν
615 1788 934 1844 ἀνεπαίσθητος,
952 1788 1199 1848 ,ἐπεραιώθη
1223 1790 1294 1833 τὸν
1315 1787 1435 1833 Ἅλυν
1454 1787 1664 1847 λεγόμενον
1686 1805 1762 1832 πο-

305 1959 394 1995 mire
425 1970 581 2006 parona
610 1958 899 2009 intelligensque,
934 1966 976 1999 ut
1004 1957 1194 2000 verisimile
1225 1967 1297 2010 est,
1332 1963 1470 1999 crebra
1485 1963 1546 1999 illa
1576 1972 1760 2009 praemon*

307 2010 427 2041 strata·
440 2007 544 2050 signa
567 2005 611 2041 ad
634 2018 675 2042 se
697 2009 895 2053 pertinere,
929 2022 999 2045 non
1020 2011 1058 2046 in
1079 2010 1302 2046 tabernaculo
1334 2021 1447 2055 neque
1469 2010 1507 2045 in
1529 2009 1640 2056 planis
1662 2009 1762 2053 locis,

304 2047 369 2086 sed
399 2051 437 2085 in
467 2051 606 2086 tumulis
638 2057 676 2087 et
702 2054 916 2092 domunculis
939 2055 1138 2102 habitabat,
1172 2056 1233 2091 ubi
1253 2057 1357 2091 etiam
1380 2055 1473 2090 aliud
1497 2055 1668 2101 quoddam
1692 2066 1763 2089 nou

304 2097 418 2131 minus
439 2097 666 2133 infortunium
687 2102 899 2145 portendens
920 2102 1050 2138 accidit
1071 2102 1281 2149 prodigium.
1323 2101 1415 2147 ignis
1431 2100 1522 2137 enim
1535 2100 1654 2136 nescio
1669 2101 1762 2136 unde

305 2142 443 2177 delatus
465 2143 585 2178 domos
607 2144 643 2178 in
667 2146 795 2190 quibus
817 2150 1091 2185 commorabatur
1109 2149 1298 2195 imperator
1317 2147 1492 2190 incendit3
1514 2147 1575 2182 ubi
1592 2145 1764 2183 combusti

305 2189 407 2222 fuere
429 2189 511 2234 equi
534 2194 571 2224 et
593 2189 712 2235 regiae
732 2198 852 2228 vestes
874 2205 1062 2240 equorum,
1096 2200 1133 2230 et
1160 2195 1284 2230 fraena
1313 2193 1390 2228 aliis
1421 2192 1525 2239 longe
1546 2191 1763 2239 praestantia

306 2245 450 2280 prorsus
477 2236 521 2270 ab
544 2235 627 2280 igne
649 2243 853 2285 consumpta
874 2245 967 2276 sunt.
1014 2240 1097 2286 equi
1129 2252 1217 2275 vero
1249 2239 1504 2275 semicombusti
1531 2240 1575 2274 ab
1605 2237 1764 2274 exercitu

304 2281 488 2324 conspecti
523 2282 753 2318 miserandum
783 2286 1018 2331 spectaculum
1049 2287 1258 2332 praebuere.
1314 2297 1391 2320 cum
1422 2296 1509 2320 vero
1542 2284 1762 2330 Sangarium,

306 2325 369 2360 ubi
391 2325 479 2361 haec
501 2327 660 2362 accidere
673 2355 683 2373 ,
717 2341 782 2374 per
802 2336 942 2376 pontem
965 2331 1026 2378 qui
1048 2331 1174 2378 Zompi
1195 2332 1324 2367 dicitur
1345 2330 1562 2376 transiisset,
1595 2341 1676 2365 suas
1700 2341 1762 2365 co-

304 2372 386 2416 pias
413 2372 451 2406 in
480 2382 584 2407 unum
613 2385 739 2420 cogere
772 2378 910 2423 coepit,
954 2379 1000 2413 ob
1038 2379 1264 2413 barbarorum
1300 2376 1528 2422 irruptionem
1560 2375 1778 2422 dissipatas,

306 2428 384 2451 cum
415 2416 524 2463 igitur
546 2431 590 2453 ex
611 2419 657 2454 iis
689 2427 853 2466 quantum
878 2423 991 2459 voluit
1019 2419 1211 2470 coegisset,
1243 2423 1397 2469 reliquos
1427 2421 1564 2457 milites*
1585 2433 1628 2457 ac
1656 2421 1764 2469 duces

307 2462 558 2508 manipulorum
580 2465 731 2511 dimisit,
763 2468 893 2504 milites
915 2470 1054 2515 quidem
1077 2474 1116 2505 ut
1136 2469 1374 2516 superioribus
1396 2467 1552 2504 cladibus
1571 2467 1765 2514 confectos,

307 2509 559 2556 manipulorum
589 2522 676 2546 vero
706 2514 869 2550 ductores
900 2527 1016 2550 secum
1045 2516 1220 2551 adducere
1247 2515 1382 2550 veritus
1403 2519 1447 2558 ut¹
1462 2513 1557 2560 parti
1577 2512 1764 2549 insidiato-

307 2564 384 2588 rum
408 2555 650 2591 adhaerentes.
696 2559 896 2606 utinamque
914 2561 1006 2596 idem
1021 2561 1066 2596 0in
1087 2573 1205 2597 omnes
1226 2561 1390 2605 fecisset,
1412 2565 1450 2595 et
1471 2559 1504 2594 si
1526 2559 1665 2595 divinus
1687 2564 1763 2594 ter-

309 2599 420 2633 minus
450 2601 595 2636 transiri
626 2615 695 2638 non
725 2610 881 2653 poterat,
917 2612 955 2642 et
984 2607 1196 2643 commistum
1226 2605 1384 2652 poculum
1418 2604 1560 2641 evitari.
1605 2615 1683 2640 nam
1710 2604 1764 2640 ita

307 2656 392 2679 suae
423 2645 652 2684 incolumitati
688 2652 868 2687 consulere
897 2654 993 2688 visus
1023 2653 1162 2688 fuisset.
1208 2662 1327 2688 verum
1355 2651 1557 2698 Nicephoro
1578 2649 1764 2686 Botauiata

307 2694 344 2724 et
367 2689 602 2746 huiuscemodi
625 2696 829 2749 quibusdam
851 2698 938 2735 viris
962 2699 1104 2744 eiectis,
1128 2710 1189 2733 eos
1212 2699 1274 2744 qui
1295 2698 1453 2732 omnibus
1474 2697 1564 2732 dolis
1585 2701 1622 2732 et
1641 2695 1762 2743 pravis

307 2737 458 2790 moribus
480 2744 642 2775 1nstruct1
665 2749 783 2778 essent
804 2756 920 2779 secum
943 2745 1118 2780 adducere
1140 2744 1353 2788 festinabat,
1374 2747 1415 2778 ut
1434 2743 1621 2789 insequens
1635 2740 1760 2777 decla·-

306 2782 401 2835 rabit
421 2784 546 2818 oratio.
591 2785 668 2830 ipse
687 2792 800 2823 autem
819 2790 871 2824 sic
894 2802 1062 2836 pergens,
1086 2802 1201 2836 neque
1222 2788 1436 2825 imminentia
1455 2788 1524 2824 sibi
1545 2787 1634 2823 mala
1655 2797 1761 2834 prae·-

305 2830 481 2873 senuenS‚
514 2830 641 2876 Halym
664 2832 807 2870 fluvium
835 2836 997 2883 transiit,
1029 2837 1189 2884 quamvis
1211 2840 1440 2872 commoratus
1461 2834 1500 2870 iu
1520 2834 1668 2880 quodam
1694 2844 1760 2878 ΟΡ-
