1916 3210
323 176 422 224 786
756 173 1050 218 XYLANDRI
1071 174 1144 218 ET
1170 174 1345 220 GOARI

324 288 430 328 er..
491 285 684 323 minorem
697 283 844 322 Asiam
863 296 1054 337 perperam
1072 284 1130 324 hic
1147 284 1298 335 intelligi
1316 288 1421 337 putat
1438 283 1646 338 Xylander,
1674 300 1771 339 quae

327 343 474 383 Graecis
505 336 700 393 ἆνοιτολή,
728 340 859 379 Turcis
886 341 1104 390 Ληαίοίαί,
1132 342 1210 380 aliis
1238 341 1409 379 Natalia
1433 346 1600 395 corrupte
1624 344 1776 384 dicitur

326 399 470 440 errandi
491 399 660 462 praebuit
681 409 806 436 ansam
827 409 940 449 prava
957 410 1085 435 vocum
1103 397 1285 447 affinitas,
1312 411 1423 449 quam
1450 398 1623 439 sincerior
1640 413 1770 441 mm·

326 456 448 502 dabit,
476 454 507 491 si
527 453 604 491 vice
625 453 830 501 Νατωλίας
848 453 990 503 legatur
1010 454 1234 500 Νακωλίας.
1290 455 1340 492 ad
1365 467 1445 493 eum
1471 454 1567 494 enim
1591 450 1773 507 Phrygiae

325 513 526 558 civitatem,
554 510 602 547 ad
624 509 816 560 Sangarim
834 509 961 560 sitam,
988 509 1188 562 Procopius
1205 509 1346 549 Valenti
1364 511 1536 560 occurrit,
1563 511 1773 564 ibide-qne

325 569 583 606 conseruerunt
601 578 731 604 manus
759 566 945 630 utriusque
968 567 1075 606 acies.
1131 566 1359 605 Marcellinus
1383 567 1407 607 Ι.
1426 569 1501 609 26:
1536 565 1693 605 Vabem
1698 580 1773 607 oa-

326 630 410 660 stra
423 622 622 672 promovit
635 621 694 659 ad
708 620 841 673 Phryb
827 622 949 667 iam,
976 628 1015 658 et
1022 635 1149 673 prope
1162 622 1378 660 Nacoliam
1394 622 1554 662 collatis
1570 622 1768 663 manibus.

326 681 412 719 vide
430 677 637 718 Leunclavii
653 679 913 717 Onomasticon
929 691 965 717 v.
979 679 1147 729 Enagiol.
1202 680 1336 718 GoAa.
1804 678 1806 681 ’

438 759 476 797 p.
496 743 577 786 543
596 758 631 785 v,
655 747 717 786 16.
774 757 855 783 cum
888 745 943 784 his
973 751 1118 797 praeter
1141 746 1309 785 historias
1334 746 1533 787 Marcellini
1550 749 1599 787 et
1615 746 1773 786 aliorum

326 803 515 855 gentilium
535 802 754 841 conferenda
770 806 856 840 sunt
872 802 1006 852 quael.
1016 806 1043 845 6
1060 803 1172 842 habet
1186 803 1458 843 Ecclesiasticae
1474 803 1646 843 historiae
1657 803 1775 858 Sozo-

327 872 467 900 menus.
509 858 608 911 apud
624 871 705 897 eum
724 859 930 909 proditores
948 858 1116 912 Pmcopii
1131 860 1274 911 Agelon
1293 865 1333 899 et
1348 861 1555 908 Gomarim,
1578 874 1610 900 ω
1625 871 1774 910 magno,

326 918 511 967 leguntur,
538 918 564 957 6
587 916 625 955 8.
664 915 748 953 vide
766 919 804 953 et
821 913 1019 966 Nicephori
1035 916 1062 954 1.
1080 918 1127 956 11
1148 922 1188 955 et
1203 917 1391 956 Socratem
1408 915 1432 957 l.
1448 917 1488 958 4.
1525 915 1708 955 oraculum
1725 917 1775 956 de

327 973 560 1012 Chalcedone
588 984 635 1011 ex
659 971 809 1010 Zonara
834 972 1047 1020 emendavi;
1072 973 1172 1023 quod
1195 973 1302 1012 etiam
1322 973 1421 1025 apud
1439 973 1627 1012 Socratem
1641 975 1775 1021 astae

329 1030 358 1073 4
386 1032 453 1072 20.
512 1026 765 1079 Nymphaeum
781 1028 869 1078 quid
885 1029 952 1076 sit,
982 1029 1143 1080 disputat
1159 1029 1400 1081 Cuspinianus
1414 1029 1453 1067 in
1468 1027 1644 1076 Valente3
1670 1029 1775 1068 citat-

331 1099 404 1137 que
433 1085 550 1123 locum
580 1084 769 1133 zonarae,
805 1085 867 1134 qui
895 1084 993 1122 idem
1015 1089 1073 1123 est
1099 1087 1200 1136 apud
1227 1086 1455 1133 Cedrenum,
1486 1090 1527 1125 et
1542 1097 1626 1124 meo
1642 1085 1775 1124 iudicio

331 1142 515 1181 diversum
542 1141 739 1179 sentientes
763 1139 1051 1190 resellit.XY1..
1116 1145 1322 1193 νυμφαῖον
1351 1142 1482 1180 domus
1507 1141 1653 1194 publica
1679 1142 1775 1180 cele-

329 1199 479 1238 brandis
499 1198 705 1267 nuptiarum
724 1196 893 1235 conviviis
913 1200 951 1235 et
967 1197 1063 1235 ludis
1082 1197 1245 1238 dicata.
1271 1201 1397 1236 auctor
1425 1198 1541 1237 infr-az
1567 1200 1775 1250 wulpam

331 1255 375 1296 ἐν
395 1248 500 1310 ωπερ
522 1253 563 1293 οἱ
578 1250 697 1306 γάμοι
718 1252 895 1305 ’ἐγίνοντο
914 1268 995 1292 των
1014 1249 1090 1293 οὔκ
1106 1250 1278 1306 ἐχόντων
1297 1253 1444 1302 οῖ’κους.
1493 1254 1638 1293 Gonu.

443 1318 498 1358 ib.
522 1333 559 1358 v·
581 1322 644 1362 17.
702 1320 934 1374 ἱερομηνίαν
952 1318 1195 1371 ἐπετέλεσεν]
1224 1321 1494 1373 diemfis‘tum
1510 1321 1607 1373 egit,
1633 1319 1776 1372 Xylan-

331 1379 399 1418 der
420 1378 694 1429 iuterpretatur.
750 1381 790 1416 at
809 1375 948 1427 quem‘l
934 1406 943 1414 .
976 1389 1048 1427 quo
1067 1376 1168 1415 ritu?
1195 1390 1268 1428 qua
1290 1378 1337 1417 de
1355 1376 1496 1417 causa?
1521 1378 1646 1430 paucis
1664 1387 1777 1428 exp«.h

332 1437 407 1474 dio.
465 1435 647 1472 nascentis
669 1434 755 1471 anni
775 1433 1041 1482 celebritatem,
1071 1434 1196 1485 sopitis
1220 1438 1258 1472 at
1276 1447 1350 1472 non
1368 1433 1616 1473 exstinctis-ob
1632 1433 1776 1472 brevius

330 1493 424 1530 iusto
439 1490 617 1528 loviniani
629 1488 846 1541 imperium,
874 1491 948 1527 imo
971 1489 1043 1527 iam
1061 1490 1243 1528 renovatis
1259 1495 1298 1529 et
1315 1491 1481 1529 excitatis
1499 1489 1684 1541 gentilium
1697 1489 1778 1527 ritiss

331 1549 421 1595 bus,
454 1549 600 1598 captata
628 1558 672 1584 ex
697 1545 906 1596 Nymphaei
936 1550 976 1584 e't
1003 1546 1250 1596 aquaeductus
1279 1548 1351 1585 iam
1383 1545 1539 1585 absoluti
1568 1546 1775 1592 occasione,

309 1607 313 1610 ⁴
334 1616 400 1641 eeu
424 1603 688 1641 dedicationem
707 1603 896 1651 utriusque
914 1607 1058 1639 vetusto
1078 1614 1178 1640 more
1195 1601 1381 1641 habiturus
1400 1606 1438 1641 et
1454 1603 1623 1654 operibus
1642 1610 1777 1654 peren-

332 1660 482 1697 nitatem
506 1658 756 1709 superstitiose
778 1662 1007 1710 precaturus,
1033 1658 1154 1708 amplo
1173 1659 1211 1695 in
1227 1658 1400 1710 populum
1419 1659 1612 1697 distributo
1627 1658 1777 1707 congia·

334 1715 413 1759 rio,
444 1715 544 1752 urbis
572 1713 777 1765 praefectus
805 1715 957 1764 peregit.
1013 1714 1050 1751 iu
1076 1714 1255 1752 sinistram
1284 1715 1533 1754 huiuscemodi
1556 1714 1777 1754 sententiam

334 1771 498 1809 adducor
514 1773 628 1821 pravo
644 1770 809 1808 Valentis
826 1783 915 1820 erga
932 1770 1172 1812 Christianam
1188 1770 1398 1820 religionem
1417 1771 1539 1810 animo
1557 1768 1779 1810 etlibertate

334 1827 531 1877 ‘gentilibus
556 1827 603 1864 ab
624 1839 676 1865 -eo
702 1838 893 1874 concessa,
922 1838 994 1875 qua
1019 1829 1060 1864 ut
1081 1825 1339 1865 Theodoretus
1363 1826 1391 1869 4
1419 1830 1476 1869 22
1502 1827 1625 1866 scribit
1647 1824 1778 1877 Ἑλλη-

334 1879 450 1930 νικάς
474 1879 627 1931 τελετάς
650 1877 876 1922 ἐπετέλεσαν
903 1881 945 1921 οἱ
968 1884 1018 1937 τῇ
1043 1878 1174 1937 πλανῃ
1200 1881 1498 1935 δεδουλωμένοι.
1552 1883 1781 1933 eandemque

336 1938 486 1987 sugillat
510 1942 635 1977 auctor
661 1939 808 1977 iuferius
834 1950 931 1976 anno
951 1941 991 1979 7.
1045 1949 1194 1977 moveor
1213 1939 1407 1978 etiamnum
1428 1938 1529 1978 vocis
1551 1937 1781 2005 ἱερομηνίας

333 1996 580 2047 proprietate,
607 2007 679 2045 qua
695 1993 744 2032 nil
760 1994 1005 2033 Christianum
1021 1993 1199 2046 sapimus,
1228 2005 1336 2047 quam
1357 1995 1556 2051 νουμηνία
1574 2000 1614 2035 οἳ
1633 1990 1780 2035 καλᾶν-

337 2051 428 2099 daig
451 2063 474 2089 a
501 2050 649 2100 concilio
674 2050 850 2090 Trullano
875 2063 954 2088 can.
975 2051 1028 2090 62
1045 2054 1083 2089 et
1098 2051 1152 2093 65
1175 2053 1406 2103 proscriptis,
1434 2051 1686 2090 auctoritatum
1703 2062 1780 2089 uon

334 2107 508 2146 me‘diocri
536 2108 717 2158 producta
744 2107 933 2158 congerie,
963 2108 1256 2158 praeponderare
1279 2109 1388 2147 docet
1407 2108 1640 2160 Stephanus,
1668 2119 1778 2158 quam

337 2164 497 2213 denique
517 2163 706 2202 celebratis
727 2162 1000 2210 Saturnalibus,
1007 2163 1180 2232 ‘antiquo
1200 2176 1243 2202 ac
1260 2165 1413 2215 proinde
1432 2166 1587 2216 profano
1604 2165 1678 2202 ritu
1695 2174 1779 2215 per-

337 2219 401 2270 agi
428 2221 564 2258 fa’tetur
593 2216 839 2258 Herodianus.
895 2214 969 2271 τῆν
996 2212 1123 2273 ἆρχην
1149 2221 1223 2260 τοῦ
1249 2218 1372 2273 μηνὸς
1392 2217 1668 2275 ἱερομηνίαν”
1640 2231 1781 2275 αγουσι

337 2290 394 2315 τω
415 2290 495 2315 των
513 2271 668 2316 Ἰταλῶν
693 2274 815 2316 ἔθει
843 2276 979 2317 GoAn.

451 2355 491 2392 p
514 2341 595 2384 544
617 2355 654 2382 v
679 2345 741 2383 11
797 2340 1080 2396 πραιπόσιτον]
1118 2344 1316 2383 Simocatta
1341 2342 1369 2387 4
1399 2343 1473 2388 15:
1501 2339 1695 2397 ευνοῦχον
1714 2323 1805 2392 εἷςΝ

339 2395 416 2447 τήν
439 2395 647 2450 βασιλικην
666 2399 912 2453 δορυφορίαν
923 2399 1186 2469 συντεταγμέι
1188 2415 1236 2440 ον
1251 2415 1578 2454 κορυφαιοτατον,
1604 2416 1652 2443 ον
1669 2415 1782 2455 πραι-

337 2451 500 2495 πόσιτον
521 2454 671 2495 εἴθιστο
689 2454 890 2508 Ῥωμαιοις
908 2452 1140 2505 ἀποκαλεῖν,
1169 2455 1373 2510 ἐξέπεμψε.
1428 2457 1565 2497 Gonx.

341 2575 377 2613 G
411 2519 548 2564 ,ihicL
610 2518 744 2571 αὐτοῖς
764 2527 846 2573 τοῖς
867 2519 1059 2576 ἀμφίοις]
1087 2525 1248 2564 vestibus
1263 2526 1429 2564 nimirum
1445 2525 1554 2564 officii
1570 2524 1780 2576 insignibus.

382 2584 480 2615 oAa'.

452 2642 507 2681 ib.
549 2657 584 2684 v.
625 2648 691 2687 19.
746 2644 978 2698 Dacibyza]
1021 2648 1246 2687 Sozomenus
1283 2650 1310 2691 6
1348 2647 1401 2690 14
1437 2648 1579 2698 legatos
1610 2645 1783 2686 Nicome-

340 2698 439 2737 diam
471 2701 519 2737 ad
548 2700 740 2740 Valentem
769 2705 911 2742 venisse
940 2704 1084 2751 scribit,
1131 2717 1259 2744 navem
1291 2717 1413 2744 eorum
1441 2705 1627 2743 incensam
1657 2704 1781 2767 fuisse,

340 2766 421 2791 cum
450 2756 606 2794 medium
636 2756 769 2796 Astacii
796 2759 894 2796 sinus
922 2761 1155 2810 navigarent,
1184 2765 1223 2799 et
1252 2774 1366 2811 usque
1391 2761 1441 2799 ad
1470 2760 1646 2799 Dacidam
1671 2759 1782 2797 mari-

339 2810 447 2848 timae
466 2811 659 2862 Bithyniae
680 2826 811 2864 pagum
834 2816 1063 2866 perdurasse.
1118 2818 1219 2868 apud
1237 2817 1391 2857 Suidam
1408 2829 1554 2868 quoqne
1568 2816 1604 2854 in
1625 2809 1782 2866 Ουάλης
