1916 3210
287 174 386 223 858
705 168 1000 219 XYLANDRI
1030 174 1104 218 ET
1138 174 1314 219 GOARI

398 291 428 328 t.
449 286 483 326 11
511 299 549 337 p-
568 287 648 328 283
670 297 704 323 v.
726 285 793 327 21.
850 283 1117 335 drungarium
1143 282 1310 336 vigiliae
1329 284 1462 336 facit]
1502 289 1630 341 repetii
1653 284 1734 331 ἆπὰ

287 345 430 385 κοινοῦ
453 343 600 380 verbum
623 340 929 393 προχειρίζεται,
968 345 1096 391 utpote
1121 353 1196 379 non
1223 341 1432 380 existimans
1454 343 1611 383 officium
1629 347 1736 384 unius

286 394 552 452 ἕταιρειάρχου
578 398 720 435 duobus
746 397 976 435 commissum
1002 397 1129 446 fuisse,
1165 397 1267 448 quod
1288 398 1399 437 verba
1427 400 1598 450 ambigue
1615 403 1737 454 posita

284 469 374 509 prae
397 468 438 493 se
457 455 552 492 ferre
570 453 748 492 videntur.
804 452 910 492 ΧΠ..

398 510 453 547 ib.
486 522 520 549 v.
551 508 619 551 24.
676 510 713 546 εἰ
732 510 904 560 patacio
924 508 1068 546 honore
1087 509 1366 561 insigniretur]
1395 510 1600 562 πατρίκιος
1620 525 1738 565 τιμη-

284 567 386 615 θείς.
441 567 537 605 forte
560 565 612 603 sic
633 565 699 604 fuit
719 566 956 613 vertendum,
997 566 1123 616 Bogas
1150 566 1323 631 patricius
1348 569 1545 618 promittit,
1569 573 1640 608 etc.
1695 572 1739 608 ut

283 637 359 662 non
380 623 450 661 hoc
471 635 605 673 operae
628 623 827 672 praemium
843 621 1040 670 rettulerit,
1071 622 1165 661 sed
1155 635 1228 661 ram
1250 627 1338 661 ante
1362 625 1536 673 patricius
1557 625 1596 663 in
1621 637 1663 663 se
1680 636 1739 664 re-
1805 666 1807 668 ,

284 680 422 745 ceperit
441 691 530 718 rem.
588 682 645 716 est
673 679 768 717 enim
794 678 985 728 ambiguus
1009 677 1124 716 locus.
1180 672 1261 730 quis
1279 683 1402 718 autem
1423 681 1469 719 sit
1487 680 1547 720 ille
1567 682 1738 733 princeps

282 736 497 789 principum,
526 731 658 787 ἅρχων
682 729 898 786 ἀρχόντων,
927 735 1090 773 nondum
1105 735 1230 774 didici.
1272 735 1378 774 Χῑι..

396 797 424 831 t.
446 791 482 828 Π
508 804 548 842 Ρ.
569 790 650 832 285
682 804 716 828 v.
740 792 805 832 12.
861 789 884 832 ὁ
913 792 1183 844 πρωτοπαπᾶς
1214 804 1285 831 του
1318 790 1534 841 παλατίου]
1576 791 1741 832 habebat

286 849 484 900 imperator
506 847 638 886 clerum
661 848 850 899 proprium
873 847 910 884 in
931 847 1091 899 palatio,
1133 847 1172 885 in
1192 860 1266 897 quo
1286 849 1410 886 variae
1428 852 1534 886 erant
1555 847 1740 894 ecclesiae,

287 909 328 943 ut
354 905 394 942 S.
423 903 621 955 Stephani,
667 903 799 942 ducum
826 903 1060 952 caelestium,
1098 903 1235 943 Elisaei
1260 907 1297 943 et
1325 904 1496 952 aliorum3
1535 902 1622 943 cleri
1645 904 1740 942 illius

285 961 495 1014 praefectus
515 964 594 998 erat
613 962 897 1026 πρωτοπαπᾶς
904 962 979 1000 τοῦ
997 959 1204 1000 παλατίου.
1261 960 1394 1000 Gon.

401 1015 456 1053 ib.
488 1029 524 1055 v.
557 1018 621 1058 17.
677 1017 751 1056 τοῦ
779 1011 993 1067 ἷκανάτου]
1036 1017 1191 1067 agminis
1220 1016 1271 1054 ita
1299 1017 1400 1060 dicti.
1464 1019 1594 1055 auctor
1626 1015 1741 1055 infra:

288 1075 364 1115 τοῦ
382 1068 577 1125 τάγματος
596 1069 729 1123 ἅρχων
746 1087 828 1112 των
848 1068 1063 1113 ἵκανοῖτων.
1119 1073 1252 1112 GoAn.

403 1133 430 1167 t.
448 1130 481 1167 11
509 1143 545 1180 p.
566 1131 646 1170 291
666 1142 701 1167 v.
721 1131 759 1168 2.
798 1125 1014 1176 ἀκόλαστος
1031 1126 1168 1181 ὄχλος]
1199 1128 1325 1167 alludit
1341 1129 1390 1166 ad
1409 1128 1593 1179 Euripidis
1611 1127 1742 1177 locum,

291 1187 356 1237 qui
378 1186 492 1225 estin
509 1186 674 1226 Hecuba.
731 1185 882 1224 Ioannis
899 1185 1037 1225 Leonis
1057 1198 1244 1224 successor
1270 1189 1328 1224 est
1344 1185 1521 1233 Gai-idas,
1559 1185 1662 1236 quod
1680 1197 1743 1224 co-

287 1255 449 1294 gnomen
467 1242 525 1280 hic
545 1243 691 1280 addidit
710 1243 820 1281 etiam
840 1242 1019 1283 Zonaras.
1075 1242 1179 1282 Xn.

400 1303 425 1337 t.
443 1298 475 1336 11
502 1312 540 1350 Ρ.
561 1301 641 1341 293
662 1311 698 1338 v.
721 1298 788 1338 13.
846 1299 959 1335 tertia
985 1296 1216 1348 Galilaeae]
1248 1291 1528 1349 ευαγγελισμόν
1543 1297 1666 1334 vocari
1687 1297 1743 1335 fe-

288 1359 385 1396 stum
404 1355 501 1393 diem
521 1368 593 1404 quo
610 1355 785 1394 memoria
803 1355 913 1395 recoli
933 1354 1027 1393 solet
1041 1355 1158 1393 laetus
1178 1355 1226 1392 de
1246 1354 1392 1392 Christo
1410 1353 1635 1391 incarnando
1649 1365 1744 1391 nun-

287 1412 360 1449 tius
381 1425 403 1449 a
421 1411 593 1450 Gabrielo
612 1412 662 1451 D.
681 1411 823 1450 Mariae
842 1412 972 1461 virgini
989 1411 1153 1459 oblatus,
1192 1414 1357 1462 apparet.
1412 1410 1501 1459 quid
1527 1413 1649 1448 autem
1672 1404 1744 1447 hoc
1763 1408 1766 1412 ’

287 1467 475 1506 Galilaeae
494 1468 564 1517 sit,
593 1469 741 1519 nescio,
770 1481 815 1507 ac
832 1468 975 1506 videtur
993 1467 1231 1506 mendosum:
1266 1479 1334 1516 pro
1355 1479 1399 1505 eo
1419 1466 1585 1503 Zonaras
1609 1464 1744 1517 pascha

286 1523 411 1563 habet.
442 1526 550 1562 XYr..
608 1525 720 1576 ipsius
745 1523 925 1575 paschalis
951 1523 1191 1562 hebdomadis
1215 1523 1306 1561 feria
1332 1522 1454 1560 tertia.
1510 1520 1590 1559 Leo
1612 1521 1743 1560 Gram-

288 1581 463 1618 maticus:
499 1581 552 1634 τῇ
582 1581 693 1647 τρίτῃ
720 1582 794 1620 τοῦ
821 1576 956 1632 πάσχα
988 1581 1039 1633 τῇ
1071 1576 1261 1646 λεγομένῃ
1292 1579 1365 1627 τῆς
1388 1576 1609 1624 Γαλιλαίας.
1664 1576 1745 1628 pari

287 1637 400 1674 modo
429 1632 629 1688 κυριακὴν
660 1639 734 1676 τοῦ
767 1638 914 1688 Θωμᾶ,
952 1637 1026 1675 τοῦ
1059 1630 1235 1682 ἀσώτου,
1273 1636 1345 1685 τῆς
1369 1632 1653 1685 Σαμαρείτιδος
1673 1637 1744 1674 etc.

289 1696 424 1730 vocant
444 1693 661 1731 dominicam
680 1705 754 1743 qua
770 1693 951 1741 Thomae,
977 1692 1137 1744 prodigi,
1163 1690 1414 1730 Samaritanae
1434 1693 1500 1729 etc.
1557 1688 1745 1740 evangeli-

287 1760 350 1787 cas
368 1748 540 1787 lectiones
557 1753 780 1799 percurrunt.
834 1749 964 1788 GoAn.

403 1803 457 1841 ib.
490 1818 524 1843 v.
554 1807 620 1845 22.
678 1806 780 1856 quod
815 1805 1004 1844 Romanus
1042 1804 1162 1844 Leoni
1195 1803 1436 1856 opprimendo
1468 1803 1563 1842 adeo
1593 1801 1747 1852 studuit,

292 1872 374 1898 cum
399 1873 471 1911 quo
491 1860 601 1912 paulo
621 1865 708 1900 ante
725 1862 857 1900 foedus
875 1862 1006 1901 fecisse
1025 1862 1175 1909 dicitur,
1213 1862 1252 1899 id
1270 1860 1436 1898 nimirum
1452 1870 1570 1897 novae
1586 1859 1746 1897 necessi-

292 1921 388 1954 tates
404 1917 564 1968 pristinis
583 1917 768 1968 praelatae
787 1918 960 1958 efficiunt.
1018 1917 1074 1955 da
1095 1916 1233 1954 liebers
1254 1916 1366 1961 kam,
1395 1928 1482 1952 war
1497 1914 1637 1952 leiders
1652 1927 1742 1952 aas.

291 1985 378 2011 nam
397 1986 573 2024 oppresso
594 1973 744 2023 Leone,
773 1975 842 2013 sub
860 1988 902 2014 se
918 1974 1047 2012 habuit
1066 1978 1104 2013 et
1124 1986 1298 2024 generum
1317 1977 1353 2011 et
1374 1972 1576 2035 imperium.
1602 1971 1710 2012 xa.

407 2028 506 2067 ibid.
566 2027 861 2082 χρυσόβουλλον
884 2030 1062 2081 diploma
1081 2031 1234 2082 regium
1252 2029 1329 2067 sive
1347 2041 1388 2064 re
1369 2029 1479 2079 egiae
1499 2027 1650 2072 literae,
1678 2039 1748 2063 sa-

296 2099 330 2122 c]
333 2099 413 2131 ae
452 2087 608 2137 puniceo
635 2087 757 2126 colore
785 2088 962 2152 scriptae,
999 2087 1130 2138 quibus
1159 2098 1239 2124 cum
1266 2097 1378 2124 aureo
1385 2057 1546 2134 bsigillo,
1584 2079 1748 2150 βουλλα,

297 2142 504 2182 Caesareae
535 2144 702 2193 imaginis
723 2144 829 2183 fieret
855 2144 1056 2195 impressio.
1114 2139 1181 2183 δια
1204 2140 1422 2194 σφραγῖδος
1443 2141 1592 2193 χρυσῆς
1614 2134 1749 2190 ασφα-

293 2199 487 2238 λίσασθαι
503 2199 594 2237 dixit
612 2205 740 2238 auctor
758 2212 868 2252 supra
884 2214 921 2265 p.
942 2200 1023 2241 178
1042 2203 1079 2238 et
1096 2199 1178 2241 615
1199 2197 1244 2238 A.
1303 2197 1435 2236 GoAn.

405 2255 488 2297 t·11
515 2269 553 2307 Ρ.
576 2256 659 2298 294
679 2269 712 2294 v.
733 2257 799 2296 11.
855 2251 1226 2324 (ιιιίτουρμαρχης,
1235 2255 1267 2292 is
1290 2257 1330 2292 et
1353 2267 1571 2318 μεραρχης,
1599 2265 1750 2305 ταγμα-

291 2326 459 2363 ταρχης,
489 2316 528 2350 et
549 2316 591 2350 ut
607 2312 731 2351 scribit
746 2312 826 2351 Leo
849 2313 1046 2350 Constitut.
1067 2314 1108 2361 3,
1135 2308 1231 2351 ποτὲ
1250 2309 1318 2350 καὶ
1324 2306 1614 2379 στρατηλατης.
1646 2321 1690 2346 ac
1707 2310 1749 2346 ut

292 2368 559 2406 Constantinus
575 2368 746 2408 Themat.
770 2369 809 2416 1,
836 2367 878 2408 οἵ
895 2366 939 2409 δὲ
959 2364 1165 2421 λεγόμενοι
1182 2361 1425 2436 τονρμᾶρχαι
1448 2366 1504 2413 εἰς
1510 2363 1750 2434 ὐπονργίαν

292 2426 375 2462 τῶν
399 2436 626 2493 στρατηγων
638 2421 886 2493 ἐταχθησαν.
953 2425 1136 2490 σημαίνει
1159 2421 1202 2464 δὲ
1223 2438 1265 2463 το
1288 2424 1472 2462 τοιοῦτον
1494 2416 1649 2472 αξίωμα
1677 2416 1749 2460 τόν

291 2478 431 2530 ἔχοντα
445 2476 516 2531 υφ’
535 2477 677 2522 ἑαυτὸν
697 2476 936 2547 στρατιώτας
954 2476 1197 2547 τοξοφόρους
1215 2478 1499 2526 πεντακοσίους
1516 2476 1585 2518 καὶ
1606 2478 1750 2517 πελτα-

294 2533 387 2583 στάς
407 2538 661 2589 τριακοσίους
683 2553 749 2578 και
768 2533 1022 2589 δεξιολαβους
1044 2533 1197 2577 ἑκατόν.
1254 2535 1388 2573 GoAR.

406 2597 434 2630 t.
453 2593 486 2631 ΙΙ
514 2607 553 2644 p.
569 2596 651 2636 296
669 2607 704 2635 V.
723 2594 764 2634 3.
821 2601 999 2631 curatore
1016 2592 1330 2644 manganorum]
1373 2591 1413 2629 id
1430 2593 1508 2637 est,
1537 2587 1749 2628 balistarum

296 2651 335 2684 et
353 2649 504 2687 aliorum
533 2650 571 2687 id
597 2663 712 2700 genus
738 2654 1014 2699 tormentorum,
1041 2654 1082 2688 ut
1102 2650 1201 2690 alibi.
1230 2649 1333 2687 Xn.
1391 2651 1434 2685 ut
1458 2645 1582 2697 palatii
1603 2648 1642 2683 et
1659 2643 1750 2681 illius

297 2705 428 2741 aerarii
450 2717 569 2743 curam
592 2711 747 2757 gereret,
772 2708 862 2745 sicut
879 2707 1002 2757 regiae
1022 2707 1240 2757 praecipuae
1258 2703 1496 2756 curopalates.
1552 2700 1647 2740 circa
1662 2712 1752 2736 ma-

297 2758 437 2796 elimas
455 2765 491 2799 et
511 2760 678 2799 balistas
698 2767 856 2813 nugatur
877 2763 934 2801 hic
953 2762 1177 2802 scholiastes.
1236 2761 1372 2798 GoAn.

409 2815 462 2853 th.
488 2830 522 2856 v.
544 2815 581 2858 4.
639 2832 730 2857 cum
754 2820 788 2856 is
807 2826 994 2858 venatum
1018 2817 1159 2870 exiret]
1189 2817 1383 2865 fortassis,
1413 2827 1494 2855 cum
1510 2812 1610 2865 apud
1629 2811 1751 2860 cyne-
