1890 3236
318 192 418 238 930
817 220 822 224 ·
913 187 1160 232 FABROTI

430 315 460 340 π
471 314 521 352 ρο
533 311 554 338 τ
565 297 580 339 ί
589 311 641 338 κτ
653 311 683 337 ω
695 311 717 348 ρ
745 298 938 348 protector.
997 299 1221 348 protectores
1240 297 1325 334 sunt
1344 291 1670 346 σωματοφυλακες
1686 295 1762 333 sive

320 357 453 396 milites
474 356 577 395 electi
593 355 643 391 ad
659 354 860 391 custodiam
879 353 1063 405 principis,
1091 353 1152 402 qui
1170 353 1263 390 latus
1283 352 1449 403 principis
1469 355 1678 402 protegunt.
1713 350 1761 388 de

323 414 378 451 his
399 411 552 463 Procop.
574 405 704 450 ανεκδ.
724 422 763 460 p.
786 410 876 452 108.
908 409 1056 447 Simeon
1075 408 1398 459 Metaphrastesm.
1412 407 1516 446 Oct.
1507 419 1544 445 ιιι
1553 406 1761 446 Demetrio:

324 467 608 507 Μινουκιανοῦ
618 465 881 518 προτίκτωρος
890 461 986 516 πρὸς
995 479 1068 532 την
1080 460 1236 532 σφαγην
1248 459 1582 517 υπουργήσαντος.
1606 466 1646 501 et
1656 462 1762 512 Sept.

323 525 361 561 in
378 522 534 573 Sophia·
563 523 800 574 παραχρῆμα
814 522 949 561 τοίνυν
963 535 1082 567 αυτος
1097 516 1287 587 ἀλογίστῳ
1299 521 1416 574 θυμῷ
1431 517 1663 571 ἐπιτρέψας,
1691 513 1763 566 οὓς

322 576 352 630 ἦ
371 574 479 626 τάξις
502 577 768 629 προτίκτωρας
787 573 870 616 οἶδε
889 579 1034 625 καλεῖν,
1059 575 1122 617 ἐπὶ
1142 579 1194 630 τῷ
1214 571 1374 630 αγαγεῖν
1390 560 1545 622 Ιἐκείνοις
1560 572 1760 624 ἐκπέμπει.

322 634 492 674 Paulinus
511 633 673 671 Nolanus
693 634 799 684 epist.
816 635 870 674 37
887 634 936 671 ad
956 633 1105 671 militem
1129 632 1279 670 saeculi:
1309 630 1478 668 deinde
1462 645 1504 668 m
1516 630 1597 668 lzao
1610 630 1780 667 militia<

324 690 460 727 soletis
493 690 536 725 in
568 690 675 726 votis
699 688 841 726 habere
869 688 977 727 hanc
1006 688 1135 740 officii
1159 689 1469 739 promotionem,
1503 694 1550 725 ut
1567 692 1761 738 protecto-

321 760 380 783 res
406 745 654 797 efficiamini.

435 812 894 852 πρωτασηκρητης,
923 795 1412 860 πρωτοασηκρήτης,
1439 799 1577 851 primus
1594 810 1618 836 a
1637 809 1761 836 secre-

324 858 384 905 tis,
413 862 670 908 protosecreta.
729 856 880 895 Nicetas
899 855 1083 908 Paphlago
1102 870 1139 894 ιιι
1160 857 1233 895 vita
1251 856 1401 906 Ignatii:
1433 854 1588 895 Φωτιον
1611 867 1762 906 πρωτο-

326 909 557 962 σπαθάριόν
579 927 620 953 τε
642 909 736 951 ὄντα
759 910 826 951 καὶ
844 909 1193 978 πρωτασηκρήτην.
1251 913 1413 951 Codinus
1439 912 1476 949 in
1503 910 1647 960 Origin.
1667 910 1760 960 ep..

320 965 462 1016 καθώς
491 981 590 1020 φησι
622 963 875 1019 Πλούταρχος
903 963 1273 1020 πρωτοασηκρήτης.
1336 969 1375 1006 ἰιι
1394 968 1526 1018 scripto
1548 967 1673 1006 codice
1694 965 1761 1003 viri

321 1026 533 1077 perillustris
551 1024 693 1063 Nicolai
713 1025 867 1063 Fabricii
887 1039 958 1064 του
983 1025 1219 1077 μακαρίτου,
1254 1019 1595 1075 πρωτασηκρήτης
1651 1021 1762 1060 Nice-

322 1081 427 1133 phor.
448 1081 636 1130 Gregoras
660 1083 708 1122 8·
748 1076 926 1132 θυγατηρ
955 1080 1285 1131 Νεοκαισαρείτου
1314 1082 1387 1119 τοῦ
1412 1073 1757 1130 πρωτασηκρήτου.

322 1133 692 1189 πρωτοασηκρήτης,
715 1137 815 1187 apud
833 1136 1069 1175 'lheodorum
1088 1136 1323 1200 Hermopolit.
1344 1137 1391 1173 ad
1409 1135 1431 1172 Ι.
1440 1134 1493 1176 41
1520 1135 1567 1173 de
1576 1134 1673 1184 Reg.
1686 1133 1758 1171 lur.

321 1193 552 1231 Collectanea
570 1193 781 1230 Anastasii
772 1205 809 1230 ιιι
829 1191 1134 1243 Hypomnestico.
1163 1193 1262 1244 quin
1279 1198 1314 1228 et
1339 1190 1570 1229 Theodorus
1583 1195 1760 1241 protose-

322 1249 516 1286 cretarius·
540 1249 733 1299 praetorii
747 1249 941 1298 praefecti
965 1249 1166 1299 Cpolitani
1181 1255 1271 1286 ante
1287 1247 1394 1285 hunc
1413 1248 1616 1285 enarravit
1641 1244 1758 1282 milti.

432 1319 491 1356 πρ
504 1319 564 1343 mv
576 1305 628 1344 εύ
639 1319 713 1344 ων.
747 1304 912 1354 Epistola
930 1305 1007 1346 421
1033 1306 1072 1342 S.
1093 1305 1215 1343 Basilii
1236 1305 1406 1354 inscripta
1427 1308 1484 1342 est
1500 1297 1756 1355 πρωτεύοντι..

321 1364 467 1399 exstant
490 1367 527 1398 et
542 1360 717 1411 epistolae
734 1360 959 1399 Theodoreti
981 1361 1174 1413 inscriptae
1190 1355 1442 1414 πρωτεύοντι,
1470 1361 1495 1397 i.
1515 1373 1547 1398 e.
1566 1357 1618 1399 15
1634 1362 1674 1397 et
1691 1359 1758 1399 33.

318 1417 510 1468 primatem
528 1418 818 1467 interpretantur.

431 1486 528 1522 πρω
539 1488 557 1511 τ
568 1487 587 1512 o
599 1473 624 1522 β
634 1487 649 1511 ε
663 1485 714 1512 στ
727 1486 740 1511 ι
752 1469 776 1510 ά
788 1487 810 1524 ρ
821 1486 865 1512 ιο
878 1487 897 1520 ς
923 1472 1058 1525 primus
1074 1473 1278 1524 praefectus
1297 1472 1466 1511 vestiarii.
1521 1468 1675 1523 βέστιον
1694 1471 1760 1507 aut

318 1525 460 1578 βέστης
491 1527 638 1566 Graecis
663 1529 920 1566 recentioribus
947 1532 1005 1567 est
1032 1530 1152 1567 vestis.
1211 1529 1367 1566 Glossae
1391 1527 1502 1567 Basil.
1529 1539 1596 1565 mS.
1624 1524 1759 1577 βὲστια

319 1598 367 1621 τα
391 1580 536 1634 ἱμάτια.
593 1585 701 1621 Iulius
728 1583 854 1622 Pollux
881 1586 918 1622 in
951 1584 1132 1622 Chronico
1164 1584 1335 1622 hactenus
1365 1584 1521 1622 inedito:
1563 1578 1759 1632 ἀφορίσας

321 1634 452 1686 οἶνον,
496 1637 611 1690 κρέα,
656 1637 798 1689 βέστια.
855 1640 938 1677 hinc
961 1640 1217 1704 βεστιαρίτης
1226 1640 1417 1687 Cedreno,
1457 1643 1520 1676 aut
1548 1636 1757 1689 βεστήτωρ.

320 1693 593 1745 Theophanes
585 1708 620 1732 111
638 1695 734 1745 Reg.
756 1695 856 1733 cod..
892 1691 1100 1735 α’πωλεσαν
1128 1695 1170 1735 οἱ
1195 1691 1426 1747 βεστήτορες
1451 1692 1494 1734 τὸ
1519 1693 1667 1744 στέμμα
1685 1708 1757 1732 του

320 1748 520 1800 βασιλέως.
577 1746 885 1802 προκαθήμενος
915 1766 986 1791 του
1022 1752 1244 1801 βεστιαρίου
1272 1751 1454 1800 Georgius
1490 1750 1758 1799 Pachymerius.

319 1810 357 1841 et
376 1801 601 1855 βεστιάριον
625 1819 691 1857 pro
710 1808 841 1845 vestitu
862 1808 897 1844 in
915 1807 938 1845 Ι.
955 1805 982 1847 4
1002 1807 1051 1845 D.
1072 1809 1118 1845 de
1137 1808 1294 1846 aliment.
1314 1811 1354 1845 et
1369 1807 1480 1844 cibar.
1496 1805 1608 1855 legat.
1627 1805 1759 1843 vestia-

318 1862 410 1898 rium
430 1861 466 1898 in
485 1862 592 1899 aliis
584 1863 667 1899 iuris
684 1862 782 1900 locis.
838 1862 1136 1913 Astrampsychus
1157 1862 1198 1902 ἐν
1218 1865 1273 1917 τῷ
1290 1865 1439 1915 Πυθα)
1442 1877 1497 1914 ορ.
1517 1862 1617 1909 λαξα
1645 1862 1763 1911 δηλοῖ

319 1911 534 1967 ἅρραβῶνα
564 1917 618 1963 εἰς
636 1919 901 1968 πραγματείαν
920 1921 1070 1958 πολλοῦ
1088 1934 1313 1971 πραγματος
1331 1917 1564 1970 βεστιαρίου.
1620 1918 1756 1967 accipi-

320 1978 378 2009 tur
411 1978 449 2009 et
477 1974 680 2011 vestiarium
705 1988 771 2024 pro
797 1974 908 2012 loco
900 1988 936 2012 ιι]
966 1988 1038 2024 quo
1063 1981 1182 2013 vestes
1204 1976 1458 2014 reconduntur.
1518 1974 1758 2011 continuator

319 2026 559 2079 Theophanis
591 2029 628 2066 in
655 2029 880 2081 Theophilo:
923 2027 944 2069 ὃ
964 2029 1029 2069 καὶ
1049 2026 1376 2082 χρηματιζόμενον
1399 2025 1570 2081 σήμερον
1592 2025 1756 2097 βεστια-

321 2098 408 2133 ριον
432 2087 509 2124 τῶν
533 2080 964 2152 ἄποθησαυριζομένων
995 2085 1155 2125 πέπλων
1185 2087 1227 2127 ἐκ
1250 2088 1446 2136 Σηρικῶν.
1502 2087 1608 2125 item:
1645 2081 1670 2124 ὁ
1688 2083 1756 2124 καὶ

321 2141 398 2177 νῦν
427 2142 497 2188 τῆς
527 2137 760 2193 Αὕγούστης
791 2141 867 2181 ἐστὶ
899 2138 1130 2193 βεστιᾶριον.
1186 2142 1269 2180 hinc
1296 2141 1501 2192 imperiale
1521 2141 1757 2178 vestiarium

318 2196 416 2244 apud
436 2196 649 2234 Guilelmum
670 2197 818 2247 Tyrium
840 2201 865 2238 2
884 2200 930 2236 de
946 2198 1046 2235 Bello
1066 2199 1188 2238 Sacro,
1246 2199 1383 2249 Interp.
1409 2202 1514 2236 vetus
1531 2197 1755 2235 homiliarum

319 2250 355 2286 in
378 2251 598 2288 Matthaemn
626 2266 718 2302 quae
737 2254 780 2290 B.
802 2254 1058 2302 chrysostomo
1079 2255 1349 2301 adscribuntur,
1387 2255 1446 2292 vel
1464 2258 1560 2292 certe
1578 2253 1754 2304 interpres

319 2305 463 2343 loannis
486 2308 803 2357 Hierosolymitani
822 2311 859 2346 in
883 2309 1011 2350 Matth.
1030 2324 1059 2349 c.
1081 2313 1133 2351 23
1153 2311 1279 2351 v.‡14:
1322 2311 1428 2347 sicut
1449 2311 1552 2346 enim
1567 2308 1754 2359 paterfa-

320 2361 458 2398 milias
478 2363 683 2400 cellariam
699 2371 773 2401 aut
792 2367 1023 2402 vestiarium
1046 2379 1165 2403 suum
1182 2379 1259 2403 non
1280 2365 1396 2403 habet
1416 2367 1636 2415 expositum
1656 2378 1755 2401 cun-

322 2418 636 2468 οιίς.(1ειιῑεμιε
664 2422 851 2458 vestiarius
884 2422 912 2458 is
944 2427 1018 2468 est,
1062 2427 1101 2459 ut
1131 2423 1279 2473 exponit
1310 2427 1412 2460 vetus
1439 2421 1657 2459 Glossarium
1684 2433 1751 2467 ms,

321 2473 382 2520 qui
425 2475 583 2512 vestibus
621 2481 776 2525 praeest.
832 2478 958 2515 eadem
989 2477 1133 2528 Papias.
1189 2479 1285 2515 idem
1318 2479 1494 2529 interpres
1527 2476 1751 2514 homiliarum

321 2527 466 2563 loannis
487 2529 819 2591 liierris‹›lymitani:
858 2535 896 2568 si
914 2540 960 2569 ta
981 2535 1210 2570 vestiariam
1229 2540 1344 2570 tunm
1361 2532 1590 2570 studiosum
1610 2539 1647 2568 et
1665 2532 1752 2568 cla-

320 2597 333 2617 ι
340 2583 563 2620 icularium
588 2600 628 2622 ce
612 2587 743 2623 ἰίανίί
766 2590 830 2624 tui
848 2587 1011 2637 fidelem
1033 2589 1108 2626 tibi
1129 2591 1310 2639 requiris.
1368 2588 1521 2627 Michael
1548 2589 1752 2626 cerularius

320 2637 356 2673 in
376 2640 528 2688 epistola
549 2642 597 2679 ad
619 2642 760 2680 Petrum
779 2645 1036 2684 Antiochenum
1054 2646 1280 2696 episcopum:
1317 2658 1420 2696 quae
1442 2644 1492 2681 ab
1518 2645 1752 2695 imperatore

318 2695 535 2731 vestiarius
553 2705 717 2747 accepta
736 2699 937 2748 rcfirehat.
993 2702 1135 2739 Graece
1151 2703 1340 2752 scripserat
1360 2716 1380 2741 o
1372 2697 1626 2752 ““βεστιοῖριος.
1681 2699 1753 2738 Pe-

318 2752 399 2785 trus
422 2750 592 2789 diaconus
607 2753 773 2792 Chronici
795 2756 881 2792 Cass
867 2758 1000 2795 inens.
1018 2757 1041 2794 Ι.
1063 2756 1087 2796 4
1110 2770 1140 2794 c.
1158 2759 1229 2796 21:
1260 2755 1751 2807 Pandalplmsiesliariuae

319 2816 528 2854 exsurgens
551 2807 662 2844 dixit.
723 2810 913 2860 imperialis
944 2813 1131 2851 vestiarius
1163 2813 1261 2863 apud
1283 2813 1510 2851 Guilielmum
1528 2812 1677 2861 Tyrium
1704 2811 1752 2848 de
