1916 3210
381 219 479 266 612
687 246 692 251 -
850 210 1083 256 GEORGII
1115 209 1357 254 CEDRENI

384 331 496 380 ἔτους
515 322 702 382 βιώσασα
721 321 946 379 ἧβασιλίς,
979 323 1046 366 καὶ
1063 321 1151 380 περὶ
1166 321 1220 364 τὰ
1242 321 1334 376 τέλη
1350 322 1424 365 τοῦ
1439 318 1679 378 Αὐγούστου
1697 319 1824 378 μηνὸς

335 407 364 440 Β
388 403 458 453 τῆς
478 396 602 449 αὐτῆς
619 394 861 442 ἷνὸικτιῶνος
881 393 992 449 εἶλεῷ
1011 388 1207 445 νοσήματι
1227 393 1494 447 περιπεσοῦσα
1508 389 1723 437 ἀπέθανεν.

522 463 575 506 Οἳ
596 461 640 503 δὲ
658 458 807 514 ταύτης
836 459 1015 513 εὐνοῦχοι
1042 458 1116 502 σὺν
1145 462 1203 516 τῷ
1229 458 1429 516 συγκίλλῳ
1446 457 1600 501 Λέοντι
1621 454 1823 515 ἀναβιβά-

384 537 517 587 ζουσιν
543 532 599 580 εἷς
622 528 692 571 τὸν
717 532 789 582 τῆς
805 528 1014 582 βασιλίδος
1033 525 1198 584 θρόνον,
1232 525 1290 569 ἔτι
1306 524 1645 584 ψυχορραγούσης
1663 516 1822 582 ἐκείνης,

383 598 561 654 Μιχαὴλ
590 596 796 653 πατρίκιον
828 594 897 638 τὸν
930 592 1236 652 Στρατιωτικόν,
1278 593 1496 651 ἄνθρωπον
1525 594 1569 637 ἐκ
1592 591 1855 646 ,Bvcm'vloff

381 670 454 724 μὲν
478 663 725 724 ὁρμώμενον,
759 662 893 722 ἀφελῆ
913 664 957 706 δὲ
977 664 1042 706 καὶ
1063 663 1267 705 ἄποίκιλον
1286 664 1353 704 καὶ
1370 659 1509 717 μόνοις
1526 667 1611 712 τοῖς
1629 658 1826 720 στρατιωέ-

382 741 506 786 τικοΐς
532 735 574 776 ἐκ
601 733 757 775 παίδων
786 731 1123 787 ἀπασχοληθέντα
1155 732 1220 773 καὶ
1251 730 1368 773 πλέον
1397 729 1496 772 ἄλλο
1527 727 1661 773 εἰδότα
1686 729 1826 785 μηδέν,

383 807 451 848 καὶ
475 801 556 858 ἤδη
582 797 847 857 παρηβηκότα
875 801 942 842 καὶ
968 803 1039 854 τῆς
1066 802 1332 856 πρεσβυτικῆς
1360 795 1570 853 ἁψάμενον
1589 795 1767 854 ἡλικίας,
1797 790 1827 854 ᾗ

383 874 460 916 τινὶ
489 869 708 927 συμφέρειν
735 869 808 923 τὴν
838 865 1150 924 ἀπραγμοσύνην
1169 867 1398 923 Ἀρχίλοχος
1425 864 1447 908 ὅ
1473 865 1640 922 ποιητὴς
1667 862 1828 923 ἀπεφή-

383 957 495 984 νατο.
561 942 678 980 τοῦτο
702 937 746 978 δὲ
765 934 1036 990 πεποιήκασιν,
1066 937 1136 978 ‘lna
1161 940 1299 996 σχῆμα
1321 933 1445 990 μόνον
1463 936 1531 977 καὶ
1551 933 1679 988 ὄνομα
1705 931 1827 983 αὐτὸς
1837 939 1881 974 10

383 1009 455 1065 ἔχη
473 1010 544 1061 τῆς
562 1005 790 1059 βασιλείας,
824 1003 938 1047 αὐτοὶ
968 1004 1012 1046 δὲ
1045 1001 1278 1058 διεξάγωσιν
1307 1001 1362 1053 ὥς
1388 1000 1604 1056 βούλονται
1628 1001 1680 1045 τὰ
1713 999 1827 1044 κοινοὶ

383 1078 450 1120 καὶ
475 1072 635 1117 πάντων
655 1071 879 1128 τυγχάνωσι
897 1070 1048 1128 κύριοι,
1082 1071 1382 1126 ἐπομοσαμένου
1403 1068 1598 1129 πρότερον
1613 1071 1681 1113 καὶ
1700 1069 1826 1112 αὗτοῦ

331 1152 363 1187 O
385 1144 510 1201 μηδέν
530 1159 568 1184 τι
587 1141 742 1198 πρᾶξαί
758 1157 854 1192 ποτε
873 1144 945 1195 τῆς
971 1140 1126 1182 ἐκείνων
1155 1140 1249 1194 δίχα
1267 1137 1429 1195 γνώμης
1447 1155 1491 1182 τε
1516 1140 1583 1181 καὶ
1607 1135 1827 1193 θελήσεως.

515 1209 849 1266 ’Λναρρηθέντος
873 1209 917 1250 δὲ
942 1212 1014 1250 τοῦ
1034 1207 1207 1262 Μιχαὴλ
1235 1205 1531 1264 αὐτοκράτορος
1549 1205 1654 1250 κατὰ
1669 1205 1742 1260 τὴν
1759 1202 1825 1247 λα’

382 1279 538 1336 ἡμέραν
566 1282 640 1321 τοῦ
656 1274 898 1333 Αὐγούστου
924 1273 1071 1331 μηνός,
1115 1280 1188 1331 τῆς
1212 1273 1258 1318 θ’
1285 1272 1570 1330 ἐπινεμήσεως,
1607 1271 1827 1323 Θεοδόσιος
1838 1277 1881 1312 15

382 1346 579 1403 πρόεδρος
609 1343 631 1387 ὅ
662 1349 733 1388 τοῦ
769 1345 1055 1402 πατραδέλφου
1090 1348 1162 1387 τοῦ
1191 1343 1391 1397 βασιλέως
1422 1342 1726 1386 Κωνσταντίνου
1753 1344 1828 1384 τοῦ

384 1412 640 1468 Μονομάχου
669 1411 779 1464 υἱός,
813 1411 1042 1466 πυθόμενος
1064 1412 1138 1466 τὴν
1166 1410 1385 1469 ἀνάρρησιν
1416 1412 1484 1453 καὶ
1513 1407 1827 1464 δεινοπαθήσας,

383 1486 451 1525 καὶ
466 1482 524 1537 μὴ
546 1479 863 1535 βουλευσάμενος
881 1481 985 1535 μηδὲ
1003 1478 1260 1535 λογισάμενος
1281 1479 1354 1534 τὴν
1370 1483 1443 1522 τοῦ
1462 1477 1581 1536 ἴργου
1595 1478 1827 1534 ὃυσχερείαν

385 1553 452 1593 καὶ
474 1548 694 1600 ἀπότευξιν,
727 1548 828 1603 μηὸ’
862 1547 946 1590 οἷον
976 1546 1100 1601 κύβον
1127 1548 1261 1602 μέλλει
1291 1547 1557 1603 ἀναρριπτεῖν,
1601 1543 1827 1602 ἀνειληφὼς

384 1618 479 1668 τοὺς
496 1619 702 1672 οῗκογενεῖς
719 1617 786 1658 καὶ
807 1614 979 1666 δούλους
997 1617 1062 1658 καὶ
1080 1615 1175 1664 τοὺς
1195 1614 1326 1664 ἄλλως
1344 1613 1686 1669 ὖπηρετουμένους
1700 1613 1823 1670 αὐτῷ,
1834 1619 1881 1654 20

383 1684 556 1735 πολλοὺς
582 1685 627 1726 δὲ
657 1686 725 1726 καὶ
751 1688 829 1726 τῶν
851 1681 1033 1739 γειτόνων
1057 1684 1128 1726 καί
1151 1699 1263 1732 τινας
1290 1686 1369 1724 τῶν
1395 1681 1600 1737 συνήθων,
1633 1679 1722 1724 ὅσοι
1750 1697 1824 1736 περ

382 1749 486 1809 ἦσαν
514 1752 589 1803 τὰς
619 1751 768 1809 φρένας
798 1748 1035 1809 κουφότεροι
1042 1782 1057 1803 ,
1114 1749 1218 1808 ἄρας
1247 1752 1336 1807 περὶ
1369 1751 1501 1806 δείλην
1527 1749 1652 1806 ὀψίαν
1681 1749 1724 1792 ἐκ
1753 1752 1826 1804 τῆς

471 1905 495 1940 2
518 1903 618 1938 ἱλεοῦ
640 1902 671 1937 C
844 1906 925 1949 post
944 1900 1136 1937 ἀπέθανεν
1158 1901 1208 1937 C:
1230 1898 1325 1937 κατὰ
1346 1899 1417 1946 τὴν
1438 1900 1494 1935 λα’
1517 1900 1588 1935 τοῦ
1608 1896 1823 1944 Αὐγούστου

471 1948 607 1994 μηνός,
630 1948 698 1991 τῆς
719 1945 760 1982 θ’
782 1945 1028 1990 ἰνδικτιῶνος,
1049 1947 1118 1982 τοῦ
1144 1945 1255 1996 ,ςφξέ
1279 1945 1394 1990 ἔτους,
1416 1944 1664 1993 βασιλεύσασα
1686 1943 1767 1985 ἔτος
1779 1943 1824 1979 ἓν

471 1995 592 2039 μῆνας
622 1991 650 2035 ζ’
679 1990 818 2036 ἡμέρας
849 1993 893 2029 κ’.
1052 1995 1073 2028 8
1096 1990 1362 2038 παρηκμακότας
1385 1993 1415 2027 C
1573 1992 1597 2027 9
1622 1988 1642 2026 ὁ
1666 1989 1825 2036 ποιητὴς

473 2037 664 2085 ἄρχίλοχος
687 2037 797 2083 ἔφησε
820 2041 850 2074 C
989 2040 1032 2075 19
1053 2035 1270 2083 ἀναρριπτεῖν
1293 2039 1324 2073 C
1459 2037 1506 2073 22
1525 2033 1673 2085 γναῖμας
1693 2036 1724 2070 C

381 2173 471 2210 6564
495 2173 643 2210 vixisset
662 2174 870 2220 Theodora,
893 2176 958 2211 sub
981 2173 1110 2210 exitum
1131 2173 1281 2219 Augusti
1296 2172 1423 2209 mensis
1443 2172 1597 2209 eiusdem
1613 2170 1696 2208 anui
1709 2170 1824 2207 tenuis

382 2220 539 2256 intestini
560 2221 677 2255 morbo
702 2226 825 2255 necata
848 2227 916 2256 est.
1541 2228 1546 2238 ‘

471 2266 632 2301 Eunuchi
656 2271 768 2301 autem
790 2267 900 2311 ipsius
923 2268 960 2300 et
978 2265 1051 2300 Leo
1074 2265 1248 2310 syncellus
1268 2264 1509 2310 imperatorem
1528 2263 1723 2309 declarant,
1746 2261 1825 2308 ipsa

383 2310 564 2346 etiamnum
588 2311 733 2347 animam
753 2317 900 2357 agente,
935 2311 1142 2346 Michaelum
1173 2310 1432 2354 Stratioticum‚
1462 2310 1632 2344 hominem
1661 2307 1825 2353 Byzantii

383 2361 513 2401 natum,
536 2357 724 2404 simplicem
746 2363 849 2403 atque
872 2358 1074 2402 innocuum,
1097 2362 1134 2391 et
1156 2368 1177 2392 a
1201 2367 1307 2403 puero
1329 2355 1366 2390 in
1381 2355 1480 2390 bellis
1494 2360 1625 2390 tantum
1635 2359 1824 2399 versatum,

343 2425 348 2431 -
382 2402 577 2447 nulliusque
597 2408 779 2448 praeterea
801 2403 854 2437 rei
876 2410 1017 2448 gnarum
1030 2429 1040 2447 ‚
1072 2403 1209 2448 iamque
1238 2406 1355 2437 aetate
1383 2401 1427 2435 ad
1449 2406 1633 2435 senectam·
1647 2404 1823 2445 provecta,

382 2447 439 2481 cui
462 2448 566 2483 otium
591 2449 719 2494 optime
740 2460 931 2494 congruere
953 2448 1176 2482 Archilochus
1198 2446 1449 2493 pronuntiavit.
1495 2446 1532 2481 id
1554 2451 1668 2481 autem
1681 2457 1724 2480 eo
1740 2457 1825 2480 cou-

381 2492 458 2526 silio
482 2494 660 2538 fecerunt,
693 2499 732 2529 ut
752 2494 811 2529 illo
837 2506 959 2529 nomen
988 2499 1026 2528 et
1048 2494 1200 2540 speciem
1220 2493 1358 2539 imperii
1379 2497 1522 2537 gerente
1544 2492 1622 2537 ipse
1642 2502 1706 2526 suo
1727 2490 1823 2525 arbi-

381 2543 474 2572 tratu
497 2551 568 2573 rem
593 2539 763 2584 publicam
785 2540 1064 2574 administrarent
1084 2539 1301 2584 omniumque
1315 2543 1522 2583 potestatem
1537 2548 1644 2584 penes
1659 2548 1698 2571 se
1714 2535 1822 2571 habe-

381 2587 478 2626 rent,
501 2584 613 2619 iurato
637 2586 733 2630 prius
753 2586 821 2620 isto
846 2585 932 2619 nihil
957 2597 996 2619 se
1015 2585 1102 2630 ipsis
1123 2585 1252 2619 nesciis
1270 2591 1330 2619 aut
1352 2583 1548 2618 nolentibus
1563 2587 1730 2618 acturum.

469 2629 671 2664 Declaratus
698 2635 751 2666 est
772 2631 962 2667 Michaelus
987 2631 1175 2676 imperator
1196 2630 1316 2664 ultima
1346 2629 1494 2673 Augusti
1525 2629 1602 2672 die,
1633 2627 1824 2662 indictione

382 2684 484 2707 nona.
516 2676 608 2719 quod
627 2676 685 2710 ubi
709 2676 876 2722 comperit
897 2676 1117 2711 Theodosius
1141 2687 1296 2720 praeses,
1319 2681 1445 2721 patruo
1466 2673 1687 2709 Monomachi
1708 2677 1820 2715 natus,

381 2719 572 2771 aegerrime
595 2720 685 2756 tulit.
732 2727 767 2757 et
789 2734 858 2756 non
881 2722 1098 2757 considerata
1117 2722 1170 2756 rei
1193 2732 1294 2767 quam
1317 2719 1584 2766 aggrediebatur
1604 2718 1822 2760 difficultate,

382 2768 418 2796 et
440 2775 476 2817 ¹¹}
499 2767 666 2810 quantum*
694 2778 732 2801 se
763 2768 876 2812 ipsum
908 2768 1093 2802 discrimen
1125 2767 1331 2810 adduceret,
1368 2765 1522 2801 collectis
1553 2765 1670 2799 vernis
1692 2763 1763 2798 suis
1788 2768 1824 2796 et

380 2819 490 2861 servis
521 2815 625 2855 atque
658 2811 846 2857 ministris,
880 2813 1062 2859 multisque
1095 2813 1199 2848 etiam
1222 2812 1412 2847 vicinorum
1435 2817 1470 2846 et
1491 2809 1729 2853 familiarium,
1763 2808 1824 2852 qui

380 2863 490 2889 ammo
514 2862 614 2891 erant
635 2856 783 2902 leviori,
815 2859 1015 2905 vespertino
1040 2858 1243 2905 crepusculo
1271 2859 1317 2894 ab
1346 2857 1489 2893 aedibus
1512 2857 1585 2892 suis
1615 2856 1703 2899 (cae
1725 2859 1825 2888 erant
